{"gold_per_floor":[113,263,263,5,23,23,54,69,69,69,98,98,131,150,150,223,223,237,162,162,22,38,67,98,145,181,207,232,273,86,97,97,174,174,184,231,1230,463,473,473,473,505,505,43,76,94,110,143,143,143,143,143,143,5,35,35],"floor_reached":57,"playtime":7816,"items_purged":["Doubt","Strike_R","Strike_R","Normality","Normality"],"score":3036,"play_id":"9c8f453b-d4a3-4903-b974-8f10a68ff74a","local_time":"20190808160434","is_ascension_mode":true,"campfire_choices":[{"data":"Apotheosis","floor":6.0,"key":"SMITH"},{"data":"Immolate","floor":10.0,"key":"SMITH"},{"data":"Feel No Pain","floor":12.0,"key":"SMITH"},{"data":"Metallicize","floor":15.0,"key":"SMITH"},{"data":"Inflame","floor":32.0,"key":"SMITH"},{"data":"Feel No Pain","floor":40.0,"key":"SMITH"},{"floor":49.0,"key":"RECALL"},{"data":"Demon Form","floor":53,"key":"SMITH"}],"neow_cost":"NONE","seed_source_timestamp":0,"circlet_count":0,"master_deck":["AscendersBane","Bash","Shrug It Off","Immolate+1","Bash","Apotheosis+1","Shockwave","Feel No Pain+1","Pommel Strike","Exhume","Exhume","Metallicize+1","Reaper","Burning Pact","Shrug It Off","Carnage","Ghostly Armor","Shockwave","Warcry","Uppercut","Sentinel","Burning Pact","Warcry","Inflame+1","Demon Form+1","Clothesline","Metallicize","Double Tap","Bloodletting","Body Slam","Sword Boomerang","Heavy Blade","Feel No Pain+1","Warcry","Shrug It Off","Pommel Strike","Shrug It Off","Entrench","Reaper","True Grit+1","Battle Trance","Warcry+1"],"special_seed":0,"relics":["Burning Blood","NeowsBlessing","Gremlin Horn","Centennial Puzzle","Mercury Hourglass","Blue Candle","Coffee Dripper","MawBank","Vajra","Calipers","Pandora\u0027s Box","Turnip","Magic Flower","PreservedInsect","Bottled Lightning","FossilizedHelix","Bottled Tornado","Mummified Hand","Bottled Flame","Oddly Smooth Stone"],"potions_floor_usage":[56,56,56],"damage_taken":[{"damage":0.0,"enemies":"2 Louse","floor":1.0,"turns":2.0},{"damage":0.0,"enemies":"Small Slimes","floor":5.0,"turns":1.0},{"damage":0.0,"enemies":"Lagavulin","floor":7.0,"turns":1.0},{"damage":2.0,"enemies":"Cultist","floor":8.0,"turns":4.0},{"damage":8.0,"enemies":"Gremlin Nob","floor":11.0,"turns":3.0},{"damage":7.0,"enemies":"Lagavulin","floor":13.0,"turns":4.0},{"damage":0.0,"enemies":"3 Louse","floor":14.0,"turns":2.0},{"damage":13.0,"enemies":"Slime Boss","floor":16.0,"turns":8.0},{"damage":0.0,"enemies":"Chosen","floor":18.0,"turns":5.0},{"damage":1.0,"enemies":"3 Byrds","floor":22.0,"turns":3.0},{"damage":10.0,"enemies":"Book of Stabbing","floor":23.0,"turns":6.0},{"damage":7.0,"enemies":"Cultist and Chosen","floor":24.0,"turns":6.0},{"damage":5.0,"enemies":"Gremlin Leader","floor":25.0,"turns":7.0},{"damage":6.0,"enemies":"Snake Plant","floor":27.0,"turns":3.0},{"damage":0.0,"enemies":"3 Cultists","floor":28.0,"turns":3.0},{"damage":7.0,"enemies":"Book of Stabbing","floor":29.0,"turns":7.0},{"damage":4.0,"enemies":"Shelled Parasite and Fungi","floor":31.0,"turns":6.0},{"damage":48.0,"enemies":"Champ","floor":33.0,"turns":17.0},{"damage":0.0,"enemies":"3 Shapes","floor":35.0,"turns":1.0},{"damage":44.0,"enemies":"2 Orb Walkers","floor":36.0,"turns":4.0},{"damage":15.0,"enemies":"Orb Walker","floor":39.0,"turns":5.0},{"damage":5.0,"enemies":"Reptomancer","floor":42.0,"turns":6.0},{"damage":0.0,"enemies":"Nemesis","floor":45.0,"turns":5.0},{"damage":11.0,"enemies":"4 Shapes","floor":46.0,"turns":3.0},{"damage":29.0,"enemies":"Jaw Worm Horde","floor":47.0,"turns":3.0},{"damage":0.0,"enemies":"Giant Head","floor":48.0,"turns":5.0},{"damage":40,"enemies":"Awakened One","floor":50,"turns":10},{"damage":28,"enemies":"Donu and Deca","floor":51,"turns":8},{"damage":53,"enemies":"Shield and Spear","floor":55,"turns":6},{"damage":22,"enemies":"The Heart","floor":56,"turns":6}],"seed_played":"-7131464297867814405","potions_obtained":[{"floor":5.0,"key":"AttackPotion"},{"floor":11.0,"key":"Dexterity Potion"},{"floor":13.0,"key":"EntropicBrew"},{"floor":33.0,"key":"Swift Potion"},{"floor":36.0,"key":"BloodPotion"}],"is_trial":false,"path_per_floor":["M","?","?","$","M","R","E","M","T","R","E","R","E","M","R","B",null,"M","?","?","$","M","E","M","E","T","M","M","E","$","M","R","B",null,"M","?","?","$","M","R","?","E","T","$","E","M","M","E","R","B","B",null,"R","$","E","B",null],"character_chosen":"IRONCLAD","items_purchased":["Apotheosis","Carnage","Inflame","Magic Flower","Warcry","PreservedInsect","Shrug It Off","Pommel Strike","Bottled Tornado","Battle Trance","PowerPotion"],"campfire_rested":0,"item_purchase_floors":[4,21,30,38,38,38,38,38,44,54,54],"current_hp_per_floor":[74,74,74,74,75,75,75,75,75,75,73,73,72,75,75,68,73,75,75,75,75,75,71,75,75,75,75,75,74,74,75,75,38,66,72,34,34,34,53,53,53,75,75,75,75,75,75,75,75,75,75,75,75,75,75,75],"gold":35,"neow_bonus":"THREE_ENEMY_KILL","is_prod":false,"is_daily":false,"chose_seed":false,"campfire_upgraded":7,"win_rate":0,"timestamp":1565305474,"path_taken":["M","?","?","$","M","R","E","M","T","R","E","R","E","M","R","BOSS","M","?","?","?","M","E","M","E","T","?","M","E","?","M","R","BOSS","M","?","?","$","M","R","?","E","T","$","E","M","?","E","R","BOSS","BOSS","R","$","E","BOSS"],"build_version":"2019-07-17","purchased_purges":5,"victory":true,"max_hp_per_floor":[75,75,75,75,75,75,75,75,75,75,75,75,75,75,75,75,75,75,75,75,75,75,75,75,75,75,75,75,75,75,75,75,75,75,75,75,75,75,75,75,75,75,75,75,75,75,75,75,75,75,75,75,75,75,75,75],"card_choices":[{"not_picked":["Dropkick","Disarm"],"picked":"Shrug It Off","floor":1.0},{"not_picked":["Sever Soul","Warcry"],"picked":"Shockwave","floor":5.0},{"not_picked":["Bloodletting","Twin Strike"],"picked":"Feel No Pain","floor":7.0},{"not_picked":["True Grit","Cleave"],"picked":"Pommel Strike","floor":8.0},{"not_picked":["Wild Strike","Searing Blow"],"picked":"Exhume","floor":11.0},{"not_picked":["Hemokinesis","Whirlwind"],"picked":"Exhume","floor":13.0},{"not_picked":["Clothesline","Intimidate"],"picked":"Metallicize","floor":14.0},{"not_picked":["Offering","Double Tap"],"picked":"Reaper","floor":16.0},{"not_picked":["Cleave","Hemokinesis"],"picked":"Burning Pact","floor":18.0},{"not_picked":["Hemokinesis","Twin Strike"],"picked":"Ghostly Armor","floor":22.0},{"not_picked":["Heavy Blade+1","Armaments"],"picked":"Shockwave","floor":23.0},{"not_picked":["Flex","Sword Boomerang"],"picked":"Warcry","floor":24.0},{"not_picked":["Sever Soul","Clothesline+1"],"picked":"Uppercut","floor":25.0},{"not_picked":["Rage","Flex"],"picked":"Sentinel","floor":27.0},{"not_picked":["Havoc","Perfected Strike"],"picked":"Burning Pact","floor":28.0},{"not_picked":["Cleave","Pummel"],"picked":"Warcry","floor":29.0},{"not_picked":["Shockwave","Cleave","Wild Strike"],"picked":"SKIP","floor":31.0},{"not_picked":["Limit Break","Offering"],"picked":"Demon Form","floor":33.0},{"not_picked":["Thunderclap","Hemokinesis+1"],"picked":"Heavy Blade","floor":35.0},{"not_picked":["Spot Weakness+1","Shrug It Off"],"picked":"Feel No Pain","floor":36.0},{"not_picked":["Armaments+1","Wild Strike","Perfected Strike+1"],"picked":"SKIP","floor":39.0},{"not_picked":["Shrug It Off","Perfected Strike"],"picked":"Entrench","floor":42.0},{"not_picked":["Rupture","Hemokinesis"],"picked":"Reaper","floor":45.0},{"not_picked":["Clothesline","Clash+1","Heavy Blade"],"picked":"SKIP","floor":46.0},{"not_picked":["Pommel Strike","Shockwave","Shrug It Off"],"picked":"SKIP","floor":47.0},{"not_picked":["Shrug It Off","Cleave"],"picked":"True Grit+1","floor":48.0},{"not_picked":["Dropkick","Battle Trance"],"picked":"Warcry+1","floor":55}],"player_experience":1311639,"relics_obtained":[{"floor":7.0,"key":"Gremlin Horn"},{"floor":9.0,"key":"Centennial Puzzle"},{"floor":11.0,"key":"Mercury Hourglass"},{"floor":13.0,"key":"Blue Candle"},{"floor":23.0,"key":"MawBank"},{"floor":25.0,"key":"Vajra"},{"floor":29.0,"key":"Calipers"},{"floor":36.0,"key":"Turnip"},{"floor":42.0,"key":"Bottled Lightning"},{"floor":43.0,"key":"FossilizedHelix"},{"floor":45.0,"key":"Mummified Hand"},{"floor":48.0,"key":"Bottled Flame"},{"floor":55,"key":"Oddly Smooth Stone"}],"event_choices":[{"damage_healed":0.0,"max_hp_gain":0.0,"max_hp_loss":0.0,"gold_gain":150.0,"event_name":"Liars Game","player_choice":"AGREE","floor":2.0,"gold_loss":0.0,"damage_taken":0.0,"cards_obtained":["Doubt"]},{"damage_healed":0.0,"max_hp_gain":0.0,"max_hp_loss":0.0,"gold_gain":0.0,"event_name":"Match and Keep!","player_choice":"2 cards matched","floor":3.0,"gold_loss":0.0,"damage_taken":0.0,"cards_obtained":["Immolate","Bash"]},{"cards_removed":["Strike_R"],"damage_healed":0.0,"max_hp_gain":0.0,"max_hp_loss":0.0,"gold_gain":0.0,"event_name":"Beggar","player_choice":"Gave Gold","floor":19.0,"gold_loss":75.0,"damage_taken":0.0},{"damage_healed":0.0,"max_hp_gain":0.0,"max_hp_loss":0.0,"gold_gain":0.0,"event_name":"The Library","player_choice":"Read","floor":20.0,"gold_loss":0.0,"damage_taken":0.0,"cards_obtained":["Shrug It Off"]},{"damage_healed":0.0,"max_hp_gain":0.0,"max_hp_loss":0.0,"gold_gain":0.0,"event_name":"Mysterious Sphere","player_choice":"Fight","floor":36.0,"gold_loss":0.0,"damage_taken":0.0},{"damage_healed":0.0,"max_hp_gain":0.0,"max_hp_loss":0.0,"gold_gain":999.0,"event_name":"MindBloom","player_choice":"Gold","floor":37.0,"gold_loss":0.0,"damage_taken":0.0,"cards_obtained":["Normality","Normality"]},{"damage_healed":0.0,"max_hp_gain":0.0,"max_hp_loss":0.0,"gold_gain":0.0,"event_name":"Match and Keep!","player_choice":"1 cards matched","floor":41.0,"gold_loss":0.0,"damage_taken":0.0,"cards_obtained":["Shrug It Off"]}],"is_beta":false,"boss_relics":[{"not_picked":["Velvet Choker","Black Star"],"picked":"Coffee Dripper"},{"not_picked":["Runic Dome","Empty Cage"],"picked":"Pandora\u0027s Box"}],"items_purged_floors":[4,21,30,38,44],"is_endless":false,"potions_floor_spawned":[5,11,13,16,23,27,29,31,33,36,39,46,47,55],"ascension_level":20}