{"gold_per_floor":[113,113,126,136,150,150,183,200,200,200,220,251,269,285,285,356,356,368,368,382,409,409,409,409],"floor_reached":24,"playtime":622,"items_purged":[],"score":445,"play_id":"46c8406a-54d3-4ffa-9ac4-8883201d09ff","local_time":"20190804022022","is_ascension_mode":true,"campfire_choices":[{"data":"Zap","floor":6.0,"key":"SMITH"},{"data":"Loop","floor":10.0,"key":"SMITH"},{"data":"Creative AI","floor":15,"key":"SMITH"},{"data":"Coolheaded","floor":23,"key":"SMITH"}],"neow_cost":"NONE","seed_source_timestamp":50608820495361,"circlet_count":0,"master_deck":["AscendersBane","Defend_B","Defend_B","Defend_B","Defend_B","Zap+1","Dualcast","Melter","Ball Lightning","Ball Lightning","Seek","Loop+1","Coolheaded+1","Cold Snap","Creative AI+1","Auto Shields","BootSequence","Electrodynamics","Go for the Eyes+1","Meteor Strike+1","Static Discharge+1","Bite","Bite","Bite","Bite","Auto Shields+1"],"special_seed":0,"relics":["Cracked Core","Meat on the Bone","Pantograph","Bottled Tornado","Astrolabe","Red Mask"],"potions_floor_usage":[13,24,24],"damage_taken":[{"damage":2.0,"enemies":"Jaw Worm","floor":1.0,"turns":3.0},{"damage":1.0,"enemies":"Cultist","floor":3.0,"turns":4.0},{"damage":0.0,"enemies":"Small Slimes","floor":4.0,"turns":2.0},{"damage":11.0,"enemies":"3 Louse","floor":5.0,"turns":2.0},{"damage":32.0,"enemies":"Gremlin Nob","floor":7.0,"turns":4.0},{"damage":9.0,"enemies":"2 Fungi Beasts","floor":8.0,"turns":2.0},{"damage":20.0,"enemies":"Large Slime","floor":11.0,"turns":5.0},{"damage":14.0,"enemies":"Lagavulin","floor":12.0,"turns":7.0},{"damage":0,"enemies":"Gremlin Gang","floor":13,"turns":4},{"damage":12,"enemies":"2 Fungi Beasts","floor":14,"turns":3},{"damage":36,"enemies":"Hexaghost","floor":16,"turns":8},{"damage":6,"enemies":"Chosen","floor":18,"turns":4},{"damage":42,"enemies":"Spheric Guardian","floor":20,"turns":6},{"damage":17,"enemies":"Masked Bandits","floor":21,"turns":3},{"damage":34,"enemies":"Book of Stabbing","floor":24,"turns":3}],"seed_played":"4700935863284988477","potions_obtained":[{"floor":1.0,"key":"SpeedPotion"},{"floor":11.0,"key":"Fire Potion"},{"floor":12,"key":"Energy Potion"},{"floor":14,"key":"GamblersBrew"}],"is_trial":false,"path_per_floor":["M","?","M","M","M","R","E","M","T","R","M","E","M","M","R","B",null,"M","?","M","?","?","R","E"],"character_chosen":"DEFECT","items_purchased":[],"campfire_rested":0,"item_purchase_floors":[],"current_hp_per_floor":[62,81,80,80,69,69,37,40,40,40,32,30,42,42,42,43,72,66,56,34,29,29,29,0],"gold":409,"neow_bonus":"ONE_RANDOM_RARE_CARD","is_prod":false,"is_daily":false,"chose_seed":false,"campfire_upgraded":4,"win_rate":0,"timestamp":1564878022,"path_taken":["M","?","M","M","M","R","E","M","T","R","?","E","M","M","R","BOSS","M","?","M","?","?","R","E"],"build_version":"2019-07-18","purchased_purges":0,"victory":false,"max_hp_per_floor":[71,81,81,81,81,81,81,81,81,81,81,81,81,81,81,81,81,81,56,56,56,56,56,56],"card_choices":[{"not_picked":["Consume","Leap"],"picked":"Melter","floor":1.0},{"not_picked":["Capacitor","Tempest"],"picked":"Ball Lightning","floor":3.0},{"not_picked":["Streamline","Leap"],"picked":"Ball Lightning","floor":4.0},{"not_picked":["Streamline","Coolheaded"],"picked":"Seek","floor":5.0},{"not_picked":["Streamline","Stack"],"picked":"Loop","floor":7.0},{"not_picked":["Heatsinks","Beam Cell"],"picked":"Coolheaded","floor":8.0},{"not_picked":["Sweeping Beam","Conserve Battery"],"picked":"Cold Snap","floor":11.0},{"not_picked":["Chill","Hologram"],"picked":"Creative AI","floor":12},{"not_picked":["Melter","Streamline"],"picked":"Auto Shields","floor":13},{"not_picked":["Static Discharge","Ball Lightning"],"picked":"BootSequence","floor":14},{"not_picked":["All For One","Creative AI"],"picked":"Electrodynamics","floor":16},{"not_picked":["Barrage","Chaos","Go for the Eyes"],"picked":"SKIP","floor":18},{"not_picked":["Leap","Streamline","Stack"],"picked":"SKIP","floor":20},{"not_picked":["Stack","Rebound"],"picked":"Auto Shields+1","floor":21}],"player_experience":1956705,"relics_obtained":[{"floor":7.0,"key":"Meat on the Bone"},{"floor":9.0,"key":"Pantograph"},{"floor":12,"key":"Bottled Tornado"},{"floor":21,"key":"Red Mask"}],"event_choices":[{"cards_removed":["Rainbow"],"damage_healed":9.0,"max_hp_gain":10.0,"max_hp_loss":0.0,"gold_gain":0.0,"event_name":"Bonfire Elementals","player_choice":"Offered Rare","floor":2.0,"gold_loss":0.0,"damage_taken":0.0},{"damage_healed":0,"gold_gain":0,"player_choice":"Became a vampire","damage_taken":0,"max_hp_gain":0,"max_hp_loss":25,"event_name":"Vampires","floor":19,"gold_loss":0,"cards_obtained":["Bite","Bite","Bite","Bite","Bite"]},{"damage_healed":0,"gold_gain":0,"player_choice":"Fought Bandits","damage_taken":0,"max_hp_gain":0,"max_hp_loss":0,"event_name":"Masked Bandits","floor":21,"gold_loss":0},{"cards_removed":["Bite"],"damage_healed":0,"gold_gain":0,"player_choice":"Elegance","damage_taken":0,"max_hp_gain":0,"max_hp_loss":0,"event_name":"Back to Basics","floor":22,"gold_loss":0}],"is_beta":true,"boss_relics":[{"not_picked":["Fusion Hammer","White Beast Statue"],"picked":"Astrolabe"}],"items_purged_floors":[],"is_endless":false,"potions_floor_spawned":[1,11,12,14,20],"killed_by":"Book of Stabbing","ascension_level":20}