{"gold_per_floor":[119,119,119,38,53,84,84,102,102,102,142,163,187,74,74,164,164,189,189,207,228,143,143,193,247,247,262,262,287,287,287,287,377,377,392,292,625,153,0,0,34,34,34,69,69,86,101,116,116,116],"floor_reached":51,"playtime":5338,"items_purged":["Strike_G","Tools of the Trade","Tools of the Trade"],"score":1384,"play_id":"59cd7744-a5f0-4dba-bfa6-3312866d69e9","local_time":"20190806011350","is_ascension_mode":true,"campfire_choices":[{"data":"Neutralize","floor":7.0,"key":"SMITH"},{"data":"Burst","floor":10.0,"key":"SMITH"},{"data":"Dodge and Roll","floor":15.0,"key":"SMITH"},{"data":"Footwork","floor":23.0,"key":"SMITH"},{"data":"Footwork","floor":28.0,"key":"SMITH"},{"data":"Bullet Time","floor":30.0,"key":"SMITH"},{"data":"Bullet Time","floor":32.0,"key":"SMITH"},{"floor":42.0,"key":"REST"},{"floor":45.0,"key":"REST"},{"floor":49.0,"key":"REST"}],"neow_cost":"NONE","seed_source_timestamp":1790979103400,"circlet_count":0,"master_deck":["AscendersBane","Survivor","Neutralize+1","PiercingWail","Footwork+1","Footwork+1","Burst+1","Backflip","Corpse Explosion","Dodge and Roll+1","Deadly Poison","Predator+1","Night Terror","Unload+1","Outmaneuver","Crippling Poison","Bullet Time+1","Bullet Time+1","Finisher+1","Dash+1","After Image","Dodge and Roll","Phantasmal Killer","Calculated Gamble+1","Dodge and Roll+1","Dodge and Roll+1"],"special_seed":0,"relics":["Ring of the Snake","NeowsBlessing","Spirit Poop","Ninja Scroll","Molten Egg 2","Bag of Marbles","Pandora\u0027s Box","Sundial","Blood Vial","Paper Crane","Cursed Key","Toy Ornithopter","Red Mask","Pen Nib","Bottled Flame"],"potions_floor_usage":[50],"damage_taken":[{"damage":0.0,"enemies":"Jaw Worm","floor":1.0,"turns":1.0},{"damage":0.0,"enemies":"2 Louse","floor":5.0,"turns":1.0},{"damage":0.0,"enemies":"Gremlin Nob","floor":6.0,"turns":1.0},{"damage":0.0,"enemies":"Cultist","floor":8.0,"turns":5.0},{"damage":25.0,"enemies":"Lagavulin","floor":11.0,"turns":8.0},{"damage":8.0,"enemies":"Large Slime","floor":12.0,"turns":8.0},{"damage":0.0,"enemies":"2 Fungi Beasts","floor":13.0,"turns":2.0},{"damage":12.0,"enemies":"Hexaghost","floor":16.0,"turns":11.0},{"damage":0.0,"enemies":"3 Byrds","floor":18.0,"turns":2.0},{"damage":1.0,"enemies":"Spheric Guardian","floor":20.0,"turns":4.0},{"damage":14.0,"enemies":"Snecko","floor":21.0,"turns":4.0},{"damage":0.0,"enemies":"Cultist and Chosen","floor":27.0,"turns":6.0},{"damage":0.0,"enemies":"3 Cultists","floor":29.0,"turns":3.0},{"damage":0.0,"enemies":"Automaton","floor":33.0,"turns":10.0},{"damage":18.0,"enemies":"3 Darklings","floor":35.0,"turns":3.0},{"damage":15.0,"enemies":"Giant Head","floor":41.0,"turns":10.0},{"damage":15.0,"enemies":"Nemesis","floor":44.0,"turns":7.0},{"damage":4.0,"enemies":"3 Shapes","floor":46.0,"turns":1.0},{"damage":0.0,"enemies":"Jaw Worm Horde","floor":47.0,"turns":2.0},{"damage":18.0,"enemies":"Writhing Mass","floor":48.0,"turns":8.0},{"damage":49,"enemies":"Donu and Deca","floor":50,"turns":10}],"seed_played":"5074835859591579122","potions_obtained":[{"floor":5.0,"key":"Ancient Potion"},{"floor":8.0,"key":"SteroidPotion"},{"floor":18.0,"key":"FairyPotion"},{"floor":29.0,"key":"SpeedPotion"},{"floor":41.0,"key":"Poison Potion"},{"floor":44.0,"key":"SteroidPotion"}],"is_trial":false,"path_per_floor":["M","?","?","$","M","E","R","M","T","R","E","M","M","$","R","B",null,"M","$","M","M","?","R","?","T","T","M","R","M","R","?","R","B",null,"M","$","?","$","?","?","E","R","T","E","R","M","M","M","R","B",null],"character_chosen":"THE_SILENT","items_purchased":["Footwork","Predator+1","Phantasmal Killer","Toy Ornithopter"],"campfire_rested":3,"item_purchase_floors":[4,14,38,38],"current_hp_per_floor":[59,59,59,59,59,59,59,59,59,59,34,26,26,26,26,14,53,53,53,52,38,38,38,38,38,38,40,40,42,42,42,42,44,61,45,45,45,45,45,45,32,51,51,38,57,55,57,41,60,17],"gold":116,"neow_bonus":"THREE_ENEMY_KILL","is_prod":false,"is_daily":false,"chose_seed":false,"campfire_upgraded":7,"win_rate":0,"timestamp":1565079230,"path_taken":["M","?","?","$","?","E","R","M","T","R","E","M","M","$","R","BOSS","M","$","M","M","?","R","?","?","T","M","R","?","R","?","R","BOSS","M","$","?","$","?","?","E","R","T","E","R","M","M","M","R","BOSS"],"build_version":"2019-07-18","purchased_purges":3,"victory":true,"max_hp_per_floor":[66,66,66,66,66,66,66,66,66,66,66,66,66,66,66,66,66,66,66,66,66,66,66,66,66,66,66,66,66,66,66,66,66,66,66,66,66,66,66,66,66,66,66,66,66,66,66,66,66,66],"card_choices":[{"not_picked":["Flying Knee","Dodge and Roll"],"picked":"PiercingWail","floor":1.0},{"not_picked":["Deadly Poison","Dodge and Roll"],"picked":"Footwork","floor":5.0},{"not_picked":["Sucker Punch","Expertise"],"picked":"Burst","floor":6.0},{"not_picked":["Acrobatics","Flechettes"],"picked":"Backflip","floor":8.0},{"not_picked":["Predator+1","Deadly Poison"],"picked":"Corpse Explosion","floor":11.0},{"not_picked":["Endless Agony+1","Bouncing Flask"],"picked":"Dodge and Roll","floor":12.0},{"not_picked":["Flechettes+1","Deflect"],"picked":"Deadly Poison","floor":13.0},{"not_picked":["Malaise","Corpse Explosion"],"picked":"Night Terror","floor":16.0},{"not_picked":["Deadly Poison+1","Underhanded Strike+1","Dagger Throw+1"],"picked":"SKIP","floor":18.0},{"not_picked":["Deadly Poison","Underhanded Strike+1","Riddle With Holes+1"],"picked":"SKIP","floor":20.0},{"not_picked":["Crippling Poison","Endless Agony+1","Distraction"],"picked":"SKIP","floor":21.0},{"not_picked":["Dagger Throw+1","Underhanded Strike+1","Prepared"],"picked":"SKIP","floor":27.0},{"not_picked":["Underhanded Strike+1","Outmaneuver","Poisoned Stab+1"],"picked":"SKIP","floor":29.0},{"not_picked":["Phantasmal Killer","Tools of the Trade"],"picked":"After Image","floor":33.0},{"not_picked":["Concentrate","Crippling Poison"],"picked":"Dodge and Roll","floor":35.0},{"not_picked":["Unload+1","Flying Knee+1"],"picked":"Calculated Gamble+1","floor":41.0},{"not_picked":["Footwork","Reflex+1","Slice+1"],"picked":"SKIP","floor":44.0},{"not_picked":["Poisoned Stab+1","Deadly Poison"],"picked":"Dodge and Roll+1","floor":46.0},{"not_picked":["Deadly Poison+1","Prepared+1","Slice+1"],"picked":"SKIP","floor":47.0},{"not_picked":["Slice+1","Tactician"],"picked":"Dodge and Roll+1","floor":48.0}],"player_experience":379772,"relics_obtained":[{"floor":6.0,"key":"Ninja Scroll"},{"floor":9.0,"key":"Molten Egg 2"},{"floor":11.0,"key":"Bag of Marbles"},{"floor":25.0,"key":"Blood Vial"},{"floor":26.0,"key":"Paper Crane"},{"floor":41.0,"key":"Pen Nib"},{"floor":44.0,"key":"Bottled Flame"}],"event_choices":[{"damage_healed":0.0,"max_hp_gain":0.0,"max_hp_loss":0.0,"gold_gain":0.0,"event_name":"Golden Idol","player_choice":"Take Wound","floor":2.0,"gold_loss":0.0,"damage_taken":0.0,"relics_obtained":["Golden Idol"],"cards_obtained":["Injury"]},{"cards_removed":["Injury"],"damage_healed":0.0,"max_hp_gain":0.0,"max_hp_loss":0.0,"gold_gain":0.0,"event_name":"Bonfire Elementals","player_choice":"Offered Curse","floor":3.0,"gold_loss":0.0,"damage_taken":0.0,"relics_obtained":["Spirit Poop"]},{"damage_healed":0.0,"max_hp_gain":0.0,"max_hp_loss":0.0,"gold_gain":0.0,"event_name":"Addict","player_choice":"Obtained Relic","floor":22.0,"gold_loss":85.0,"damage_taken":0.0,"relics_obtained":["Sundial"]},{"damage_healed":0.0,"max_hp_gain":0.0,"max_hp_loss":0.0,"gold_gain":50.0,"event_name":"Nest","player_choice":"Stole From Cult","floor":24.0,"gold_loss":0.0,"damage_taken":0.0},{"damage_healed":0.0,"max_hp_gain":0.0,"max_hp_loss":0.0,"gold_gain":0.0,"event_name":"Vampires","player_choice":"Ignored","floor":31.0,"gold_loss":0.0,"damage_taken":0.0},{"damage_healed":0.0,"max_hp_gain":0.0,"max_hp_loss":0.0,"gold_gain":333.0,"event_name":"The Moai Head","player_choice":"Gave Idol","floor":37.0,"relics_lost":["Golden Idol"],"gold_loss":0.0,"damage_taken":0.0},{"damage_healed":0.0,"max_hp_gain":0.0,"max_hp_loss":0.0,"gold_gain":0.0,"event_name":"Tomb of Lord Red Mask","player_choice":"Paid","floor":39.0,"gold_loss":153.0,"damage_taken":0.0,"relics_obtained":["Red Mask"]},{"damage_healed":0.0,"max_hp_gain":0.0,"max_hp_loss":0.0,"gold_gain":0.0,"event_name":"SensoryStone","player_choice":"Memory 1","floor":40.0,"gold_loss":0.0,"damage_taken":0.0}],"is_beta":true,"boss_relics":[{"not_picked":["Lizard Tail","Coffee Dripper"],"picked":"Pandora\u0027s Box"},{"not_picked":["Calling Bell","Orrery"],"picked":"Cursed Key"}],"items_purged_floors":[14,36,38],"is_endless":false,"potions_floor_spawned":[5,8,18,29,41,44],"ascension_level":15}