{"gold_per_floor":[119,130,147,147,147,147,176,176,176,176,209,227,257,218,218,291,291,308,325,0,0,50,83,97,127,172,217,217,217,267,27,27,105,105,115,1114,380,396,411,411,446,446,446,472,472,10,44,58,58,58],"floor_reached":50,"playtime":8327,"items_purged":["Strike_G","Strike_G","Normality","Normality"],"score":1314,"play_id":"b546764c-8e46-4169-853c-47cace99ca8b","local_time":"20190804220533","is_ascension_mode":true,"campfire_choices":[{"data":"Dagger Spray","floor":6.0,"key":"SMITH"},{"data":"After Image","floor":8.0,"key":"SMITH"},{"floor":10.0,"key":"REST"},{"floor":15.0,"key":"REST"},{"floor":28.0,"key":"REST"},{"data":"Neutralize","floor":32.0,"key":"SMITH"},{"floor":40.0,"key":"REST"},{"floor":42.0,"key":"REST"},{"floor":49.0,"key":"RECALL"}],"neow_cost":"NONE","seed_source_timestamp":236053202207600,"circlet_count":0,"master_deck":["AscendersBane","Survivor","Neutralize+1","Noxious Fumes+1","Blur","Dagger Spray+1","After Image+1","Bane","PiercingWail","Corpse Explosion","Deflect+1","Poisoned Stab","Tools of the Trade","Backflip","Blur","Dodge and Roll","Adrenaline","Backflip","All Out Attack","Tools of the Trade","Deadly Poison","Heel Hook","Dash","Corpse Explosion","Burst","Deflect","Flechettes","Deflect+1","Concentrate+1","Panacea+1","PanicButton+1","Secret Technique+1","Good Instincts+1","Reflex+1"],"special_seed":0,"relics":["Ring of the Snake","Dodecahedron","Turnip","Oddly Smooth Stone","Thread and Needle","Happy Flower","Black Star","Bronze Scales","PreservedInsect","Question Card","Pen Nib","Ancient Tea Set","Blood Vial","Pandora\u0027s Box","Lantern","Sling","Pear","Toxic Egg 2","Smiling Mask","Boot","Medical Kit","Darkstone Periapt","Regal Pillow"],"potions_floor_usage":[50,50],"damage_taken":[{"damage":7.0,"enemies":"Jaw Worm","floor":1.0,"turns":8.0},{"damage":3.0,"enemies":"Small Slimes","floor":2.0,"turns":4.0},{"damage":4.0,"enemies":"Cultist","floor":3.0,"turns":4.0},{"damage":24.0,"enemies":"Lagavulin","floor":7.0,"turns":9.0},{"damage":19.0,"enemies":"3 Sentries","floor":11.0,"turns":8.0},{"damage":6.0,"enemies":"Exordium Wildlife","floor":12.0,"turns":6.0},{"damage":9.0,"enemies":"Lagavulin","floor":13.0,"turns":10.0},{"damage":7.0,"enemies":"Slime Boss","floor":16.0,"turns":9.0},{"damage":8.0,"enemies":"Chosen","floor":18.0,"turns":7.0},{"damage":5.0,"enemies":"Spheric Guardian","floor":19.0,"turns":5.0},{"damage":6.0,"enemies":"Book of Stabbing","floor":23.0,"turns":7.0},{"damage":4.0,"enemies":"Centurion and Healer","floor":24.0,"turns":7.0},{"damage":22.0,"enemies":"Gremlin Leader","floor":25.0,"turns":6.0},{"damage":0.0,"enemies":"Collector","floor":33.0,"turns":11.0},{"damage":5.0,"enemies":"Orb Walker","floor":35.0,"turns":4.0},{"damage":13.0,"enemies":"3 Shapes","floor":38.0,"turns":3.0},{"damage":30.0,"enemies":"Transient","floor":39.0,"turns":6.0},{"damage":26.0,"enemies":"Reptomancer","floor":41.0,"turns":7.0},{"damage":16.0,"enemies":"Giant Head","floor":44.0,"turns":9.0},{"damage":3.0,"enemies":"Nemesis","floor":47.0,"turns":7.0},{"damage":0.0,"enemies":"Maw","floor":48.0,"turns":10.0},{"damage":51,"enemies":"Time Eater","floor":50,"turns":15}],"seed_played":"-2562825908627208068","potions_obtained":[{"floor":0.0,"key":"LiquidBronze"},{"floor":0.0,"key":"Poison Potion"},{"floor":1.0,"key":"Swift Potion"},{"floor":7.0,"key":"Strength Potion"},{"floor":12.0,"key":"Explosive Potion"},{"floor":18.0,"key":"SpeedPotion"},{"floor":23.0,"key":"Fruit Juice"},{"floor":35.0,"key":"Poison Potion"},{"floor":41.0,"key":"PowerPotion"}],"is_trial":false,"path_per_floor":["M","M","M","?","?","R","E","R","T","R","E","M","E","?","R","B",null,"M","M","$","?","?","E","M","E","T","T","R","?","?","$","R","B",null,"M","?","$","M","M","R","E","R","T","E","?","$","E","M","R","B"],"character_chosen":"THE_SILENT","items_purchased":["Tools of the Trade","Fruit Juice","PowerPotion","Blur","Dodge and Roll","PowerPotion","Lantern","Deflect","Sling","Flechettes","GamblersBrew","Medical Kit","EssenceOfSteel","Good Instincts+1"],"campfire_rested":5,"item_purchase_floors":[20,20,20,31,31,31,37,37,37,37,37,46,46,46],"current_hp_per_floor":[52,49,45,45,45,45,21,21,21,40,21,15,6,6,25,18,54,46,41,46,60,60,54,50,28,28,28,55,33,33,33,33,35,70,67,67,67,56,28,52,38,65,65,51,41,41,40,42,42,0],"gold":58,"neow_bonus":"THREE_SMALL_POTIONS","is_prod":false,"is_daily":false,"chose_seed":false,"campfire_upgraded":3,"win_rate":0,"timestamp":1564981533,"path_taken":["M","M","M","?","?","R","E","R","T","R","E","?","E","?","R","BOSS","M","M","$","?","?","E","?","E","T","?","R","?","?","$","R","BOSS","M","?","$","M","M","R","E","R","T","E","?","$","E","M","R","BOSS"],"build_version":"2019-07-17","purchased_purges":4,"victory":false,"max_hp_per_floor":[66,66,66,66,66,66,66,66,66,66,66,66,66,66,66,66,66,66,66,71,71,71,71,71,71,71,71,76,81,81,81,81,81,81,81,81,81,81,81,81,91,91,91,91,91,91,91,91,91,91],"card_choices":[{"not_picked":["Poisoned Stab","Flying Knee"],"picked":"Noxious Fumes","floor":1.0},{"not_picked":["Heel Hook","Slice"],"picked":"Blur","floor":2.0},{"not_picked":["Flechettes","PiercingWail"],"picked":"Dagger Spray","floor":3.0},{"not_picked":["Prepared","Riddle With Holes"],"picked":"After Image","floor":7.0},{"not_picked":["Reflex","Calculated Gamble"],"picked":"Bane","floor":11.0},{"not_picked":["Underhanded Strike","Distraction","Sucker Punch"],"picked":"SKIP","floor":12.0},{"not_picked":["Blade Dance","Calculated Gamble"],"picked":"PiercingWail","floor":13.0},{"not_picked":["Tools of the Trade","Die Die Die"],"picked":"Corpse Explosion","floor":16.0},{"not_picked":["Underhanded Strike+1","Poisoned Stab"],"picked":"Deflect+1","floor":18.0},{"not_picked":["Concentrate+1","Sucker Punch"],"picked":"Poisoned Stab","floor":19.0},{"not_picked":["Slice","Phantasmal Killer"],"picked":"Backflip","floor":23.0},{"not_picked":["Dagger Spray","Flying Knee","Dagger Throw"],"picked":"SKIP","floor":24.0},{"not_picked":["Dagger Spray","Flying Knee","Dagger Throw"],"picked":"SKIP","floor":24.0},{"not_picked":["Blade Dance","Cloak And Dagger","Slice"],"picked":"SKIP","floor":25.0},{"not_picked":["Envenom","Corpse Explosion","A Thousand Cuts"],"picked":"Adrenaline","floor":33.0},{"not_picked":["Slice","All Out Attack","Infinite Blades","Predator"],"picked":"SKIP","floor":35.0},{"not_picked":["Riddle With Holes+1","PiercingWail","Concentrate"],"picked":"Deflect+1","floor":38.0},{"not_picked":["Cloak And Dagger","Infinite Blades","Dash","Accuracy"],"picked":"SKIP","floor":39.0},{"not_picked":["Masterful Stab","Cloak And Dagger","Acrobatics","Quick Slash"],"picked":"SKIP","floor":41.0},{"not_picked":["Flechettes","Bouncing Flask+1","Setup+1"],"picked":"Concentrate+1","floor":44.0},{"not_picked":["Bandage Up+1","Deep Breath+1","Magnetism"],"picked":"Panacea+1","floor":45.0},{"not_picked":["Deep Breath+1","Sadistic Nature","Secret Technique+1"],"picked":"PanicButton+1","floor":45.0},{"not_picked":["Discovery+1","Purity+1","Panacea+1"],"picked":"Secret Technique+1","floor":45.0},{"not_picked":["Bane+1","Dagger Spray","Terror+1","Poisoned Stab"],"picked":"SKIP","floor":47.0},{"not_picked":["Blade Dance+1","Prepared+1","Underhanded Strike+1"],"picked":"Reflex+1","floor":48.0}],"player_experience":1243468,"relics_obtained":[{"floor":7.0,"key":"Turnip"},{"floor":9.0,"key":"Oddly Smooth Stone"},{"floor":11.0,"key":"Thread and Needle"},{"floor":13.0,"key":"Happy Flower"},{"floor":23.0,"key":"Bronze Scales"},{"floor":23.0,"key":"PreservedInsect"},{"floor":25.0,"key":"Question Card"},{"floor":25.0,"key":"Pen Nib"},{"floor":26.0,"key":"Ancient Tea Set"},{"floor":27.0,"key":"Blood Vial"},{"floor":41.0,"key":"Pear"},{"floor":41.0,"key":"Toxic Egg 2"},{"floor":44.0,"key":"Smiling Mask"},{"floor":44.0,"key":"Boot"},{"floor":47.0,"key":"Darkstone Periapt"},{"floor":47.0,"key":"Regal Pillow"}],"event_choices":[{"damage_healed":0.0,"max_hp_gain":0.0,"max_hp_loss":0.0,"gold_gain":0.0,"event_name":"Living Wall","player_choice":"Grow","floor":4.0,"gold_loss":0.0,"damage_taken":0.0,"cards_upgraded":["Noxious Fumes"]},{"damage_healed":0.0,"max_hp_gain":0.0,"max_hp_loss":0.0,"gold_gain":0.0,"event_name":"WeMeetAgain","player_choice":"Gave Potion","floor":5.0,"gold_loss":0.0,"damage_taken":0.0,"relics_obtained":["Dodecahedron"]},{"damage_healed":0.0,"max_hp_gain":0.0,"max_hp_loss":0.0,"gold_gain":0.0,"event_name":"World of Goop","player_choice":"Left Gold","floor":14.0,"gold_loss":39.0,"damage_taken":0.0},{"damage_healed":14.0,"max_hp_gain":0.0,"max_hp_loss":0.0,"gold_gain":0.0,"event_name":"The Library","player_choice":"Heal","floor":21.0,"gold_loss":0.0,"damage_taken":0.0},{"damage_healed":0.0,"max_hp_gain":0.0,"max_hp_loss":0.0,"gold_gain":50.0,"event_name":"Golden Shrine","player_choice":"Pray","floor":22.0,"gold_loss":0.0,"damage_taken":0.0},{"damage_healed":0.0,"max_hp_gain":5.0,"max_hp_loss":0.0,"gold_gain":0.0,"event_name":"Forgotten Altar","player_choice":"Shed Blood","floor":29.0,"gold_loss":0.0,"damage_taken":27.0},{"damage_healed":0.0,"max_hp_gain":0.0,"max_hp_loss":0.0,"gold_gain":50.0,"event_name":"Nest","player_choice":"Stole From Cult","floor":30.0,"gold_loss":0.0,"damage_taken":0.0},{"damage_healed":0.0,"max_hp_gain":0.0,"max_hp_loss":0.0,"gold_gain":999.0,"event_name":"MindBloom","player_choice":"Gold","floor":36.0,"gold_loss":0.0,"damage_taken":0.0,"cards_obtained":["Normality","Normality"]},{"damage_healed":0.0,"max_hp_gain":0.0,"max_hp_loss":0.0,"gold_gain":0.0,"event_name":"SensoryStone","player_choice":"Memory 3","floor":45.0,"gold_loss":0.0,"damage_taken":10.0}],"is_beta":false,"boss_relics":[{"not_picked":["Orrery","Runic Dome"],"picked":"Black Star"},{"not_picked":["White Beast Statue","Empty Cage"],"picked":"Pandora\u0027s Box"}],"items_purged_floors":[20,31,37,46],"is_endless":false,"potions_floor_spawned":[1,7,12,13,18,23,35,41,44,48],"killed_by":"Time Eater","ascension_level":20}