{"gold_per_floor":[110,22,40,40,40,40,40,71,71,83,110,122,147,183,195,300,312,344,356],"floor_reached":19,"playtime":575,"items_purged":[],"score":384,"play_id":"64b5ca3b-f8d4-49b2-9f74-d1d2753f5cbd","local_time":"20190807200451","is_ascension_mode":true,"campfire_choices":[{"data":"Loop","floor":6,"key":"SMITH"},{"data":"Zap","floor":10,"key":"SMITH"},{"data":"Dualcast","floor":12,"key":"SMITH"},{"floor":15,"key":"REST"}],"neow_cost":"NONE","seed_source_timestamp":13421457933060,"circlet_count":0,"master_deck":["AscendersBane","Strike_B","Strike_B+1","Strike_B","Strike_B","Defend_B","Defend_B","Defend_B","Defend_B+1","Zap+1","Dualcast+1","Go for the Eyes","Loop+1","Reinforced Body","All For One","Defragment","Gash"],"relics":["Cracked Core","NeowsBlessing","Golden Idol","Sundial","MawBank","Philosopher\u0027s Stone"],"potions_floor_usage":[18,18,19],"damage_taken":[{"damage":0,"enemies":"Cultist","floor":1,"turns":1},{"damage":0,"enemies":"2 Louse","floor":3,"turns":1},{"damage":0,"enemies":"3 Sentries","floor":8,"turns":2},{"damage":0,"enemies":"Jaw Worm","floor":11,"turns":3},{"damage":22,"enemies":"Large Slime","floor":13,"turns":5},{"damage":9,"enemies":"2 Fungi Beasts","floor":14,"turns":4},{"damage":28,"enemies":"The Guardian","floor":16,"turns":12},{"damage":35,"enemies":"3 Byrds","floor":18,"turns":4},{"damage":16,"enemies":"Shell Parasite","floor":19,"turns":1}],"seed_played":"-5867052222349699981","potions_obtained":[{"floor":14,"key":"Weak Potion"},{"floor":16,"key":"Swift Potion"},{"floor":18,"key":"FearPotion"}],"is_trial":false,"path_per_floor":["M","$","M","?","?","R","$","E","T","R","M","R","M","M","R","B",null,"M","M"],"character_chosen":"DEFECT","items_purchased":["Loop"],"campfire_rested":1,"item_purchase_floors":[2],"current_hp_per_floor":[64,64,64,43,43,43,43,43,43,43,43,43,21,12,31,3,49,14,0],"gold":356,"neow_bonus":"THREE_ENEMY_KILL","is_prod":false,"is_daily":false,"chose_seed":false,"campfire_upgraded":3,"win_rate":0,"timestamp":1565175891,"path_taken":["M","$","?","?","?","R","$","E","T","R","M","R","M","M","R","BOSS","M","M"],"build_version":"2019-07-17","purchased_purges":0,"victory":false,"max_hp_per_floor":[71,71,71,71,64,64,64,64,64,64,64,64,64,64,64,64,64,64,64],"card_choices":[{"not_picked":["Gash","Ball Lightning"],"picked":"Go for the Eyes","floor":1},{"not_picked":["Blizzard","Chill"],"picked":"Reinforced Body","floor":3},{"not_picked":["Compile Driver","Cold Snap"],"picked":"All For One","floor":8},{"not_picked":["Glacier","Compile Driver"],"picked":"Defragment","floor":11},{"not_picked":["Conserve Battery","Hello World"],"picked":"Gash","floor":13},{"not_picked":["Auto Shields","Ball Lightning","Double Energy"],"picked":"SKIP","floor":14},{"not_picked":["Redo","Compile Driver","Aggregate"],"picked":"SKIP","floor":18}],"player_experience":290233,"relics_obtained":[{"floor":8,"key":"Sundial"},{"floor":9,"key":"MawBank"}],"event_choices":[{"damage_healed":0,"gold_gain":0,"player_choice":"Entered Light","damage_taken":21,"max_hp_gain":0,"max_hp_loss":0,"event_name":"Shining Light","floor":4,"gold_loss":0,"cards_upgraded":["Defend_B","Strike_B"]},{"damage_healed":0,"gold_gain":0,"player_choice":"Lose Max HP","damage_taken":0,"relics_obtained":["Golden Idol"],"max_hp_gain":0,"max_hp_loss":7,"event_name":"Golden Idol","floor":5,"gold_loss":0}],"is_beta":false,"boss_relics":[{"not_picked":["Runic Dome","Orrery"],"picked":"Philosopher\u0027s Stone"}],"items_purged_floors":[],"is_endless":false,"potions_floor_spawned":[14,16,18],"killed_by":"Shell Parasite","ascension_level":20}