{"gold_per_floor":[118,65,78,24,24,49,69,69,137,170,170,199,199,211,211,285,285,300,310,310,235,248,274,274,274,274,274,116,144,164,164,164,240,240,255,19,31,41,41,41,41],"floor_reached":41,"playtime":1186,"items_purged":["Strike_B"],"score":994,"play_id":"533833b3-2311-4476-99c5-05e5b154cb36","local_time":"20190810165212","is_ascension_mode":true,"campfire_choices":[{"data":"Coolheaded","floor":8.0,"key":"SMITH"},{"data":"Conserve Battery","floor":11.0,"key":"SMITH"},{"data":"Coolheaded","floor":13.0,"key":"SMITH"},{"data":"Loop","floor":15.0,"key":"SMITH"},{"floor":24.0,"key":"REST"},{"data":"Static Discharge","floor":27.0,"key":"SMITH"},{"data":"Defragment","floor":32,"key":"SMITH"},{"floor":40,"key":"REST"}],"neow_cost":"NONE","seed_source_timestamp":2704172269673,"circlet_count":0,"master_deck":["AscendersBane","Defend_B","Defend_B","Defend_B","Zap+1","Dualcast","FTL","Cold Snap","Ball Lightning","Conserve Battery+1","Coolheaded+1","BootSequence","Coolheaded+1","Loop+1","Electrodynamics","Static Discharge+1","Sunder","Undo","Defragment","Glacier+1","Recycle+1","Defragment+1","Fission","Rainbow+1","White Noise+1","Multi-Cast+1","Capacitor","Creative AI","Skim","Capacitor+1","Compile Driver+1","Coolheaded+1","Self Repair+1"],"special_seed":0,"relics":["Cracked Core","NeowsBlessing","Oddly Smooth Stone","Question Card","Cables","Matryoshka","Velvet Choker","Lantern","Ancient Tea Set","Prayer Wheel","Peace Pipe","Sundial","Astrolabe","Centennial Puzzle"],"potions_floor_usage":[37],"damage_taken":[{"damage":0.0,"enemies":"Cultist","floor":1.0,"turns":1.0},{"damage":0.0,"enemies":"Jaw Worm","floor":3.0,"turns":1.0},{"damage":0.0,"enemies":"Lagavulin","floor":6.0,"turns":1.0},{"damage":0.0,"enemies":"2 Louse","floor":7.0,"turns":2.0},{"damage":6.0,"enemies":"3 Sentries","floor":10.0,"turns":7.0},{"damage":30.0,"enemies":"Gremlin Nob","floor":12.0,"turns":4.0},{"damage":0.0,"enemies":"Exordium Wildlife","floor":14.0,"turns":2.0},{"damage":24.0,"enemies":"The Guardian","floor":16.0,"turns":13.0},{"damage":0.0,"enemies":"3 Byrds","floor":18.0,"turns":2.0},{"damage":8.0,"enemies":"Chosen","floor":19.0,"turns":5.0},{"damage":3.0,"enemies":"Centurion and Healer","floor":22.0,"turns":6.0},{"damage":26.0,"enemies":"Book of Stabbing","floor":23.0,"turns":6.0},{"damage":0.0,"enemies":"Slavers","floor":29.0,"turns":3.0},{"damage":2.0,"enemies":"Snecko","floor":30.0,"turns":6.0},{"damage":26,"enemies":"Collector","floor":33,"turns":15},{"damage":0,"enemies":"Orb Walker","floor":35,"turns":4},{"damage":22,"enemies":"3 Darklings","floor":37,"turns":4},{"damage":27,"enemies":"4 Shapes","floor":38,"turns":5},{"damage":41,"enemies":"Nemesis","floor":41,"turns":2}],"seed_played":"-4893655168341701263","potions_obtained":[{"floor":1.0,"key":"SkillPotion"},{"floor":10.0,"key":"Strength Potion"},{"floor":16.0,"key":"SkillPotion"},{"floor":18.0,"key":"Swift Potion"},{"floor":19.0,"key":"Block Potion"},{"floor":29.0,"key":"GamblersBrew"},{"floor":38,"key":"EssenceOfSteel"}],"is_trial":false,"path_per_floor":["M","$","M","$","?","E","M","R","T","E","R","E","R","M","R","B",null,"M","M","?","?","M","E","R","?","T","R","$","E","M","?","R","B",null,"M","$","M","M","$","R","E"],"character_chosen":"DEFECT","items_purchased":["Cold Snap","Fire Potion","Defragment","Centennial Puzzle","Skim"],"campfire_rested":2,"item_purchase_floors":[2,4,28,36,36],"current_hp_per_floor":[64,64,64,64,64,64,64,64,64,58,58,28,28,28,28,4,54,54,46,46,46,43,17,38,52,52,52,52,52,50,50,50,24,59,59,59,37,10,10,31,0],"gold":41,"neow_bonus":"THREE_ENEMY_KILL","is_prod":false,"is_daily":false,"chose_seed":false,"campfire_upgraded":6,"win_rate":0,"timestamp":1565448732,"path_taken":["M","?","M","$","?","E","M","R","T","E","R","E","R","M","R","BOSS","M","M","?","?","M","E","R","?","T","R","$","E","M","?","R","BOSS","M","$","?","M","?","R","E"],"build_version":"2019-07-18","purchased_purges":1,"victory":false,"max_hp_per_floor":[71,71,71,71,71,71,71,71,71,71,71,71,71,71,71,71,71,71,71,71,71,71,71,71,71,71,71,71,71,71,71,71,71,71,71,71,71,71,71,71,71],"card_choices":[{"not_picked":["Steam","Rebound"],"picked":"FTL","floor":1.0},{"not_picked":["Compile Driver","Streamline"],"picked":"Ball Lightning","floor":3.0},{"not_picked":["Gash","Leap"],"picked":"Conserve Battery","floor":6.0},{"not_picked":["Beam Cell","Turbo"],"picked":"Coolheaded","floor":7.0},{"not_picked":["Conserve Battery","Coolheaded","Cold Snap"],"picked":"BootSequence","floor":10.0},{"not_picked":["Recycle","Blizzard","Steam"],"picked":"Coolheaded","floor":12.0},{"not_picked":["Compile Driver","Storm","Barrage"],"picked":"Loop","floor":14.0},{"not_picked":["Reboot","Seek","Echo Form"],"picked":"Electrodynamics","floor":16.0},{"not_picked":["Storm","Streamline+1","Stack"],"picked":"Static Discharge","floor":18.0},{"not_picked":["Coolheaded","Leap","Redo+1"],"picked":"Sunder","floor":19.0},{"not_picked":["Streamline","Barrage","Ball Lightning"],"picked":"Undo","floor":22.0},{"not_picked":["Buffer","Rip and Tear","Ball Lightning"],"picked":"Electrodynamics","floor":23.0},{"not_picked":["Hello World","Rebound","Gash"],"picked":"Glacier+1","floor":29.0},{"not_picked":["Conserve Battery","Redo","Rebound"],"picked":"Recycle+1","floor":30},{"not_picked":["Steam","Consume","Fusion"],"picked":"Defragment","floor":30},{"not_picked":["Amplify","Rainbow","Hyperbeam"],"picked":"Fission","floor":33},{"not_picked":["Beam Cell+1","Conserve Battery","Compile Driver"],"picked":"Capacitor","floor":35},{"not_picked":["Stack+1","Steam","Undo"],"picked":"Creative AI","floor":35},{"not_picked":["Barrage","Doom and Gloom","Streamline"],"picked":"Capacitor+1","floor":37},{"not_picked":["Auto Shields","Scrape","Genetic Algorithm"],"picked":"Compile Driver+1","floor":37},{"not_picked":["Chill","Hologram","Gash"],"picked":"Coolheaded+1","floor":38},{"not_picked":["Hologram","Go for the Eyes","Streamline"],"picked":"Self Repair+1","floor":38}],"player_experience":1975145,"relics_obtained":[{"floor":6.0,"key":"Oddly Smooth Stone"},{"floor":9.0,"key":"Question Card"},{"floor":10.0,"key":"Cables"},{"floor":12.0,"key":"Matryoshka"},{"floor":23.0,"key":"Lantern"},{"floor":26.0,"key":"Ancient Tea Set"},{"floor":26.0,"key":"Prayer Wheel"},{"floor":29.0,"key":"Peace Pipe"}],"event_choices":[{"damage_healed":0.0,"max_hp_gain":0.0,"max_hp_loss":0.0,"gold_gain":0.0,"event_name":"Living Wall","player_choice":"Grow","floor":5.0,"gold_loss":0.0,"damage_taken":0.0,"cards_upgraded":["Zap"]},{"damage_healed":0.0,"max_hp_gain":0.0,"max_hp_loss":0.0,"gold_gain":0.0,"event_name":"The Mausoleum","player_choice":"Ignored","floor":20.0,"gold_loss":0.0,"damage_taken":0.0},{"cards_removed":["Strike_B"],"damage_healed":0.0,"max_hp_gain":0.0,"max_hp_loss":0.0,"gold_gain":0.0,"event_name":"Beggar","player_choice":"Gave Gold","floor":21.0,"gold_loss":75.0,"damage_taken":0.0},{"damage_healed":14.0,"max_hp_gain":0.0,"max_hp_loss":0.0,"gold_gain":0.0,"event_name":"The Library","player_choice":"Heal","floor":25.0,"gold_loss":0.0,"damage_taken":0.0},{"cards_removed":["Electrodynamics"],"damage_healed":0,"gold_gain":0,"player_choice":"Gave Card","damage_taken":0,"relics_obtained":["Sundial"],"max_hp_gain":0,"max_hp_loss":0,"event_name":"WeMeetAgain","floor":31,"gold_loss":0}],"is_beta":true,"boss_relics":[{"not_picked":["Coffee Dripper","White Beast Statue"],"picked":"Velvet Choker"},{"not_picked":["Calling Bell","FrozenCore"],"picked":"Astrolabe"}],"items_purged_floors":[28],"is_endless":false,"potions_floor_spawned":[1,10,16,18,19,29,33,38],"killed_by":"Nemesis","ascension_level":20}