{"gold_per_floor":[114,61,77,93,168,168,168,211,260,260,283,283,309,309,309,405,405,426,701,10,10],"floor_reached":21,"playtime":435,"items_purged":["Regret"],"score":350,"play_id":"080526d5-78fd-4fa2-8eb5-fe1993ef63f7","local_time":"20190610193736","is_ascension_mode":true,"campfire_choices":[{"data":"Fusion","floor":6.0,"key":"SMITH"},{"floor":12.0,"key":"REST"},{"data":"Zap","floor":15.0,"key":"SMITH"}],"neow_cost":"NONE","seed_source_timestamp":4290934797003,"circlet_count":0,"master_deck":["AscendersBane","Strike_B","Strike_B","Strike_B","Strike_B","Defend_B","Defend_B","Defend_B","Defend_B","Zap+1","Dualcast","FTL","Cold Snap","Fusion+1","Genetic Algorithm","Genetic Algorithm","All For One","Hyperbeam","Gash","Go for the Eyes"],"special_seed":0,"relics":["Cracked Core","Golden Idol","Centennial Puzzle","Vajra","Art of War","Odd Mushroom","Cursed Key","Blood Vial","Strawberry","Sling"],"potions_floor_usage":[21],"damage_taken":[{"damage":7.0,"enemies":"Jaw Worm","floor":1.0,"turns":3.0},{"damage":0.0,"enemies":"Small Slimes","floor":3.0,"turns":3.0},{"damage":0.0,"enemies":"Cultist","floor":4.0,"turns":4.0},{"damage":37.0,"enemies":"Gremlin Nob","floor":8.0,"turns":4.0},{"damage":3.0,"enemies":"Blue Slaver","floor":11.0,"turns":4.0},{"damage":13.0,"enemies":"The Mushroom Lair","floor":13.0,"turns":5.0},{"damage":33.0,"enemies":"Slime Boss","floor":16.0,"turns":8.0},{"damage":54.0,"enemies":"3 Byrds","floor":18.0,"turns":5.0},{"damage":16,"enemies":"Shell Parasite","floor":21,"turns":1}],"seed_played":"1842974239374374745","potions_obtained":[{"floor":4.0,"key":"LiquidBronze"},{"floor":11.0,"key":"SteroidPotion"},{"floor":13.0,"key":"SkillPotion"},{"floor":18.0,"key":"Regen Potion"}],"is_trial":false,"path_per_floor":["M","$","M","M","?","R","?","E","T","T","M","R","?","?","R","B",null,"M","?","$","M"],"character_chosen":"DEFECT","items_purchased":["Cold Snap","Blood Vial","Strawberry","Sling","Go for the Eyes"],"campfire_rested":1,"item_purchase_floors":[2,20,20,20,20],"current_hp_per_floor":[64,64,64,64,53,53,53,16,16,16,13,34,21,44,44,11,56,2,2,9,0],"gold":10,"neow_bonus":"TEN_PERCENT_HP_BONUS","is_prod":false,"is_daily":false,"chose_seed":false,"campfire_upgraded":2,"win_rate":0,"timestamp":1560188256,"path_taken":["M","$","M","M","?","R","?","E","T","?","?","R","?","?","R","BOSS","M","?","$","M"],"build_version":"2019-06-07","purchased_purges":1,"victory":false,"max_hp_per_floor":[78,78,78,78,78,78,71,71,71,71,71,71,71,71,71,71,71,71,71,78,78],"card_choices":[{"not_picked":["Compile Driver","Gash"],"picked":"FTL","floor":1.0},{"not_picked":["Rebound","Hologram"],"picked":"Fusion","floor":3.0},{"not_picked":["Chaos","Scrape"],"picked":"Genetic Algorithm","floor":4.0},{"not_picked":["Turbo","Barrage"],"picked":"Genetic Algorithm","floor":8.0},{"not_picked":["Self Repair","Rebound"],"picked":"All For One","floor":11.0},{"not_picked":["Rainbow","Buffer"],"picked":"Hyperbeam","floor":16.0},{"not_picked":["Beam Cell","Double Energy"],"picked":"Gash","floor":18.0}],"player_experience":1705544,"relics_obtained":[{"floor":8.0,"key":"Centennial Puzzle"},{"floor":9.0,"key":"Vajra"},{"floor":10.0,"key":"Art of War"},{"floor":13.0,"key":"Odd Mushroom"}],"event_choices":[{"damage_healed":0.0,"max_hp_gain":0.0,"max_hp_loss":0.0,"gold_gain":75.0,"event_name":"World of Goop","player_choice":"Gather Gold","floor":5.0,"gold_loss":0.0,"damage_taken":11.0},{"damage_healed":0.0,"max_hp_gain":0.0,"max_hp_loss":7.0,"gold_gain":0.0,"event_name":"Golden Idol","player_choice":"Lose Max HP","floor":7.0,"gold_loss":0.0,"damage_taken":0.0,"relics_obtained":["Golden Idol"]},{"damage_healed":0.0,"max_hp_gain":0.0,"max_hp_loss":0.0,"gold_gain":0.0,"event_name":"Mushrooms","player_choice":"Fought Mushrooms","floor":13.0,"gold_loss":0.0,"damage_taken":0.0},{"damage_healed":23.0,"max_hp_gain":0.0,"max_hp_loss":0.0,"gold_gain":0.0,"event_name":"Big Fish","player_choice":"Banana","floor":14.0,"gold_loss":0.0,"damage_taken":0.0},{"damage_healed":0.0,"max_hp_gain":0.0,"max_hp_loss":0.0,"gold_gain":275.0,"event_name":"Golden Shrine","player_choice":"Desecrate","floor":19.0,"gold_loss":0.0,"damage_taken":0.0,"cards_obtained":["Regret"]}],"is_beta":true,"boss_relics":[{"not_picked":["Eternal Feather","Runic Dome"],"picked":"Cursed Key"}],"items_purged_floors":[20],"is_endless":false,"potions_floor_spawned":[4,11,13,18],"killed_by":"Shell Parasite","ascension_level":20}