{"gold_per_floor":[112,127,144,144,161,161,193,193,220,246,246,256,256,101,101,178,178,197,230,250,267,278,309,309,309],"floor_reached":25,"playtime":2019,"items_purged":["Strike_G"],"score":566,"play_id":"65867107-e4d5-43b4-aee3-1ef3817e5e49","local_time":"20190808204734","is_ascension_mode":true,"campfire_choices":[{"data":"Masterful Stab","floor":6.0,"key":"SMITH"},{"data":"Glass Knife","floor":8.0,"key":"SMITH"},{"data":"Deadly Poison","floor":13.0,"key":"SMITH"},{"data":"Catalyst","floor":15.0,"key":"SMITH"},{"floor":24,"key":"REST"}],"neow_cost":"NONE","seed_source_timestamp":583781913517500,"circlet_count":0,"master_deck":["AscendersBane","Strike_G","Strike_G","Strike_G","Strike_G","Defend_G","Defend_G","Defend_G","Defend_G","Defend_G","Survivor","Neutralize","Dagger Spray+1","Masterful Stab+1","Tools of the Trade","PiercingWail","Glass Knife+1","Deadly Poison+1","Catalyst+1","Terror","Envenom","PiercingWail","Adrenaline","Footwork"],"special_seed":0,"relics":["Ring of the Snake","Strawberry","Pen Nib","Anchor","Velvet Choker","Red Mask","Ornamental Fan"],"potions_floor_usage":[22,23],"damage_taken":[{"damage":0.0,"enemies":"2 Louse","floor":1.0,"turns":4.0},{"damage":0.0,"enemies":"Jaw Worm","floor":2.0,"turns":6.0},{"damage":1.0,"enemies":"Small Slimes","floor":3.0,"turns":3.0},{"damage":0.0,"enemies":"Blue Slaver","floor":5.0,"turns":2.0},{"damage":17.0,"enemies":"Lagavulin","floor":7.0,"turns":6.0},{"damage":10.0,"enemies":"3 Sentries","floor":10.0,"turns":5.0},{"damage":0.0,"enemies":"Large Slime","floor":12.0,"turns":1.0},{"damage":0.0,"enemies":"Slime Boss","floor":16.0,"turns":5.0},{"damage":1.0,"enemies":"2 Thieves","floor":18.0,"turns":4.0},{"damage":20.0,"enemies":"Masked Bandits","floor":19.0,"turns":3.0},{"damage":0.0,"enemies":"Spheric Guardian","floor":20.0,"turns":3.0},{"damage":12.0,"enemies":"Snecko","floor":21.0,"turns":4.0},{"damage":19,"enemies":"Chosen and Byrds","floor":22,"turns":6},{"damage":10,"enemies":"Slavers","floor":23,"turns":6},{"damage":33,"enemies":"Book of Stabbing","floor":25,"turns":5}],"seed_played":"-5161279483300606178","potions_obtained":[{"floor":0.0,"key":"FearPotion"},{"floor":0.0,"key":"AttackPotion"},{"floor":10.0,"key":"Energy Potion"},{"floor":16.0,"key":"Poison Potion"},{"floor":18.0,"key":"GamblersBrew"},{"floor":21.0,"key":"Energy Potion"},{"floor":22,"key":"Ancient Potion"}],"is_trial":false,"path_per_floor":["M","M","M","?","M","R","E","R","T","E","?","M","R","$","R","B",null,"M","?","M","M","M","E","R","E"],"character_chosen":"THE_SILENT","items_purchased":["Terror"],"campfire_rested":1,"item_purchase_floors":[14],"current_hp_per_floor":[59,59,58,58,58,58,48,48,48,38,43,43,43,43,43,43,69,68,48,48,36,17,7,30,0],"gold":309,"neow_bonus":"THREE_SMALL_POTIONS","is_prod":false,"is_daily":false,"chose_seed":false,"campfire_upgraded":4,"win_rate":0,"timestamp":1565322454,"path_taken":["M","M","M","?","M","R","E","R","T","E","?","M","R","?","R","BOSS","M","?","M","M","M","E","R","E"],"build_version":"2019-07-17","purchased_purges":1,"victory":false,"max_hp_per_floor":[66,66,66,66,66,66,73,73,73,73,78,78,78,78,78,78,78,78,78,78,78,78,78,78,78],"card_choices":[{"not_picked":["Cloak And Dagger","Blur"],"picked":"Dagger Spray","floor":1.0},{"not_picked":["Backflip","Bane"],"picked":"Masterful Stab","floor":2.0},{"not_picked":["Outmaneuver","Distraction"],"picked":"Tools of the Trade","floor":3.0},{"not_picked":["Prepared","Deflect"],"picked":"PiercingWail","floor":5.0},{"not_picked":["Slice","Adrenaline"],"picked":"Glass Knife","floor":7.0},{"not_picked":["Calculated Gamble","Catalyst"],"picked":"Deadly Poison","floor":10.0},{"not_picked":["Backstab","Quick Slash"],"picked":"Catalyst","floor":12.0},{"not_picked":["Grand Finale","Bullet Time"],"picked":"Envenom","floor":16.0},{"not_picked":["Prepared","Skewer","Calculated Gamble"],"picked":"SKIP","floor":18.0},{"not_picked":["Flying Knee","Calculated Gamble"],"picked":"PiercingWail","floor":19.0},{"not_picked":["Eviscerate","Quick Slash","Bane"],"picked":"SKIP","floor":20.0},{"not_picked":["Setup","Deadly Poison"],"picked":"Adrenaline","floor":21.0},{"not_picked":["All Out Attack","Outmaneuver","Sucker Punch"],"picked":"SKIP","floor":22},{"not_picked":["Deadly Poison","Quick Slash"],"picked":"Footwork","floor":23}],"player_experience":1331024,"relics_obtained":[{"floor":7.0,"key":"Strawberry"},{"floor":9.0,"key":"Pen Nib"},{"floor":10.0,"key":"Anchor"},{"floor":19.0,"key":"Red Mask"},{"floor":23,"key":"Ornamental Fan"}],"event_choices":[{"damage_healed":0.0,"max_hp_gain":0.0,"max_hp_loss":0.0,"gold_gain":0.0,"event_name":"Living Wall","player_choice":"Grow","floor":4.0,"gold_loss":0.0,"damage_taken":0.0,"cards_upgraded":["Dagger Spray"]},{"damage_healed":0.0,"max_hp_gain":5.0,"max_hp_loss":0.0,"gold_gain":0.0,"event_name":"Big Fish","player_choice":"Donut","floor":11.0,"gold_loss":0.0,"damage_taken":0.0},{"damage_healed":0.0,"max_hp_gain":0.0,"max_hp_loss":0.0,"gold_gain":0.0,"event_name":"Masked Bandits","player_choice":"Fought Bandits","floor":19.0,"gold_loss":0.0,"damage_taken":0.0}],"is_beta":false,"boss_relics":[{"not_picked":["Runic Dome","Black Star"],"picked":"Velvet Choker"}],"items_purged_floors":[14],"is_endless":false,"potions_floor_spawned":[1,3,10,16,18,21,22],"killed_by":"Book of Stabbing","ascension_level":20}