{"gold_per_floor":[119,32,47,57,68,68,68,86,86,86],"floor_reached":10,"playtime":459,"items_purged":[],"score":111,"play_id":"5e65c9a6-f691-444d-a29c-83455465ce40","local_time":"20190805165848","is_ascension_mode":true,"campfire_choices":[{"data":"Defragment","floor":6.0,"key":"SMITH"}],"neow_cost":"NONE","seed_source_timestamp":32267207312995,"circlet_count":0,"master_deck":["AscendersBane","Strike_B","Strike_B","Strike_B","Strike_B","Defend_B","Defend_B","Defend_B","Defend_B","Zap","Dualcast","Coolheaded","Defragment+1","Cold Snap","Cold Snap","Reinforced Body","Pain","Rip and Tear"],"special_seed":0,"relics":["Snecko Eye","WarpedTongs","Bag of Preparation"],"potions_floor_usage":[],"damage_taken":[{"damage":7.0,"enemies":"2 Louse","floor":1.0,"turns":3.0},{"damage":0.0,"enemies":"Cultist","floor":3.0,"turns":3.0},{"damage":14.0,"enemies":"Small Slimes","floor":4.0,"turns":5.0},{"damage":9.0,"enemies":"3 Louse","floor":5.0,"turns":5.0},{"damage":10,"enemies":"Blue Slaver","floor":8,"turns":3},{"damage":44,"enemies":"Gremlin Nob","floor":10,"turns":4}],"seed_played":"-1921334052412141332","potions_obtained":[{"floor":1.0,"key":"Ancient Potion"}],"is_trial":false,"path_per_floor":["M","$","M","M","M","R","?","M","T","E"],"character_chosen":"DEFECT","items_purchased":["Defragment"],"campfire_rested":0,"item_purchase_floors":[2],"current_hp_per_floor":[57,57,57,43,34,34,34,24,24,0],"gold":86,"neow_bonus":"BOSS_RELIC","is_prod":false,"is_daily":false,"chose_seed":false,"campfire_upgraded":1,"win_rate":0,"timestamp":1564991928,"path_taken":["M","$","M","M","M","R","?","?","T","E"],"build_version":"2019-07-17","purchased_purges":0,"victory":false,"max_hp_per_floor":[71,71,71,71,71,71,71,71,71,71],"card_choices":[{"not_picked":["Chaos","Leap"],"picked":"Coolheaded","floor":1.0},{"not_picked":["Lockon","Gash"],"picked":"Cold Snap","floor":3.0},{"not_picked":["Streamline","Hologram"],"picked":"Cold Snap","floor":4.0},{"not_picked":["Heatsinks","Consume"],"picked":"Reinforced Body","floor":5.0},{"not_picked":["Steam","Sweeping Beam"],"picked":"Rip and Tear","floor":8}],"player_experience":242642,"relics_obtained":[{"floor":9,"key":"Bag of Preparation"}],"event_choices":[{"damage_healed":0,"gold_gain":0,"player_choice":"Rummage","damage_taken":0,"relics_obtained":["WarpedTongs"],"max_hp_gain":0,"max_hp_loss":0,"event_name":"Accursed Blacksmith","floor":7,"gold_loss":0,"cards_obtained":["Pain"]}],"is_beta":false,"boss_relics":[],"items_purged_floors":[],"is_endless":false,"potions_floor_spawned":[1],"killed_by":"Gremlin Nob","ascension_level":17}