{"gold_per_floor":[109,109,76,96,106,106,117,144,222,222,234,234,250,250,250,250],"floor_reached":16,"playtime":674,"items_purged":[],"score":163,"play_id":"1590d0c5-4fb0-4392-aad7-fcf1878be065","local_time":"20190803192452","is_ascension_mode":true,"campfire_choices":[{"data":"Sucker Punch","floor":6,"key":"SMITH"},{"floor":10,"key":"REST"},{"floor":15,"key":"REST"}],"neow_cost":"NONE","seed_source_timestamp":401893298958200,"circlet_count":0,"master_deck":["AscendersBane","Strike_G+1","Strike_G","Strike_G","Strike_G","Strike_G","Defend_G","Defend_G","Defend_G","Defend_G","Defend_G","Survivor","Neutralize+1","PiercingWail","Sucker Punch+1","Deadly Poison","Blur+1","Backflip","Cloak And Dagger"],"relics":["Ring of the Snake","The Specimen","Gremlin Horn"],"potions_floor_usage":[8],"damage_taken":[{"damage":2,"enemies":"2 Louse","floor":1,"turns":4},{"damage":3,"enemies":"Jaw Worm","floor":4,"turns":8},{"damage":0,"enemies":"Small Slimes","floor":5,"turns":3},{"damage":3,"enemies":"Exordium Wildlife","floor":7,"turns":5},{"damage":39,"enemies":"Lagavulin","floor":8,"turns":7},{"damage":18,"enemies":"Large Slime","floor":11,"turns":8},{"damage":1,"enemies":"Blue Slaver","floor":13,"turns":5},{"damage":27,"enemies":"Hexaghost","floor":16,"turns":12}],"seed_played":"-7678799636823359962","potions_obtained":[{"floor":5,"key":"Poison Potion"},{"floor":13,"key":"FearPotion"}],"is_trial":false,"path_per_floor":["M","$","?","M","M","R","M","E","T","R","M","?","M","?","R","B"],"character_chosen":"THE_SILENT","items_purchased":[],"campfire_rested":2,"item_purchase_floors":[],"current_hp_per_floor":[61,61,61,58,58,58,55,16,16,37,19,5,4,4,25,0],"gold":250,"neow_bonus":"UPGRADE_CARD","is_prod":false,"is_daily":false,"chose_seed":false,"campfire_upgraded":1,"win_rate":0,"timestamp":1564874692,"path_taken":["M","$","?","M","M","R","M","E","T","R","M","?","M","?","R","BOSS"],"build_version":"2019-07-18","purchased_purges":0,"victory":false,"max_hp_per_floor":[70,70,70,70,70,70,70,70,70,70,70,70,70,70,70,70],"card_choices":[{"not_picked":["Backflip","Setup"],"picked":"PiercingWail","floor":1},{"not_picked":["Finisher","Blade Dance"],"picked":"Sucker Punch","floor":4},{"not_picked":["Outmaneuver","Dagger Spray"],"picked":"Deadly Poison","floor":5},{"not_picked":["Endless Agony","Slice","Accuracy"],"picked":"SKIP","floor":7},{"not_picked":["Prepared","Infinite Blades"],"picked":"Blur","floor":8},{"not_picked":["Outmaneuver","Unload"],"picked":"Backflip","floor":11},{"not_picked":["Slice","Choke"],"picked":"Cloak And Dagger","floor":13}],"player_experience":350136,"relics_obtained":[{"floor":8,"key":"The Specimen"},{"floor":9,"key":"Gremlin Horn"}],"event_choices":[{"damage_healed":0,"gold_gain":0,"player_choice":"Left Gold","damage_taken":0,"max_hp_gain":0,"max_hp_loss":0,"event_name":"World of Goop","floor":3,"gold_loss":33},{"damage_healed":0,"gold_gain":0,"player_choice":"Entered Light","damage_taken":14,"max_hp_gain":0,"max_hp_loss":0,"event_name":"Shining Light","floor":12,"gold_loss":0,"cards_upgraded":["Strike_G","Blur"]},{"damage_healed":0,"gold_gain":0,"player_choice":"Ignored","damage_taken":0,"max_hp_gain":0,"max_hp_loss":0,"event_name":"Golden Wing","floor":14,"gold_loss":0}],"is_beta":true,"boss_relics":[],"items_purged_floors":[],"is_endless":false,"potions_floor_spawned":[5,13],"killed_by":"Hexaghost","ascension_level":12}