{"gold_per_floor":[113,38,38,58,58,87,87,87,137,172,188,208,222,250,250,326,326,341,241,261,291,291],"floor_reached":22,"playtime":1188,"items_purged":["Strike_G","Strike_G"],"score":445,"play_id":"eef6c1ef-fc08-4577-962e-e0441fe20e5c","local_time":"20190805232704","is_ascension_mode":true,"campfire_choices":[{"data":"Riddle With Holes","floor":8,"key":"SMITH"},{"floor":15,"key":"REST"}],"neow_cost":"NONE","seed_source_timestamp":137975840400,"circlet_count":0,"master_deck":["AscendersBane","Strike_G","Strike_G","Strike_G","Defend_G","Defend_G","Defend_G","Defend_G","Defend_G","Survivor","Neutralize+1","Riddle With Holes+1","Backflip","Footwork","Blur","Catalyst","Deadly Poison","Poisoned Stab","After Image","Crippling Poison"],"relics":["Ring of the Snake","NeowsBlessing","Bag of Preparation","Orichalcum","Singing Bowl","Girya","Runic Dome","Red Mask"],"potions_floor_usage":[14,14,16],"damage_taken":[{"damage":0,"enemies":"2 Louse","floor":1,"turns":1},{"damage":0,"enemies":"Cultist","floor":4,"turns":1},{"damage":0,"enemies":"Gremlin Nob","floor":6,"turns":1},{"damage":42,"enemies":"Lagavulin","floor":10,"turns":7},{"damage":0,"enemies":"Small Slimes","floor":11,"turns":3},{"damage":5,"enemies":"Exordium Thugs","floor":12,"turns":6},{"damage":5,"enemies":"3 Louse","floor":13,"turns":5},{"damage":0,"enemies":"Gremlin Nob","floor":14,"turns":3},{"damage":9,"enemies":"Hexaghost","floor":16,"turns":9},{"damage":9,"enemies":"Shell Parasite","floor":18,"turns":6},{"damage":3,"enemies":"3 Byrds","floor":20,"turns":5},{"damage":39,"enemies":"Masked Bandits","floor":21,"turns":6},{"damage":8,"enemies":"Snake Plant","floor":22,"turns":1}],"seed_played":"8378237427972925155","potions_obtained":[{"floor":1,"key":"Strength Potion"},{"floor":4,"key":"Block Potion"},{"floor":11,"key":"SteroidPotion"},{"floor":14,"key":"LiquidBronze"}],"is_trial":false,"path_per_floor":["M","$","?","M","?","E","$","R","T","E","M","M","M","E","R","B",null,"M","$","M","?","M"],"character_chosen":"THE_SILENT","items_purchased":[],"campfire_rested":1,"item_purchase_floors":[],"current_hp_per_floor":[59,59,59,59,59,59,59,59,59,17,17,12,7,7,26,17,54,47,47,44,7,0],"gold":291,"neow_bonus":"THREE_ENEMY_KILL","is_prod":false,"is_daily":false,"chose_seed":false,"campfire_upgraded":1,"win_rate":0,"timestamp":1565072824,"path_taken":["M","$","?","?","?","E","?","R","T","E","M","M","M","E","R","BOSS","M","$","M","?","M"],"build_version":"2019-07-18","purchased_purges":2,"victory":false,"max_hp_per_floor":[66,66,66,66,66,66,66,66,66,66,66,66,66,66,66,66,66,68,68,68,70,70],"card_choices":[{"not_picked":["PiercingWail","Blur"],"picked":"Riddle With Holes","floor":1},{"not_picked":["Deflect","Blade Dance"],"picked":"Backflip","floor":4},{"not_picked":["Setup","Blade Dance","Reflex"],"picked":"SKIP","floor":6},{"not_picked":["Underhanded Strike","Outmaneuver"],"picked":"Footwork","floor":10},{"not_picked":["Underhanded Strike","Leg Sweep"],"picked":"Blur","floor":11},{"not_picked":["Outmaneuver","Leg Sweep"],"picked":"Catalyst","floor":12},{"not_picked":["Footwork","Calculated Gamble"],"picked":"Deadly Poison","floor":13},{"not_picked":["Escape Plan","Choke"],"picked":"Poisoned Stab","floor":14},{"not_picked":["Unload","Phantasmal Killer"],"picked":"After Image","floor":16},{"not_picked":["Predator","Prepared","Choke"],"picked":"Singing Bowl","floor":18},{"not_picked":["Poisoned Stab","Prepared"],"picked":"Crippling Poison","floor":20},{"not_picked":["Backflip","Dagger Spray","Deflect"],"picked":"Singing Bowl","floor":21}],"player_experience":378250,"relics_obtained":[{"floor":6,"key":"Bag of Preparation"},{"floor":9,"key":"Orichalcum"},{"floor":10,"key":"Singing Bowl"},{"floor":14,"key":"Girya"},{"floor":21,"key":"Red Mask"}],"event_choices":[{"damage_healed":0,"gold_gain":0,"player_choice":"Upgraded","damage_taken":0,"max_hp_gain":0,"max_hp_loss":0,"event_name":"Upgrade Shrine","floor":3,"gold_loss":0,"cards_upgraded":["Neutralize"]},{"damage_healed":0,"gold_gain":0,"player_choice":"Leave","damage_taken":0,"max_hp_gain":0,"max_hp_loss":0,"event_name":"The Cleric","floor":5,"gold_loss":0},{"damage_healed":0,"gold_gain":0,"player_choice":"Fought Bandits","damage_taken":0,"max_hp_gain":0,"max_hp_loss":0,"event_name":"Masked Bandits","floor":21,"gold_loss":0}],"is_beta":true,"boss_relics":[{"not_picked":["Astrolabe","White Beast Statue"],"picked":"Runic Dome"}],"items_purged_floors":[2,19],"is_endless":false,"potions_floor_spawned":[1,4,11,12,14],"killed_by":"Snake Plant","ascension_level":15}