{"gold_per_floor":[113,123,123,139,11,11,11,11,11,11,30,64,64,95,95,196,196,213,89,14,28,38,71,71,100,100,131,141,161,190,71,71,171,171,182,282,192,202,219,219,254,254,254,0,26,26,46,75,75,75],"floor_reached":51,"playtime":2629,"items_purged":["Defend_B","Hello World+1"],"score":886,"play_id":"da4d0c7f-0a4b-4ea6-ab43-e55084a23711","local_time":"20190804151348","is_ascension_mode":true,"campfire_choices":[{"data":"Zap","floor":6.0,"key":"SMITH"},{"data":"Coolheaded","floor":8.0,"key":"SMITH"},{"data":"Loop","floor":13.0,"key":"SMITH"},{"data":"Hologram","floor":15.0,"key":"SMITH"},{"data":"Machine Learning","floor":24.0,"key":"SMITH"},{"data":"Defragment","floor":32.0,"key":"SMITH"},{"data":"Creative AI","floor":40,"key":"SMITH"},{"data":"Multi-Cast","floor":42,"key":"SMITH"},{"data":"Fission","floor":49,"key":"SMITH"}],"neow_cost":"NONE","seed_source_timestamp":0,"circlet_count":0,"master_deck":["Defend_B","Zap+1","Dualcast","Ball Lightning","Coolheaded+1","Sweeping Beam","Fission+1","Self Repair","Loop+1","Hologram+1","Machine Learning+1","Go for the Eyes+1","Hologram+1","Genetic Algorithm","FTL","Compile Driver","Reinforced Body","Consume+1","Genetic Algorithm+1","Biased Cognition","Defragment+1","Echo Form","Capacitor","Genetic Algorithm","Creative AI+1","Fusion+1","Defragment+1","Skim+1","Defragment+1","Multi-Cast+1","Hologram+1","Fission+1","Double Energy+1"],"special_seed":0,"relics":["Cracked Core","Bird Faced Urn","Smiling Mask","Matryoshka","Astrolabe","Orichalcum","Pen Nib","Potion Belt","Symbiotic Virus","Ornamental Fan","Blue Candle","Cursed Key","Gambling Chip","War Paint","Red Mask","Thread and Needle","Gremlin Horn"],"potions_floor_usage":[45],"damage_taken":[{"damage":1.0,"enemies":"Jaw Worm","floor":1.0,"turns":3.0},{"damage":2.0,"enemies":"Small Slimes","floor":2.0,"turns":3.0},{"damage":0.0,"enemies":"Cultist","floor":4.0,"turns":3.0},{"damage":0.0,"enemies":"3 Louse","floor":11.0,"turns":1.0},{"damage":13.0,"enemies":"Gremlin Nob","floor":12.0,"turns":3.0},{"damage":2.0,"enemies":"3 Sentries","floor":14.0,"turns":4.0},{"damage":40.0,"enemies":"Hexaghost","floor":16.0,"turns":9.0},{"damage":4.0,"enemies":"Shell Parasite","floor":18.0,"turns":5.0},{"damage":0.0,"enemies":"Spheric Guardian","floor":21.0,"turns":3.0},{"damage":26.0,"enemies":"Centurion and Healer","floor":22.0,"turns":6.0},{"damage":17.0,"enemies":"Gremlin Leader","floor":23.0,"turns":7.0},{"damage":33.0,"enemies":"Slavers","floor":25.0,"turns":6.0},{"damage":28.0,"enemies":"Book of Stabbing","floor":27.0,"turns":5.0},{"damage":0.0,"enemies":"Snake Plant","floor":28.0,"turns":2.0},{"damage":12.0,"enemies":"Snecko","floor":29.0,"turns":5.0},{"damage":29.0,"enemies":"Gremlin Leader","floor":30.0,"turns":7.0},{"damage":48.0,"enemies":"Automaton","floor":33.0,"turns":9.0},{"damage":40.0,"enemies":"3 Shapes","floor":35.0,"turns":5.0},{"damage":0,"enemies":"Mind Bloom Boss Battle","floor":36,"turns":6},{"damage":3,"enemies":"Orb Walker","floor":38,"turns":4},{"damage":8,"enemies":"4 Shapes","floor":39,"turns":7},{"damage":36,"enemies":"Reptomancer","floor":41,"turns":8},{"damage":13,"enemies":"Giant Head","floor":45,"turns":6},{"damage":8,"enemies":"Writhing Mass","floor":47,"turns":7},{"damage":2,"enemies":"Nemesis","floor":48,"turns":7},{"damage":3,"enemies":"Awakened One","floor":50,"turns":10}],"seed_played":"-3647876893289750585","potions_obtained":[{"floor":1.0,"key":"Regen Potion"},{"floor":2.0,"key":"Poison Potion"},{"floor":18.0,"key":"Weak Potion"},{"floor":27.0,"key":"SteroidPotion"},{"floor":28.0,"key":"Fruit Juice"},{"floor":29.0,"key":"Dexterity Potion"},{"floor":33.0,"key":"Fire Potion"},{"floor":36,"key":"Fruit Juice"},{"floor":45,"key":"Block Potion"}],"is_trial":false,"path_per_floor":["M","M","?","M","$","R","?","R","T","$","M","E","R","E","R","B",null,"M","$","?","M","M","E","R","E","T","E","M","M","E","$","R","B",null,"M","?","?","M","M","R","E","R","T","?","E","?","M","E","R","B",null],"character_chosen":"DEFECT","items_purchased":["Sweeping Beam","FTL","Capacitor","Genetic Algorithm"],"campfire_rested":0,"item_purchase_floors":[5,19,31,31],"current_hp_per_floor":[74,72,65,65,65,65,65,65,65,65,65,61,61,70,70,41,75,75,75,75,75,58,54,54,34,34,33,51,52,40,40,40,22,80,60,80,80,80,80,80,73,73,73,73,75,75,85,85,85,85],"gold":75,"neow_bonus":"THREE_CARDS","is_prod":false,"is_daily":false,"chose_seed":false,"campfire_upgraded":9,"win_rate":0,"timestamp":1564924428,"path_taken":["M","M","?","M","$","R","?","R","T","$","M","E","R","E","R","BOSS","M","$","?","M","M","E","R","E","T","E","M","M","E","$","R","BOSS","M","?","?","?","M","R","E","R","T","?","E","?","M","E","R","BOSS"],"build_version":"2019-07-18","purchased_purges":2,"victory":true,"max_hp_per_floor":[75,75,75,75,75,75,75,75,75,75,75,75,75,75,75,75,75,75,75,75,75,75,75,75,75,75,75,80,80,80,80,80,80,80,80,80,80,80,80,80,80,80,80,80,85,85,85,85,85,85],"card_choices":[{"not_picked":["Doom and Gloom","Recycle"],"picked":"Go for the Eyes","floor":0.0},{"not_picked":["Coolheaded","Cold Snap"],"picked":"Ball Lightning","floor":1.0},{"not_picked":["Recycle","Steam"],"picked":"Coolheaded","floor":2.0},{"not_picked":["Conserve Battery","Beam Cell"],"picked":"BootSequence","floor":4.0},{"not_picked":["Hello World","Turbo"],"picked":"Self Repair","floor":11.0},{"not_picked":["Double Energy","Storm"],"picked":"Loop","floor":12.0},{"not_picked":["Turbo","Aggregate"],"picked":"Hologram","floor":14.0},{"not_picked":["Amplify","Rainbow"],"picked":"Machine Learning","floor":16.0},{"not_picked":["Beam Cell+1","Barrage"],"picked":"Genetic Algorithm","floor":18.0},{"not_picked":["Leap","FTL"],"picked":"Compile Driver","floor":21.0},{"not_picked":["Hologram","Chill"],"picked":"Reinforced Body","floor":22.0},{"not_picked":["Redo+1","Barrage"],"picked":"Consume+1","floor":23.0},{"not_picked":["Stack+1","Redo"],"picked":"Genetic Algorithm","floor":25.0},{"not_picked":["Melter","FTL"],"picked":"Biased Cognition","floor":27.0},{"not_picked":["Storm","Sweeping Beam+1"],"picked":"Defragment","floor":28.0},{"not_picked":["Leap","Beam Cell","Blizzard"],"picked":"SKIP","floor":29.0},{"not_picked":["Stack","Sweeping Beam"],"picked":"Echo Form","floor":30.0},{"not_picked":["Seek","Core Surge"],"picked":"Creative AI","floor":33.0},{"not_picked":["Beam Cell","Steam+1"],"picked":"Fusion","floor":35.0},{"not_picked":["Cold Snap","Glacier"],"picked":"Defragment+1","floor":36},{"not_picked":["Turbo","Force Field"],"picked":"Skim","floor":38},{"not_picked":["Rebound","Redo+1"],"picked":"Defragment+1","floor":39},{"not_picked":["Double Energy+1","Beam Cell+1"],"picked":"Multi-Cast","floor":41},{"not_picked":["Blizzard+1","Reinforced Body"],"picked":"Hologram+1","floor":45},{"not_picked":["Tempest","Cold Snap+1","Steam Power+1"],"picked":"SKIP","floor":47},{"not_picked":["Steam Power+1","Consume+1"],"picked":"Double Energy+1","floor":48}],"player_experience":1957327,"relics_obtained":[{"floor":9.0,"key":"Bird Faced Urn"},{"floor":12.0,"key":"Smiling Mask"},{"floor":14.0,"key":"Matryoshka"},{"floor":23.0,"key":"Orichalcum"},{"floor":25.0,"key":"Pen Nib"},{"floor":26.0,"key":"Potion Belt"},{"floor":26.0,"key":"Symbiotic Virus"},{"floor":27.0,"key":"Ornamental Fan"},{"floor":30.0,"key":"Blue Candle"},{"floor":36,"key":"Gambling Chip"},{"floor":41,"key":"War Paint"},{"floor":45,"key":"Thread and Needle"},{"floor":48,"key":"Gremlin Horn"}],"event_choices":[{"cards_removed":["Strike_B"],"damage_healed":0.0,"max_hp_gain":0.0,"max_hp_loss":0.0,"gold_gain":0.0,"event_name":"Golden Wing","player_choice":"Card Removal","floor":3.0,"gold_loss":0.0,"damage_taken":7.0},{"cards_removed":["BootSequence"],"damage_healed":0.0,"max_hp_gain":0.0,"max_hp_loss":0.0,"gold_gain":0.0,"event_name":"NoteForYourself","player_choice":"Took Card","floor":7.0,"gold_loss":0.0,"damage_taken":0.0,"cards_obtained":["Fission"]},{"cards_removed":["Go for the Eyes"],"damage_healed":0.0,"max_hp_gain":0.0,"max_hp_loss":0.0,"gold_gain":0.0,"event_name":"Beggar","player_choice":"Gave Gold","floor":20.0,"gold_loss":75.0,"damage_taken":0.0},{"damage_healed":0,"gold_gain":0,"player_choice":"Fight","damage_taken":0,"max_hp_gain":0,"max_hp_loss":0,"event_name":"MindBloom","floor":36,"gold_loss":0},{"cards_removed":["Defend_B"],"damage_healed":0,"gold_gain":0,"player_choice":"Upgrade and Remove","damage_taken":0,"max_hp_gain":0,"max_hp_loss":0,"event_name":"Designer","floor":37,"gold_loss":90,"cards_upgraded":["Genetic Algorithm"]},{"damage_healed":0,"gold_gain":0,"player_choice":"Paid","damage_taken":0,"relics_obtained":["Red Mask"],"max_hp_gain":0,"max_hp_loss":0,"event_name":"Tomb of Lord Red Mask","floor":44,"gold_loss":254},{"damage_healed":0,"gold_gain":0,"cards_transformed":["Defend_B"],"player_choice":"Transformed","damage_taken":0,"max_hp_gain":0,"max_hp_loss":0,"event_name":"Transmorgrifier","floor":46,"gold_loss":0,"cards_obtained":["Fission"]}],"is_beta":true,"boss_relics":[{"not_picked":["Philosopher\u0027s Stone","Sozu"],"picked":"Astrolabe"},{"not_picked":["Orrery","Snecko Eye"],"picked":"Cursed Key"}],"items_purged_floors":[5,19],"is_endless":false,"potions_floor_spawned":[1,2,18,27,28,29,33,36,38,45,47],"ascension_level":1}