{"gold_per_floor":[366,366,541,560,104,104,114,147,173,187,187,202,219,234,234,339,339,357,357,367,24,24,24,24,24,48,48,59,76,91,118,118,221,271,287,189,189,189,201,201,219,233,233,251,265,265,487,502,502,527,527,527,42,42],"floor_reached":54,"playtime":4162,"items_purged":["Doubt","Strike_B","Defend_B"],"score":918,"play_id":"08f14ce1-a155-4ba1-81ad-5cfc88f6a6f7","local_time":"20190701234617","is_ascension_mode":true,"campfire_choices":[{"data":"Transmutation","floor":6.0,"key":"SMITH"},{"data":"Go for the Eyes","floor":11.0,"key":"SMITH"},{"floor":15.0,"key":"REST"},{"data":"Buffer","floor":23.0,"key":"SMITH"},{"data":"Buffer","floor":25.0,"key":"SMITH"},{"data":"Zap","floor":27.0,"key":"SMITH"},{"floor":32.0,"key":"RECALL"},{"data":"Dualcast","floor":40.0,"key":"SMITH"},{"floor":46.0,"key":"REST"},{"floor":49,"key":"REST"},{"data":"Gash","floor":52,"key":"SMITH"}],"neow_cost":"PERCENT_DAMAGE","seed_source_timestamp":0,"circlet_count":0,"master_deck":["Strike_B","Strike_B","Defend_B","Defend_B","Zap+1","Dualcast+1","Melter","Core Surge","Stack","Transmutation+1","Go for the Eyes+1","Leap","Genetic Algorithm+1","Gash","Ball Lightning","Cold Snap","Buffer+1","Compile Driver+1","Buffer+1","Glacier+1","Leap+1","Steam+1","Consume+1","Multi-Cast+1","Aggregate+1","Hologram+1","Hologram+1","Gash","Forethought+1","Metamorphosis+1","Jack Of All Trades+1","Gash+1","Sweeping Beam+1","Conserve Battery+1","Consume+1","Go for the Eyes+1","Hologram+1"],"special_seed":0,"relics":["FrozenCore","Runic Capacitor","Orichalcum","Vajra","Toxic Egg 2","Art of War","Red Mask","Tiny House","DataDisk"],"potions_floor_usage":[50,50,50,54,54,54,54],"damage_taken":[{"damage":0.0,"enemies":"Small Slimes","floor":1.0,"turns":2.0},{"damage":2.0,"enemies":"Jaw Worm","floor":4.0,"turns":3.0},{"damage":0.0,"enemies":"Cultist","floor":7.0,"turns":3.0},{"damage":35.0,"enemies":"Lagavulin","floor":8.0,"turns":8.0},{"damage":1.0,"enemies":"3 Louse","floor":10.0,"turns":3.0},{"damage":0.0,"enemies":"Large Slime","floor":12.0,"turns":3.0},{"damage":4.0,"enemies":"Blue Slaver","floor":13.0,"turns":3.0},{"damage":2.0,"enemies":"Exordium Thugs","floor":14.0,"turns":4.0},{"damage":25.0,"enemies":"The Guardian","floor":16.0,"turns":10.0},{"damage":9.0,"enemies":"Shell Parasite","floor":18.0,"turns":5.0},{"damage":10.0,"enemies":"Chosen","floor":20.0,"turns":6.0},{"damage":1.0,"enemies":"Centurion and Healer","floor":28.0,"turns":8.0},{"damage":8.0,"enemies":"Snake Plant","floor":29.0,"turns":8.0},{"damage":0.0,"enemies":"Cultist and Chosen","floor":30.0,"turns":9.0},{"damage":0.0,"enemies":"Masked Bandits","floor":31.0,"turns":6.0},{"damage":0.0,"enemies":"Automaton","floor":33.0,"turns":14.0},{"damage":9.0,"enemies":"3 Darklings","floor":35.0,"turns":10.0},{"damage":0.0,"enemies":"Orb Walker","floor":39.0,"turns":6.0},{"damage":9.0,"enemies":"3 Darklings","floor":41.0,"turns":7.0},{"damage":0.0,"enemies":"4 Shapes","floor":42.0,"turns":5.0},{"damage":12.0,"enemies":"Spire Growth","floor":44.0,"turns":9.0},{"damage":4.0,"enemies":"Sphere and 2 Shapes","floor":45.0,"turns":6.0},{"damage":1.0,"enemies":"Maw","floor":48.0,"turns":11.0},{"damage":12,"enemies":"Donu and Deca","floor":50,"turns":17},{"damage":79,"enemies":"Shield and Spear","floor":54,"turns":14}],"seed_played":"-6910011491610182797","potions_obtained":[{"floor":7.0,"key":"EssenceOfSteel"},{"floor":8.0,"key":"Weak Potion"},{"floor":12.0,"key":"Fire Potion"},{"floor":16.0,"key":"Poison Potion"},{"floor":18.0,"key":"Explosive Potion"},{"floor":30.0,"key":"Energy Potion"},{"floor":31.0,"key":"SteroidPotion"},{"floor":34.0,"key":"Swift Potion"},{"floor":41.0,"key":"GamblersBrew"},{"floor":42.0,"key":"Fire Potion"},{"floor":44.0,"key":"FocusPotion"},{"floor":45.0,"key":"Poison Potion"}],"is_trial":false,"path_per_floor":["M","?","?","M","$","R","M","E","T","M","R","M","M","M","R","B",null,"M","?","M","$","?","R","$","R","T","R","M","M","M","?","R","B",null,"M","$","?","?","M","R","M","M","T","M","M","R","?","M","R","B",null,"R","$","E"],"character_chosen":"DEFECT","items_purchased":["Runic Capacitor","Transmutation","Toxic Egg 2","Hologram+1","Gash","DataDisk","EntropicBrew","Poison Potion","FearPotion"],"campfire_rested":3,"item_purchase_floors":[5,5,21,36,36,53,53,53,53],"current_hp_per_floor":[50,50,50,48,48,48,48,13,13,12,12,12,8,6,28,3,57,48,75,65,65,65,65,65,65,65,65,64,56,56,56,56,56,75,66,66,56,56,56,56,47,47,47,35,31,55,55,54,78,66,77,77,77,0],"gold":42,"neow_bonus":"TWO_FIFTY_GOLD","is_prod":false,"is_daily":false,"chose_seed":false,"campfire_upgraded":7,"win_rate":0,"timestamp":1561992377,"path_taken":["M","?","?","M","$","R","M","E","T","M","R","M","M","M","R","BOSS","M","?","M","?","?","R","$","R","T","R","M","M","M","?","R","BOSS","M","$","?","?","M","R","M","M","T","?","M","R","?","M","R","BOSS","R","$","E"],"build_version":"2019-01-23","purchased_purges":3,"victory":false,"max_hp_per_floor":[75,75,75,75,75,75,75,75,75,75,75,75,75,75,75,75,75,75,75,75,75,75,75,75,75,75,75,75,75,75,75,75,75,80,80,80,80,80,80,80,80,80,80,80,80,80,80,80,80,80,80,80,80,80],"card_choices":[{"not_picked":["Stack","Steam"],"picked":"Melter","floor":1.0},{"not_picked":["Static Discharge","Steam Power"],"picked":"Stack","floor":4.0},{"not_picked":["Compile Driver","Rip and Tear"],"picked":"Go for the Eyes","floor":7.0},{"not_picked":["Turbo","Melter"],"picked":"Leap","floor":8.0},{"not_picked":["Lockon","Scrape"],"picked":"Genetic Algorithm","floor":10.0},{"not_picked":["Rip and Tear","Hello World"],"picked":"Gash","floor":12.0},{"not_picked":["Sweeping Beam","Turbo"],"picked":"Ball Lightning","floor":13.0},{"not_picked":["Compile Driver","Leap"],"picked":"Cold Snap","floor":14.0},{"not_picked":["Echo Form","All For One"],"picked":"Buffer","floor":16.0},{"not_picked":["Rebound","Turbo"],"picked":"Compile Driver+1","floor":18.0},{"not_picked":["Genetic Algorithm","Sweeping Beam"],"picked":"Buffer","floor":20.0},{"not_picked":["Chill+1","Conserve Battery+1"],"picked":"Glacier+1","floor":28.0},{"not_picked":["Sweeping Beam+1","Coolheaded+1"],"picked":"Leap+1","floor":29.0},{"not_picked":["Darkness+1","Recycle+1"],"picked":"Steam+1","floor":30.0},{"not_picked":["White Noise+1","Capacitor+1"],"picked":"Consume+1","floor":31.0},{"not_picked":["Reboot+1","Buffer"],"picked":"Multi-Cast+1","floor":33.0},{"not_picked":["Sweeping Beam","Compile Driver"],"picked":"Aggregate+1","floor":34.0},{"not_picked":["Sweeping Beam","Heatsinks"],"picked":"Hologram+1","floor":35.0},{"not_picked":["Dramatic Entrance","Flash of Steel"],"picked":"Forethought+1","floor":37.0},{"not_picked":["Chrysalis+1","Transmutation+1"],"picked":"Metamorphosis+1","floor":37.0},{"not_picked":["Panache","Purity+1"],"picked":"Jack Of All Trades+1","floor":37.0},{"not_picked":["Turbo+1","Genetic Algorithm+1"],"picked":"Gash","floor":39.0},{"not_picked":["Static Discharge+1","Stack+1"],"picked":"Sweeping Beam+1","floor":41.0},{"not_picked":["Genetic Algorithm+1","FTL"],"picked":"Conserve Battery+1","floor":42.0},{"not_picked":["Core Surge","Steam+1"],"picked":"Consume+1","floor":44.0},{"not_picked":["Conserve Battery+1","Sweeping Beam"],"picked":"Go for the Eyes+1","floor":45.0},{"not_picked":["Compile Driver","Sweeping Beam"],"picked":"Hologram+1","floor":48}],"player_experience":120483,"relics_obtained":[{"floor":8.0,"key":"Orichalcum"},{"floor":9.0,"key":"Vajra"},{"floor":26.0,"key":"Art of War"},{"floor":31.0,"key":"Red Mask"}],"event_choices":[{"damage_healed":0.0,"max_hp_gain":0.0,"max_hp_loss":0.0,"gold_gain":0.0,"cards_transformed":["Defend_B"],"event_name":"Living Wall","player_choice":"Change","floor":2.0,"gold_loss":0.0,"damage_taken":0.0,"cards_obtained":["Core Surge"]},{"damage_healed":0.0,"max_hp_gain":0.0,"max_hp_loss":0.0,"gold_gain":175.0,"event_name":"Liars Game","player_choice":"AGREE","floor":3.0,"gold_loss":0.0,"damage_taken":0.0,"cards_obtained":["Doubt"]},{"damage_healed":27.0,"max_hp_gain":0.0,"max_hp_loss":0.0,"gold_gain":0.0,"event_name":"Wheel of Change","player_choice":"Full Heal","floor":19.0,"gold_loss":0.0,"damage_taken":0.0},{"damage_healed":0.0,"max_hp_gain":0.0,"max_hp_loss":0.0,"gold_gain":0.0,"event_name":"Masked Bandits","player_choice":"Fought Bandits","floor":31.0,"gold_loss":0.0,"damage_taken":0.0},{"damage_healed":0.0,"max_hp_gain":0.0,"max_hp_loss":0.0,"gold_gain":0.0,"event_name":"SensoryStone","player_choice":"Memory 3","floor":37.0,"gold_loss":0.0,"damage_taken":10.0},{"cards_removed":["Strike_B"],"damage_healed":0.0,"max_hp_gain":0.0,"max_hp_loss":0.0,"gold_gain":0.0,"event_name":"Bonfire Elementals","player_choice":"Offered Basic","floor":38.0,"gold_loss":0.0,"damage_taken":0.0},{"damage_healed":0.0,"max_hp_gain":0.0,"max_hp_loss":0.0,"gold_gain":222.0,"event_name":"Tomb of Lord Red Mask","player_choice":"Wore Mask","floor":47.0,"gold_loss":0.0,"damage_taken":0.0}],"is_beta":false,"boss_relics":[{"not_picked":["Velvet Choker","Runic Dome"],"picked":"FrozenCore"},{"not_picked":["Black Star","Coffee Dripper"],"picked":"Tiny House"}],"items_purged_floors":[5,21,53],"is_endless":false,"potions_floor_spawned":[7,8,12,16,18,30,31,41,42,44,45],"killed_by":"Shield and Spear","ascension_level":6}