{"gold_per_floor":[218,234,244,263,263,263,292,292,292,35,35,11,11,75,75,154,154,170,185,185,185,15,42,42,59,59,22,22,37,55,55,55,129,129,146,165,5,23,23,23,23,23,23,23,23,50,96,96,96,96,96],"floor_reached":52,"playtime":2308,"items_purged":[],"score":1792,"play_id":"879f2422-c2a6-4570-ba45-62dab3c4a44c","local_time":"20190618200441","is_ascension_mode":true,"campfire_choices":[{"floor":6.0,"key":"REST"},{"floor":11.0,"key":"REST"},{"data":"Coolheaded","floor":13.0,"key":"SMITH"},{"floor":15.0,"key":"DIG"},{"floor":24.0,"key":"REST"},{"data":"Biased Cognition","floor":28.0,"key":"SMITH"},{"data":"Blizzard","floor":32.0,"key":"SMITH"},{"floor":40,"key":"REST"},{"data":"Defragment","floor":42,"key":"SMITH"},{"data":"Fission","floor":45,"key":"SMITH"},{"data":"Seek","floor":49,"key":"SMITH"}],"neow_cost":"NONE","seed_source_timestamp":209721519262,"circlet_count":0,"master_deck":["AscendersBane","Strike_B","Strike_B","Defend_B","Defend_B","Defend_B","Defend_B","Zap","Dualcast","Go for the Eyes","Chill","Cold Snap+1","Rip and Tear","Conserve Battery","Genetic Algorithm","Coolheaded+1","Compile Driver","Biased Cognition+1","Coolheaded","Blizzard+1","Hyperbeam","Echo Form","Core Surge+1","BootSequence","Capacitor+1","Glacier","Capacitor","Defragment+1","Fission+1","Meteor Strike","Coolheaded+1","Seek+1"],"special_seed":0,"relics":["FrozenCore","Shovel","Mercury Hourglass","Calipers","Frozen Eye","Bronze Scales","Happy Flower","Whetstone","Question Card","Sozu","Ornamental Fan","Singing Bowl","Art of War"],"potions_floor_usage":[51],"damage_taken":[{"damage":6.0,"enemies":"Small Slimes","floor":1.0,"turns":4.0},{"damage":8.0,"enemies":"2 Louse","floor":2.0,"turns":3.0},{"damage":7.0,"enemies":"Jaw Worm","floor":3.0,"turns":4.0},{"damage":2.0,"enemies":"Looter","floor":4.0,"turns":3.0},{"damage":21.0,"enemies":"Gremlin Nob","floor":7.0,"turns":4.0},{"damage":0.0,"enemies":"Exordium Thugs","floor":12.0,"turns":4.0},{"damage":25.0,"enemies":"Lagavulin Event","floor":14.0,"turns":5.0},{"damage":5.0,"enemies":"Hexaghost","floor":16.0,"turns":9.0},{"damage":0.0,"enemies":"Spheric Guardian","floor":18.0,"turns":5.0},{"damage":1.0,"enemies":"3 Byrds","floor":19.0,"turns":3.0},{"damage":25.0,"enemies":"Gremlin Leader","floor":23.0,"turns":6.0},{"damage":2.0,"enemies":"Centurion and Healer","floor":25.0,"turns":9.0},{"damage":0.0,"enemies":"3 Cultists","floor":29.0,"turns":5.0},{"damage":0.0,"enemies":"Snecko","floor":30.0,"turns":7.0},{"damage":13,"enemies":"Champ","floor":33,"turns":21},{"damage":5,"enemies":"Orb Walker","floor":35,"turns":5},{"damage":0,"enemies":"3 Shapes","floor":36,"turns":4},{"damage":28,"enemies":"Jaw Worm Horde","floor":38,"turns":5},{"damage":26,"enemies":"Reptomancer","floor":46,"turns":9},{"damage":6,"enemies":"Time Eater","floor":50,"turns":15},{"damage":7,"enemies":"Awakened One","floor":51,"turns":12}],"seed_played":"-3775729181907301660","potions_obtained":[{"floor":4.0,"key":"Weak Potion"},{"floor":7.0,"key":"Poison Potion"},{"floor":14.0,"key":"AttackPotion"},{"floor":23.0,"key":"GamblersBrew"},{"floor":25.0,"key":"LiquidBronze"},{"floor":33,"key":"Ancient Potion"}],"is_trial":false,"path_per_floor":["M","M","M","M","?","R","E","?","T","$","R","M","R","?","R","B",null,"M","M","?","?","$","E","R","M","T","$","R","M","M","$","R","B",null,"M","M","$","M","?","R","$","R","T","$","R","E","T","?","R","B","B",null],"character_chosen":"DEFECT","items_purchased":["Genetic Algorithm","Frozen Eye","Core Surge","BootSequence","Capacitor","Meteor Strike"],"campfire_rested":4,"item_purchase_floors":[10,10,22,22,27,37],"current_hp_per_floor":[58,50,43,41,15,36,15,15,15,15,36,36,36,11,11,6,55,55,54,54,54,54,29,50,48,48,48,48,48,48,48,48,35,62,57,57,57,29,29,49,49,49,49,49,49,23,23,55,55,49,42],"gold":96,"neow_bonus":"HUNDRED_GOLD","is_prod":false,"is_daily":false,"chose_seed":false,"campfire_upgraded":6,"win_rate":0,"timestamp":1560881081,"path_taken":["M","M","M","M","?","R","E","?","T","$","R","M","R","?","R","BOSS","M","M","?","?","$","E","R","M","T","$","R","M","M","?","R","BOSS","M","M","$","M","?","R","$","R","T","$","R","E","?","?","R","BOSS","BOSS"],"build_version":"2019-06-17v2","purchased_purges":0,"victory":true,"max_hp_per_floor":[71,71,71,71,71,71,71,71,71,71,71,71,71,71,71,71,71,71,71,71,71,71,71,71,71,71,71,71,71,71,71,71,71,71,71,71,71,71,67,67,67,67,67,67,67,67,67,55,55,55,55],"card_choices":[{"not_picked":["Leap","Compile Driver"],"picked":"Go for the Eyes","floor":1.0},{"not_picked":["Rebound","Hologram"],"picked":"Chill","floor":2.0},{"not_picked":["Hello World","Hologram"],"picked":"Cold Snap","floor":3.0},{"not_picked":["Steam","Conserve Battery"],"picked":"Rip and Tear","floor":4.0},{"not_picked":["Melter","Beam Cell"],"picked":"Conserve Battery","floor":7.0},{"not_picked":["Aggregate","Conserve Battery"],"picked":"Coolheaded","floor":12.0},{"not_picked":["Steam Power","Barrage"],"picked":"Compile Driver","floor":14.0},{"not_picked":["Creative AI","Seek"],"picked":"Biased Cognition","floor":16.0},{"not_picked":["Conserve Battery","Beam Cell"],"picked":"Coolheaded","floor":18.0},{"not_picked":["Auto Shields","Turbo"],"picked":"Blizzard","floor":19.0},{"not_picked":["Compile Driver","Buffer"],"picked":"Capacitor+1","floor":23.0},{"not_picked":["Coolheaded","Ball Lightning"],"picked":"Glacier","floor":25.0},{"not_picked":["Barrage","Loop","Go for the Eyes","Hologram"],"picked":"SKIP","floor":29.0},{"not_picked":["Barrage","Loop","Go for the Eyes","Hologram"],"picked":"SKIP","floor":29.0},{"not_picked":["Turbo","Skim","Barrage"],"picked":"Defragment","floor":30.0},{"not_picked":["Echo Form","All For One","Rainbow"],"picked":"Fission","floor":33},{"not_picked":["Consume","Turbo+1","Redo","Go for the Eyes"],"picked":"SKIP","floor":35},{"not_picked":["Compile Driver","Auto Shields+1","Hello World","Redo"],"picked":"SKIP","floor":36},{"not_picked":["Streamline+1","Compile Driver","Beam Cell+1"],"picked":"Coolheaded+1","floor":38},{"not_picked":["Rebound","Auto Shields","Go for the Eyes"],"picked":"Seek","floor":46}],"player_experience":1726766,"relics_obtained":[{"floor":7.0,"key":"Mercury Hourglass"},{"floor":9.0,"key":"Calipers"},{"floor":14.0,"key":"Bronze Scales"},{"floor":15.0,"key":"Happy Flower"},{"floor":23.0,"key":"Whetstone"},{"floor":26.0,"key":"Question Card"},{"floor":43,"key":"Ornamental Fan"},{"floor":46,"key":"Singing Bowl"},{"floor":47,"key":"Art of War"}],"event_choices":[{"damage_healed":0.0,"max_hp_gain":0.0,"max_hp_loss":0.0,"gold_gain":0.0,"event_name":"Scrap Ooze","player_choice":"Success","floor":5.0,"gold_loss":0.0,"damage_taken":26.0,"relics_obtained":["Shovel"]},{"damage_healed":0.0,"max_hp_gain":0.0,"max_hp_loss":0.0,"gold_gain":0.0,"event_name":"Golden Wing","player_choice":"Ignored","floor":8.0,"gold_loss":0.0,"damage_taken":0.0},{"damage_healed":0.0,"max_hp_gain":0.0,"max_hp_loss":0.0,"gold_gain":0.0,"event_name":"Dead Adventurer","player_choice":"Searched \u00272\u0027 times","floor":14.0,"gold_loss":0.0,"damage_taken":0.0},{"damage_healed":0.0,"max_hp_gain":0.0,"max_hp_loss":0.0,"gold_gain":0.0,"cards_transformed":["Strike_B","Strike_B"],"event_name":"Drug Dealer","player_choice":"Became Test Subject","floor":20.0,"gold_loss":0.0,"damage_taken":0.0,"cards_obtained":["Hyperbeam","Echo Form"]},{"damage_healed":0.0,"max_hp_gain":0.0,"max_hp_loss":0.0,"gold_gain":0.0,"event_name":"WeMeetAgain","player_choice":"Ignored","floor":21.0,"gold_loss":0.0,"damage_taken":0.0},{"damage_healed":0,"gold_gain":0,"player_choice":"Max HP","damage_taken":0,"max_hp_gain":0,"max_hp_loss":4,"event_name":"Winding Halls","floor":39,"gold_loss":0},{"damage_healed":55,"gold_gain":0,"player_choice":"Heal","damage_taken":0,"max_hp_gain":0,"max_hp_loss":12,"event_name":"The Moai Head","floor":48,"gold_loss":0}],"is_beta":true,"boss_relics":[{"not_picked":["Ectoplasm","Busted Crown"],"picked":"FrozenCore"},{"not_picked":["Velvet Choker","Tiny House"],"picked":"Sozu"}],"items_purged_floors":[],"is_endless":false,"potions_floor_spawned":[4,7,14,23,25,33,35,38],"ascension_level":20}