{"gold_per_floor":[116,116,41,41,55,55,74,74,100,100,118,118,118,152,152,152],"floor_reached":16,"playtime":271,"items_purged":["Strike_G"],"score":196,"play_id":"f14c202f-3ebd-4708-b435-05c454d2caca","local_time":"20190808142731","is_ascension_mode":true,"campfire_choices":[{"data":"All Out Attack","floor":6.0,"key":"SMITH"},{"data":"Neutralize","floor":10.0,"key":"SMITH"},{"data":"Backflip","floor":12,"key":"SMITH"},{"floor":15,"key":"REST"}],"neow_cost":"NONE","seed_source_timestamp":180791284025673,"circlet_count":0,"master_deck":["AscendersBane","Strike_G","Strike_G","Strike_G","Defend_G","Defend_G+1","Defend_G","Defend_G+1","Defend_G","Survivor","Neutralize+1","Dramatic Entrance","Masterful Stab+1","All Out Attack+1","Backflip+1","PiercingWail"],"special_seed":0,"relics":["Ring of the Snake","Golden Idol","War Paint","Centennial Puzzle"],"potions_floor_usage":[14,16],"damage_taken":[{"damage":7.0,"enemies":"Jaw Worm","floor":1.0,"turns":8.0},{"damage":0.0,"enemies":"2 Louse","floor":5.0,"turns":3.0},{"damage":0.0,"enemies":"Cultist","floor":7.0,"turns":3.0},{"damage":12,"enemies":"Large Slime","floor":11,"turns":5},{"damage":6,"enemies":"Gremlin Nob","floor":14,"turns":4},{"damage":15,"enemies":"Slime Boss","floor":16,"turns":7}],"seed_played":"-2564496644852700050","potions_obtained":[{"floor":5.0,"key":"Explosive Potion"},{"floor":11,"key":"GhostInAJar"}],"is_trial":false,"path_per_floor":["M","?","$","?","M","R","M","?","T","R","M","R","?","E","R","B"],"character_chosen":"THE_SILENT","items_purchased":[],"campfire_rested":1,"item_purchase_floors":[],"current_hp_per_floor":[52,45,45,45,45,45,45,45,45,45,33,33,15,9,27,12],"gold":152,"neow_bonus":"RANDOM_COLORLESS","is_prod":false,"is_daily":false,"chose_seed":false,"campfire_upgraded":3,"win_rate":0,"timestamp":1565242051,"path_taken":["M","?","$","?","M","R","M","?","T","R","?","R","?","E","R","BOSS"],"build_version":"2019-07-17","purchased_purges":1,"victory":false,"max_hp_per_floor":[66,66,66,60,60,60,60,60,60,60,60,60,60,60,60,60],"card_choices":[{"not_picked":["Leg Sweep","Expertise"],"picked":"Masterful Stab","floor":1.0},{"not_picked":["Eviscerate","Setup"],"picked":"All Out Attack","floor":5.0},{"not_picked":["Quick Slash","Outmaneuver","Sucker Punch"],"picked":"SKIP","floor":7.0},{"not_picked":["Bane","Prepared"],"picked":"Backflip","floor":11},{"not_picked":["Setup","Underhanded Strike"],"picked":"PiercingWail","floor":14}],"player_experience":817974,"relics_obtained":[{"floor":14,"key":"Centennial Puzzle"}],"event_choices":[{"cards_removed":["Strike_G"],"damage_healed":0.0,"max_hp_gain":0.0,"max_hp_loss":0.0,"gold_gain":0.0,"event_name":"Golden Wing","player_choice":"Card Removal","floor":2.0,"gold_loss":0.0,"damage_taken":7.0},{"damage_healed":0.0,"max_hp_gain":0.0,"max_hp_loss":6.0,"gold_gain":0.0,"event_name":"Golden Idol","player_choice":"Lose Max HP","floor":4.0,"gold_loss":0.0,"damage_taken":0.0,"relics_obtained":["Golden Idol"]},{"damage_healed":0.0,"max_hp_gain":0.0,"max_hp_loss":0.0,"gold_gain":0.0,"event_name":"Upgrade Shrine","player_choice":"Upgraded","floor":8.0,"gold_loss":0.0,"damage_taken":0.0,"cards_upgraded":["Masterful Stab"]},{"damage_healed":0,"gold_gain":0,"player_choice":"Success","damage_taken":18,"relics_obtained":["War Paint"],"max_hp_gain":0,"max_hp_loss":0,"event_name":"Scrap Ooze","floor":13,"gold_loss":0}],"is_beta":false,"boss_relics":[],"items_purged_floors":[3],"is_endless":false,"potions_floor_spawned":[5,11],"killed_by":"Slime Boss","ascension_level":20}