{"gold_per_floor":[117,117,267,267,286,314,328,328,328,328,338,356,388,406,406,406],"floor_reached":16,"playtime":430,"items_purged":[],"score":267,"play_id":"e95c23bb-9e62-4528-b0ca-46b4c5dfd24d","local_time":"20190806221939","is_ascension_mode":true,"campfire_choices":[{"data":"Dualcast","floor":8,"key":"SMITH"},{"floor":10,"key":"REST"},{"data":"Zap","floor":15,"key":"SMITH"}],"neow_cost":"NONE","seed_source_timestamp":47424901502962,"circlet_count":0,"master_deck":["AscendersBane","Strike_B","Strike_B","Strike_B","Strike_B","Defend_B","Defend_B","Defend_B","Zap+1","Dualcast+1","Doubt","Self Repair+1","Cold Snap+1","Glacier","Lockon+1","Streamline+1"],"relics":["Cracked Core","NeowsBlessing","Pear","Frozen Egg 2","Molten Egg 2","Boot"],"potions_floor_usage":[12,13,13],"damage_taken":[{"damage":0,"enemies":"Cultist","floor":1,"turns":1},{"damage":0,"enemies":"Jaw Worm","floor":5,"turns":1},{"damage":0,"enemies":"Gremlin Nob","floor":6,"turns":1},{"damage":19,"enemies":"Small Slimes","floor":7,"turns":3},{"damage":16,"enemies":"Blue Slaver","floor":11,"turns":4},{"damage":0,"enemies":"Lots of Slimes","floor":12,"turns":3},{"damage":16,"enemies":"3 Sentries","floor":13,"turns":10},{"damage":9,"enemies":"Looter","floor":14,"turns":2},{"damage":55,"enemies":"Slime Boss","floor":16,"turns":7}],"seed_played":"7953573135766191383","potions_obtained":[{"floor":1,"key":"EssenceOfSteel"},{"floor":7,"key":"Poison Potion"},{"floor":11,"key":"Explosive Potion"},{"floor":12,"key":"Poison Potion"}],"is_trial":false,"path_per_floor":["M","?","?","?","M","E","M","R","T","R","M","M","E","M","R","B"],"character_chosen":"DEFECT","items_purchased":[],"campfire_rested":1,"item_purchase_floors":[],"current_hp_per_floor":[64,64,64,56,56,56,37,37,37,61,55,65,59,50,50,0],"gold":406,"neow_bonus":"THREE_ENEMY_KILL","is_prod":false,"is_daily":false,"chose_seed":false,"campfire_upgraded":2,"win_rate":0,"timestamp":1565097579,"path_taken":["M","?","?","?","M","E","M","R","T","R","?","M","E","?","R","BOSS"],"build_version":"2019-07-17","purchased_purges":0,"victory":false,"max_hp_per_floor":[71,71,71,81,81,81,81,81,81,81,81,81,81,81,81,81],"card_choices":[{"not_picked":["Static Discharge","Steam","Barrage"],"picked":"SKIP","floor":1},{"not_picked":["Beam Cell","Double Energy","Darkness"],"picked":"SKIP","floor":5},{"not_picked":["Darkness","Redo","Beam Cell"],"picked":"SKIP","floor":6},{"not_picked":["Coolheaded","Loop+1"],"picked":"Self Repair+1","floor":7},{"not_picked":["Turbo","Hologram"],"picked":"Cold Snap+1","floor":11},{"not_picked":["Skim","Redo"],"picked":"Glacier","floor":12},{"not_picked":["Steam","Consume"],"picked":"Lockon+1","floor":13},{"not_picked":["Leap","Fusion"],"picked":"Streamline+1","floor":14}],"player_experience":266908,"relics_obtained":[{"floor":6,"key":"Frozen Egg 2"},{"floor":9,"key":"Molten Egg 2"},{"floor":13,"key":"Boot"}],"event_choices":[{"cards_removed":["Defend_B"],"damage_healed":0,"gold_gain":0,"player_choice":"Forget","damage_taken":0,"max_hp_gain":0,"max_hp_loss":0,"event_name":"Living Wall","floor":2,"gold_loss":0},{"damage_healed":0,"gold_gain":150,"player_choice":"AGREE","damage_taken":0,"max_hp_gain":0,"max_hp_loss":0,"event_name":"Liars Game","floor":3,"gold_loss":0,"cards_obtained":["Doubt"]},{"damage_healed":0,"gold_gain":0,"player_choice":"Success","damage_taken":18,"relics_obtained":["Pear"],"max_hp_gain":0,"max_hp_loss":0,"event_name":"Scrap Ooze","floor":4,"gold_loss":0}],"is_beta":false,"boss_relics":[],"items_purged_floors":[],"is_endless":false,"potions_floor_spawned":[1,7,11,12],"killed_by":"Slime Boss","ascension_level":19}