{"gold_per_floor":[111,127,11,27,40,70,70,97,97,97,172,172,197,227,227,306,306,306,326,326,5,55,55,67,102,125,150,150],"floor_reached":28,"playtime":2819,"items_purged":["Underhanded Strike"],"score":553,"play_id":"2f4e4fd8-5353-4501-bdf7-70876c95b167","local_time":"20190806183957","is_ascension_mode":true,"campfire_choices":[{"data":"Predator","floor":7.0,"key":"SMITH"},{"floor":12.0,"key":"REST"},{"floor":15.0,"key":"REST"},{"data":"1","floor":23,"key":"LIFT"}],"neow_cost":"TEN_PERCENT_HP_LOSS","seed_source_timestamp":402822445743300,"circlet_count":0,"master_deck":["AscendersBane","Survivor","Neutralize","PiercingWail+1","Predator+1","Noxious Fumes","PiercingWail","PiercingWail","A Thousand Cuts+1","Venomology","Die Die Die","Heel Hook","Riddle With Holes","Storm of Steel","Expertise","Cloak And Dagger","Choke","Accuracy+1","Corpse Explosion","Blur","Infinite Blades+1","Well Laid Plans+1","PiercingWail","Sucker Punch+1","Dodge and Roll"],"special_seed":0,"relics":["Ring of the Snake","Torii","Frozen Egg 2","Girya","Dodecahedron","War Paint","Question Card","Pandora\u0027s Box","Lantern","Bronze Scales","Omamori","Boot"],"potions_floor_usage":[24,25,27,28],"damage_taken":[{"damage":1.0,"enemies":"Small Slimes","floor":1.0,"turns":4.0},{"damage":0.0,"enemies":"2 Louse","floor":2.0,"turns":4.0},{"damage":0.0,"enemies":"Jaw Worm","floor":4.0,"turns":5.0},{"damage":1.0,"enemies":"2 Fungi Beasts","floor":5.0,"turns":5.0},{"damage":25.0,"enemies":"3 Sentries","floor":6.0,"turns":9.0},{"damage":15.0,"enemies":"Lagavulin","floor":8.0,"turns":8.0},{"damage":28.0,"enemies":"The Guardian","floor":16.0,"turns":14.0},{"damage":0.0,"enemies":"Chosen","floor":18.0,"turns":3.0},{"damage":1,"enemies":"3 Byrds","floor":19,"turns":4},{"damage":8,"enemies":"Centurion and Healer","floor":24,"turns":4},{"damage":21,"enemies":"Slavers","floor":25,"turns":5},{"damage":16,"enemies":"Book of Stabbing","floor":27,"turns":4},{"damage":3,"enemies":"Snake Plant","floor":28,"turns":1}],"seed_played":"-2227209744731411792","potions_obtained":[{"floor":2.0,"key":"PowerPotion"},{"floor":8.0,"key":"SteroidPotion"},{"floor":19,"key":"Poison Potion"},{"floor":24,"key":"Energy Potion"},{"floor":27,"key":"LiquidBronze"}],"is_trial":false,"path_per_floor":["M","M","$","M","M","E","R","E","T","?","?","R","T","?","R","B",null,"M","M","?","$","?","R","M","E","T","E","M"],"character_chosen":"THE_SILENT","items_purchased":["Noxious Fumes","PiercingWail","Lantern","Well Laid Plans+1"],"campfire_rested":2,"item_purchase_floors":[3,3,21,21],"current_hp_per_floor":[58,58,58,58,57,32,32,17,17,17,6,24,24,24,42,14,49,49,48,48,48,48,48,40,19,19,3,0],"gold":150,"neow_bonus":"ONE_RARE_RELIC","is_prod":false,"is_daily":false,"chose_seed":false,"campfire_upgraded":1,"win_rate":0,"timestamp":1565141997,"path_taken":["M","M","$","M","M","E","R","E","T","?","?","R","?","?","R","BOSS","M","M","?","$","?","R","M","E","T","E","?"],"build_version":"2019-07-17","purchased_purges":1,"victory":false,"max_hp_per_floor":[60,60,60,60,60,60,60,60,60,60,60,60,60,60,60,60,60,60,60,60,60,60,60,60,60,60,60,60],"card_choices":[{"not_picked":["Concentrate","Underhanded Strike"],"picked":"PiercingWail","floor":1.0},{"not_picked":["Accuracy","Prepared"],"picked":"Predator","floor":2.0},{"not_picked":["Acrobatics","Prepared","Slice"],"picked":"SKIP","floor":4.0},{"not_picked":["Underhanded Strike","Deflect"],"picked":"PiercingWail","floor":5.0},{"not_picked":["Cloak And Dagger","Eviscerate"],"picked":"A Thousand Cuts","floor":6.0},{"not_picked":["Terror","Eviscerate"],"picked":"Venomology","floor":8.0},{"not_picked":["Unload","Venomology","Night Terror"],"picked":"Die Die Die","floor":16.0},{"not_picked":["Poisoned Stab","Dagger Spray","Flying Knee"],"picked":"Infinite Blades+1","floor":19},{"not_picked":["Acrobatics","Dagger Throw","Deflect"],"picked":"PiercingWail","floor":24},{"not_picked":["Poisoned Stab","Backflip","Catalyst"],"picked":"Sucker Punch+1","floor":25},{"not_picked":["Finisher","Flying Knee","Deadly Poison"],"picked":"Dodge and Roll","floor":27}],"player_experience":1291799,"relics_obtained":[{"floor":6.0,"key":"Frozen Egg 2"},{"floor":8.0,"key":"Girya"},{"floor":9.0,"key":"Dodecahedron"},{"floor":13.0,"key":"War Paint"},{"floor":25,"key":"Bronze Scales"},{"floor":26,"key":"Omamori"},{"floor":27,"key":"Boot"}],"event_choices":[{"damage_healed":0.0,"max_hp_gain":0.0,"max_hp_loss":0.0,"gold_gain":0.0,"event_name":"Liars Game","player_choice":"Ignored","floor":10.0,"gold_loss":0.0,"damage_taken":0.0},{"damage_healed":0.0,"max_hp_gain":0.0,"max_hp_loss":0.0,"gold_gain":75.0,"event_name":"World of Goop","player_choice":"Gather Gold","floor":11.0,"gold_loss":0.0,"damage_taken":11.0},{"damage_healed":0.0,"max_hp_gain":0.0,"max_hp_loss":0.0,"gold_gain":30.0,"event_name":"Dead Adventurer","player_choice":"Searched \u00273\u0027 times","floor":14.0,"gold_loss":0.0,"damage_taken":0.0,"relics_obtained":["Question Card"]},{"damage_healed":0,"gold_gain":0,"player_choice":"Ignored","damage_taken":0,"max_hp_gain":0,"max_hp_loss":0,"event_name":"Vampires","floor":20,"gold_loss":0},{"damage_healed":0,"gold_gain":50,"player_choice":"Stole From Cult","damage_taken":0,"max_hp_gain":0,"max_hp_loss":0,"event_name":"Nest","floor":22,"gold_loss":0}],"is_beta":false,"boss_relics":[{"not_picked":["Eternal Feather","Snecko Eye"],"picked":"Pandora\u0027s Box"}],"items_purged_floors":[21],"is_endless":false,"potions_floor_spawned":[2,8,19,24,27],"killed_by":"Snake Plant","ascension_level":20}