{"gold_per_floor":[116,128,146,164,339,339,52,52,82,94,94,120,135,135,135,236,236,246,246,246,148,165,165,194,194,194,520,520,533,564,578,578,678,678,694,694,707,595,649,649,662,737,737,737,757,757],"floor_reached":46,"playtime":4048,"items_purged":["Doubt","Pain"],"score":740,"play_id":"05074f5d-4fa7-430e-97f2-9d4cb507d812","local_time":"20190801185514","is_ascension_mode":true,"campfire_choices":[{"data":"Noxious Fumes","floor":6,"key":"SMITH"},{"data":"Well Laid Plans","floor":8,"key":"SMITH"},{"data":"Backflip","floor":11,"key":"SMITH"},{"floor":15,"key":"REST"},{"data":"Catalyst","floor":23,"key":"SMITH"},{"data":"Well Laid Plans","floor":32,"key":"SMITH"},{"data":"Footwork","floor":40,"key":"SMITH"},{"data":"Footwork","floor":44,"key":"SMITH"}],"neow_cost":"NONE","seed_source_timestamp":223929613074200,"circlet_count":0,"master_deck":["Strike_G+1","Strike_G+1","Defend_G+1","Defend_G+1","Defend_G+1","Defend_G+1","Defend_G+1","Survivor","Neutralize","Bouncing Flask","Noxious Fumes+1","Backflip+1","Well Laid Plans+1","Caltrops","Blur+1","Corpse Explosion","Catalyst+1","Adrenaline","Setup","Acrobatics","PiercingWail","Well Laid Plans+1","Ghostly","Ghostly","Ghostly","Ghostly","Ghostly","Blur","Dash","Catalyst","Acrobatics","Footwork+1","Footwork+1","Backflip","Regret"],"relics":["Ring of the Snake","Bag of Preparation","Lantern","Tiny Chest","The Courier","Sozu","WarpedTongs","Paper Crane","Meat on the Bone","Old Coin","Anchor","Cursed Key","Thread and Needle","Pantograph"],"potions_floor_usage":[],"damage_taken":[{"damage":1,"enemies":"Small Slimes","floor":1,"turns":4},{"damage":0,"enemies":"2 Louse","floor":2,"turns":2},{"damage":4,"enemies":"Cultist","floor":3,"turns":3},{"damage":13,"enemies":"3 Louse","floor":4,"turns":5},{"damage":7,"enemies":"Large Slime","floor":10,"turns":5},{"damage":12,"enemies":"Lagavulin","floor":12,"turns":5},{"damage":10,"enemies":"Exordium Wildlife","floor":13,"turns":5},{"damage":0,"enemies":"The Guardian","floor":16,"turns":9},{"damage":0,"enemies":"Chosen","floor":18,"turns":5},{"damage":0,"enemies":"Shell Parasite","floor":22,"turns":3},{"damage":14,"enemies":"Slavers","floor":24,"turns":4},{"damage":14,"enemies":"Gremlin Leader","floor":27,"turns":6},{"damage":3,"enemies":"3 Cultists","floor":29,"turns":5},{"damage":0,"enemies":"Slavers","floor":30,"turns":4},{"damage":1,"enemies":"Centurion and Healer","floor":31,"turns":7},{"damage":1,"enemies":"Champ","floor":33,"turns":9},{"damage":0,"enemies":"3 Shapes","floor":35,"turns":3},{"damage":0,"enemies":"Orb Walker","floor":37,"turns":3},{"damage":3,"enemies":"2 Orb Walkers","floor":39,"turns":4},{"damage":0,"enemies":"Writhing Mass","floor":41,"turns":5},{"damage":3,"enemies":"Maw","floor":45,"turns":6},{"damage":32,"enemies":"Transient","floor":46,"turns":4}],"seed_played":"-1174896272024465975","potions_obtained":[{"floor":1,"key":"SpeedPotion"},{"floor":3,"key":"GhostInAJar"},{"floor":16,"key":"Regen Potion"}],"is_trial":false,"path_per_floor":["M","M","M","M","?","R","$","R","T","M","R","E","M","?","R","B",null,"M","?","?","$","M","R","E","?","T","E","?","M","E","M","R","B",null,"M","?","M","$","?","R","M","T","T","R","M","M"],"character_chosen":"THE_SILENT","items_purchased":["Well Laid Plans","Lantern","Acrobatics","Footwork","Footwork"],"campfire_rested":1,"item_purchase_floors":[7,7,21,38,38],"current_hp_per_floor":[69,69,65,52,52,52,52,52,52,45,45,33,23,23,44,44,70,70,70,70,70,70,70,56,56,56,42,35,32,32,31,31,30,35,35,35,35,35,32,32,32,32,32,32,29,0],"gold":757,"neow_bonus":"RANDOM_COMMON_RELIC","is_prod":false,"is_daily":false,"chose_seed":false,"campfire_upgraded":7,"win_rate":0,"timestamp":1564700114,"path_taken":["M","M","M","M","?","R","$","R","T","M","R","E","M","?","R","BOSS","M","?","?","$","?","R","E","?","T","E","?","M","E","M","R","BOSS","M","?","?","?","?","R","M","?","T","R","M","M"],"build_version":"2019-07-18","purchased_purges":2,"victory":false,"max_hp_per_floor":[70,70,70,70,70,70,70,70,70,70,70,70,70,70,70,70,70,70,70,70,70,70,70,70,70,70,70,35,35,35,35,35,35,35,35,35,35,35,35,35,35,35,35,35,35,35],"card_choices":[{"not_picked":["Backflip","Flying Knee"],"picked":"Bouncing Flask","floor":1},{"not_picked":["PiercingWail","Deflect"],"picked":"Noxious Fumes","floor":2},{"not_picked":["Bane","Deflect"],"picked":"Backflip","floor":3},{"not_picked":["Storm of Steel","Deflect","Dagger Spray"],"picked":"SKIP","floor":4},{"not_picked":["Riddle With Holes","Underhanded Strike"],"picked":"Caltrops","floor":10},{"not_picked":["Dagger Throw","Poisoned Stab","Bane"],"picked":"SKIP","floor":12},{"not_picked":["Outmaneuver","Poisoned Stab"],"picked":"Blur","floor":13},{"not_picked":["Adrenaline","Storm of Steel"],"picked":"Corpse Explosion","floor":16},{"not_picked":["Flechettes","Outmaneuver"],"picked":"Catalyst","floor":18},{"not_picked":["Riddle With Holes+1","Outmaneuver"],"picked":"PiercingWail","floor":22},{"not_picked":["Skewer","Choke","Sucker Punch"],"picked":"SKIP","floor":24},{"not_picked":["Terror","Dagger Throw"],"picked":"Well Laid Plans","floor":27},{"not_picked":["Deadly Poison","Cloak And Dagger"],"picked":"Blur","floor":29},{"not_picked":["Predator","Outmaneuver+1","Storm of Steel"],"picked":"SKIP","floor":30},{"not_picked":["PiercingWail","Blade Dance"],"picked":"Dash","floor":31},{"not_picked":["Distraction+1","Footwork+1"],"picked":"Catalyst","floor":35},{"not_picked":["Riddle With Holes","Leg Sweep+1","Backstab+1"],"picked":"SKIP","floor":37},{"not_picked":["Predator+1","Skewer"],"picked":"Backflip","floor":41},{"not_picked":["Cloak And Dagger+1","Venomology","Setup+1"],"picked":"SKIP","floor":45}],"player_experience":276100,"relics_obtained":[{"floor":9,"key":"Tiny Chest"},{"floor":12,"key":"The Courier"},{"floor":24,"key":"Paper Crane"},{"floor":26,"key":"Meat on the Bone"},{"floor":27,"key":"Old Coin"},{"floor":30,"key":"Anchor"},{"floor":39,"key":"Thread and Needle"},{"floor":42,"key":"Pantograph"}],"event_choices":[{"damage_healed":0,"gold_gain":175,"player_choice":"AGREE","damage_taken":0,"max_hp_gain":0,"max_hp_loss":0,"event_name":"Liars Game","floor":5,"gold_loss":0,"cards_obtained":["Doubt"]},{"damage_healed":0,"gold_gain":0,"player_choice":"Grow","damage_taken":0,"max_hp_gain":0,"max_hp_loss":0,"event_name":"Living Wall","floor":14,"gold_loss":0,"cards_upgraded":["Blur"]},{"damage_healed":0,"gold_gain":0,"cards_transformed":["Strike_G","Strike_G"],"player_choice":"Became Test Subject","damage_taken":0,"max_hp_gain":0,"max_hp_loss":0,"event_name":"Drug Dealer","floor":19,"gold_loss":0,"cards_obtained":["Adrenaline","Setup"]},{"damage_healed":0,"gold_gain":0,"player_choice":"Rummage","damage_taken":0,"relics_obtained":["WarpedTongs"],"max_hp_gain":0,"max_hp_loss":0,"event_name":"Accursed Blacksmith","floor":20,"gold_loss":0,"cards_obtained":["Pain"]},{"damage_healed":0,"gold_gain":0,"player_choice":"Simplicity","damage_taken":0,"max_hp_gain":0,"max_hp_loss":0,"event_name":"Back to Basics","floor":25,"gold_loss":0,"cards_upgraded":["Strike_G","Strike_G","Strike_G","Defend_G","Defend_G","Defend_G","Defend_G","Defend_G"]},{"damage_healed":0,"gold_gain":0,"player_choice":"Became a Ghost","damage_taken":0,"max_hp_gain":0,"max_hp_loss":35,"event_name":"Ghosts","floor":28,"gold_loss":0,"cards_obtained":["Ghostly","Ghostly","Ghostly","Ghostly","Ghostly"]},{"damage_healed":0,"gold_gain":0,"cards_transformed":["Strike_G"],"player_choice":"Transformed","damage_taken":0,"max_hp_gain":0,"max_hp_loss":0,"event_name":"Transmorgrifier","floor":36,"gold_loss":0,"cards_obtained":["Acrobatics"]},{"damage_healed":0,"gold_gain":0,"player_choice":"Fight","damage_taken":0,"max_hp_gain":0,"max_hp_loss":0,"event_name":"Mysterious Sphere","floor":39,"gold_loss":0}],"is_beta":true,"boss_relics":[{"not_picked":["Runic Pyramid","Runic Dome"],"picked":"Sozu"},{"not_picked":["Calling Bell","Snecko Eye"],"picked":"Cursed Key"}],"items_purged_floors":[7,21],"is_endless":false,"potions_floor_spawned":[1,3,16,24,27,29,33,35,37,45],"killed_by":"Transient","ascension_level":3}