{"gold_per_floor":[115,115,190,190,203,203,216,250,250,267,298,298,298,262,262,364,364,384,483,493,503,503,503,536,536,586,586,586,602,630,642,642,642],"floor_reached":33,"playtime":1279,"items_purged":["Strike_B"],"score":667,"play_id":"a959fe34-5511-4310-878a-70b57b7c5f9b","local_time":"20190809103549","is_ascension_mode":true,"campfire_choices":[{"data":"Defragment","floor":6.0,"key":"SMITH"},{"floor":12.0,"key":"REST"},{"floor":15.0,"key":"REST"},{"data":"Zap","floor":23,"key":"SMITH"},{"data":"Lockon","floor":25,"key":"SMITH"},{"floor":32,"key":"REST"}],"neow_cost":"","seed_source_timestamp":0,"circlet_count":0,"master_deck":["Strike_B+1","Strike_B+1","Strike_B+1","Defend_B+1","Defend_B+1","Defend_B+1","Defend_B+1","Zap+1","Dualcast","Defragment+1","Lockon+1","Conserve Battery","Leap","Melter","Reboot","Double Energy+1","Cold Snap","Ghostly","Ghostly","Ghostly","Ghostly","Ghostly","Injury","Tempest","Ball Lightning"],"special_seed":0,"relics":["Cracked Core","WingedGreaves","Sling","Bronze Scales","Kunai","Dodecahedron","Torii","DataDisk","Cursed Key","Regal Pillow","Ancient Tea Set","Juzu Bracelet"],"potions_floor_usage":[29,30,33],"damage_taken":[{"damage":0.0,"enemies":"Small Slimes","floor":1.0,"turns":2.0},{"damage":5.0,"enemies":"2 Louse","floor":5.0,"turns":2.0},{"damage":2.0,"enemies":"Jaw Worm","floor":7.0,"turns":3.0},{"damage":18.0,"enemies":"Lagavulin","floor":8.0,"turns":6.0},{"damage":11.0,"enemies":"Looter","floor":10.0,"turns":3.0},{"damage":19.0,"enemies":"3 Sentries","floor":11.0,"turns":7.0},{"damage":6.0,"enemies":"The Guardian","floor":16.0,"turns":9.0},{"damage":8,"enemies":"Shell Parasite","floor":18,"turns":4},{"damage":13,"enemies":"2 Thieves","floor":20,"turns":3},{"damage":15,"enemies":"Shelled Parasite and Fungi","floor":21,"turns":5},{"damage":0,"enemies":"Book of Stabbing","floor":24,"turns":6},{"damage":14,"enemies":"Snecko","floor":29,"turns":6},{"damage":0,"enemies":"Gremlin Leader","floor":30,"turns":6},{"damage":3,"enemies":"Snake Plant","floor":31,"turns":4},{"damage":55,"enemies":"Collector","floor":33,"turns":7}],"seed_played":"-2136570548341938963","potions_obtained":[{"floor":7.0,"key":"GamblersBrew"},{"floor":10.0,"key":"LiquidBronze"},{"floor":16.0,"key":"SpeedPotion"},{"floor":24,"key":"FocusPotion"},{"floor":30,"key":"FocusPotion"}],"is_trial":false,"path_per_floor":["M","?","?","?","M","R","M","E","T","M","E","R","T","$","R","B",null,"M","?","M","M","?","R","E","R","T","?","?","M","E","M","R","B"],"character_chosen":"DEFECT","items_purchased":["Defragment","Lockon","Sling","Bronze Scales","Melter"],"campfire_rested":3,"item_purchase_floors":[0,0,0,0,14],"current_hp_per_floor":[52,75,64,64,59,59,57,39,39,28,9,31,31,31,53,47,68,60,60,47,32,32,32,32,32,32,32,32,18,18,15,37,0],"gold":642,"neow_bonus":"","is_prod":false,"is_daily":false,"chose_seed":false,"campfire_upgraded":3,"win_rate":0,"timestamp":1565364949,"path_taken":["M","?","?","?","M","R","M","E","T","M","E","R","?","$","R","BOSS","M","?","M","M","?","R","E","R","T","?","?","M","E","M","R","BOSS"],"build_version":"2019-07-17","purchased_purges":1,"victory":false,"max_hp_per_floor":[75,75,75,75,75,75,75,75,75,75,75,75,75,75,75,75,75,75,75,75,75,37,37,37,37,37,37,37,37,37,37,37,37],"card_choices":[{"not_picked":["Hologram","Beam Cell","Stack"],"picked":"SKIP","floor":1.0},{"not_picked":["Coolheaded","Turbo"],"picked":"Conserve Battery","floor":5.0},{"not_picked":["Loop","Beam Cell","Turbo"],"picked":"SKIP","floor":7.0},{"not_picked":["Steam","Stack","Storm"],"picked":"SKIP","floor":8.0},{"not_picked":["Capacitor","Sweeping Beam"],"picked":"Leap","floor":10.0},{"not_picked":["Steam Power","Leap","Redo"],"picked":"SKIP","floor":11.0},{"not_picked":["Multi-Cast","Fission"],"picked":"Reboot","floor":16.0},{"not_picked":["Turbo","Fusion+1"],"picked":"Double Energy+1","floor":18},{"not_picked":["Sweeping Beam","Lockon","Redo+1"],"picked":"SKIP","floor":20},{"not_picked":["Hologram","Sweeping Beam"],"picked":"Cold Snap","floor":21},{"not_picked":["Gash","Scrape","All For One"],"picked":"SKIP","floor":24},{"not_picked":["Gash","Scrape","All For One"],"picked":"SKIP","floor":24},{"not_picked":["Steam","Beam Cell","Barrage"],"picked":"SKIP","floor":29},{"not_picked":["Lockon","Force Field+1"],"picked":"Tempest","floor":30},{"not_picked":["Barrage","Rip and Tear"],"picked":"Ball Lightning","floor":31}],"player_experience":481608,"relics_obtained":[{"floor":8.0,"key":"Kunai"},{"floor":9.0,"key":"Dodecahedron"},{"floor":11.0,"key":"Torii"},{"floor":13.0,"key":"DataDisk"},{"floor":24,"key":"Regal Pillow"},{"floor":26,"key":"Ancient Tea Set"},{"floor":30,"key":"Juzu Bracelet"}],"event_choices":[{"damage_healed":25.0,"max_hp_gain":0.0,"max_hp_loss":0.0,"gold_gain":0.0,"event_name":"Big Fish","player_choice":"Banana","floor":2.0,"gold_loss":0.0,"damage_taken":0.0},{"damage_healed":0.0,"max_hp_gain":0.0,"max_hp_loss":0.0,"gold_gain":75.0,"event_name":"World of Goop","player_choice":"Gather Gold","floor":3.0,"gold_loss":0.0,"damage_taken":11.0},{"damage_healed":0.0,"max_hp_gain":0.0,"max_hp_loss":0.0,"gold_gain":0.0,"event_name":"Scrap Ooze","player_choice":"Fled","floor":4.0,"gold_loss":0.0,"damage_taken":0.0},{"damage_healed":0,"gold_gain":99,"player_choice":"Stole From Cult","damage_taken":0,"max_hp_gain":0,"max_hp_loss":0,"event_name":"Nest","floor":19,"gold_loss":0},{"damage_healed":0,"gold_gain":0,"player_choice":"Became a Ghost","damage_taken":0,"max_hp_gain":0,"max_hp_loss":38,"event_name":"Ghosts","floor":22,"gold_loss":0,"cards_obtained":["Ghostly","Ghostly","Ghostly","Ghostly","Ghostly"]},{"damage_healed":0,"gold_gain":0,"player_choice":"Ignored","damage_taken":0,"max_hp_gain":0,"max_hp_loss":0,"event_name":"Cursed Tome","floor":27,"gold_loss":0},{"damage_healed":0,"gold_gain":0,"player_choice":"Simplicity","damage_taken":0,"max_hp_gain":0,"max_hp_loss":0,"event_name":"Back to Basics","floor":28,"gold_loss":0,"cards_upgraded":["Strike_B","Strike_B","Strike_B","Defend_B","Defend_B","Defend_B","Defend_B"]}],"is_beta":false,"boss_relics":[{"not_picked":["Runic Pyramid","Philosopher\u0027s Stone"],"picked":"Cursed Key"}],"items_purged_floors":[0],"is_endless":false,"potions_floor_spawned":[7,10,16,24,30],"killed_by":"Collector","ascension_level":9}