{"gold_per_floor":[116,41,41,41,59,93,93,105,130,162,162,162,180,193,193,289,289,309,157,169,268,104,133,133,150,150,150,150,176,188,38,38,135,135,154,154,172,172,187,187,187,187,187,187,199,24,24,24,24,24,24,24,24,24],"floor_reached":54,"playtime":4128,"items_purged":["Strike_B","Strike_B","Strike_B","Defend_B","Dualcast"],"score":739,"play_id":"f989e335-a573-4297-93a6-76836d3105ce","local_time":"20190629010803","is_ascension_mode":true,"campfire_choices":[{"data":"Zap","floor":7,"key":"SMITH"},{"data":"Loop","floor":11,"key":"SMITH"},{"data":"Defragment","floor":15,"key":"SMITH"},{"data":"Loop","floor":24,"key":"SMITH"},{"floor":28,"key":"REST"},{"floor":32,"key":"RECALL"},{"data":"Coolheaded","floor":40,"key":"SMITH"},{"data":"Machine Learning","floor":42,"key":"SMITH"},{"floor":49,"key":"REST"},{"data":"Echo Form","floor":52,"key":"SMITH"}],"neow_cost":"NONE","seed_source_timestamp":11463234163376,"circlet_count":0,"master_deck":["Defend_B","Defend_B","Defend_B","Zap+1","Conserve Battery","Go for the Eyes","Coolheaded+1","Coolheaded+1","Defragment+1","Loop+1","Echo Form+1","Gash","Loop+1","Sunder+1","Hologram","Machine Learning+1","Reprogram+1","Compile Driver+1","PanicButton","Trip","Blind"],"relics":["Philosopher\u0027s Stone","Pen Nib","Strawberry","Bronze Scales","Velvet Choker","Pear","Pantograph","Anchor","White Beast Statue","Question Card"],"potions_floor_usage":[14,16,16,39,39,45],"damage_taken":[{"damage":2,"enemies":"Jaw Worm","floor":1,"turns":3},{"damage":6,"enemies":"Small Slimes","floor":5,"turns":4},{"damage":32,"enemies":"3 Sentries","floor":6,"turns":12},{"damage":0,"enemies":"Cultist","floor":8,"turns":4},{"damage":13,"enemies":"Gremlin Nob","floor":10,"turns":5},{"damage":7,"enemies":"Exordium Wildlife","floor":13,"turns":6},{"damage":3,"enemies":"Red Slaver","floor":14,"turns":3},{"damage":7,"enemies":"The Guardian","floor":16,"turns":11},{"damage":0,"enemies":"Chosen","floor":18,"turns":6},{"damage":3,"enemies":"Spheric Guardian","floor":20,"turns":7},{"damage":51,"enemies":"Slavers","floor":23,"turns":12},{"damage":8,"enemies":"Snecko","floor":25,"turns":8},{"damage":20,"enemies":"Book of Stabbing","floor":29,"turns":7},{"damage":2,"enemies":"Snake Plant","floor":30,"turns":5},{"damage":32,"enemies":"Collector","floor":33,"turns":8},{"damage":17,"enemies":"3 Darklings","floor":35,"turns":9},{"damage":0,"enemies":"Orb Walker","floor":37,"turns":5},{"damage":3,"enemies":"4 Shapes","floor":39,"turns":6},{"damage":43,"enemies":"Maw","floor":45,"turns":10},{"damage":49,"enemies":"Donu and Deca","floor":50,"turns":16},{"damage":92,"enemies":"Shield and Spear","floor":54,"turns":8}],"seed_played":"-5153436055185255445","potions_obtained":[{"floor":5,"key":"Dexterity Potion"},{"floor":13,"key":"SneckoOil"},{"floor":14,"key":"Dexterity Potion"},{"floor":18,"key":"Poison Potion"},{"floor":23,"key":"SteroidPotion"},{"floor":35,"key":"Explosive Potion"},{"floor":37,"key":"Block Potion"},{"floor":39,"key":"Strength Potion"},{"floor":45,"key":"Swift Potion"}],"is_trial":false,"path_per_floor":["M","$","?","?","M","E","R","M","T","E","R","?","M","M","R","B",null,"M","$","M","?","$","E","R","M","T","?","R","E","M","$","R","B",null,"M","?","M","$","M","R","?","R","T","?","M","$","?","$","R","B",null,"R","$","E"],"character_chosen":"DEFECT","items_purchased":["Gash","Loop"],"campfire_rested":2,"item_purchase_floors":[19,22],"current_hp_per_floor":[73,73,66,66,60,35,35,35,35,22,22,22,15,12,12,5,82,82,82,79,79,79,38,38,30,30,30,57,37,35,35,35,28,92,75,75,75,75,72,72,72,72,72,72,29,29,19,19,46,22,92,92,92,0],"gold":24,"neow_bonus":"BOSS_RELIC","is_prod":false,"is_daily":false,"chose_seed":false,"campfire_upgraded":7,"win_rate":0,"timestamp":1561738083,"path_taken":["M","$","?","?","?","E","R","M","T","E","R","?","?","M","R","BOSS","M","$","?","?","$","E","R","M","T","?","R","E","M","?","R","BOSS","M","?","M","$","?","R","?","R","T","?","M","?","?","$","R","BOSS","R","$","E"],"build_version":"2019-01-23","purchased_purges":5,"victory":false,"max_hp_per_floor":[75,75,75,75,75,82,82,82,82,82,82,82,82,82,82,82,82,82,82,82,82,82,92,92,92,92,92,92,92,92,92,92,92,92,92,92,92,92,92,92,92,92,92,92,92,92,92,92,92,92,92,92,92,92],"card_choices":[{"not_picked":["Sweeping Beam","Skim"],"picked":"Conserve Battery","floor":1},{"not_picked":["Doom and Gloom","Scrape"],"picked":"Coolheaded","floor":5},{"not_picked":["Hello World","White Noise"],"picked":"Coolheaded","floor":6},{"not_picked":["Streamline","Stack"],"picked":"Defragment","floor":8},{"not_picked":["Lockon","Hello World"],"picked":"Loop","floor":10},{"not_picked":["Stack","Streamline","Auto Shields"],"picked":"SKIP","floor":13},{"not_picked":["Ball Lightning","Meteor Strike","Force Field"],"picked":"SKIP","floor":14},{"not_picked":["Core Surge","Amplify"],"picked":"Echo Form","floor":16},{"not_picked":["Streamline","Cold Snap"],"picked":"Go for the Eyes","floor":18},{"not_picked":["Stack","Barrage","Hello World"],"picked":"SKIP","floor":20},{"not_picked":["Cold Snap","Tempest+1","Rebound+1"],"picked":"SKIP","floor":23},{"not_picked":["Compile Driver","Storm"],"picked":"Sunder+1","floor":25},{"not_picked":["Heatsinks","Gash"],"picked":"Hologram","floor":29},{"not_picked":["Stack","Aggregate","Scrape"],"picked":"SKIP","floor":30},{"not_picked":["Electrodynamics","Creative AI"],"picked":"Machine Learning","floor":33},{"not_picked":["Hello World+1","Cold Snap","Leap"],"picked":"SKIP","floor":35},{"not_picked":["Cold Snap+1","Beam Cell"],"picked":"Reprogram+1","floor":37},{"not_picked":["Hologram","Thunder Strike","Turbo+1"],"picked":"SKIP","floor":39},{"not_picked":["Darkness+1","White Noise","Stack"],"picked":"Compile Driver+1","floor":45},{"not_picked":["Dramatic Entrance","Trip","Dark Shackles"],"picked":"PanicButton","floor":47},{"not_picked":["Madness","Mind Blast","Chrysalis"],"picked":"Trip","floor":47},{"not_picked":["Dark Shackles","Deep Breath","Finesse"],"picked":"Blind","floor":47}],"player_experience":61239,"relics_obtained":[{"floor":6,"key":"Strawberry"},{"floor":10,"key":"Bronze Scales"},{"floor":23,"key":"Pear"},{"floor":26,"key":"Pantograph"},{"floor":29,"key":"Anchor"},{"floor":43,"key":"Question Card"}],"event_choices":[{"damage_healed":0,"gold_gain":0,"player_choice":"Success","damage_taken":7,"relics_obtained":["Pen Nib"],"max_hp_gain":0,"max_hp_loss":0,"event_name":"Scrap Ooze","floor":3,"gold_loss":0},{"damage_healed":0,"gold_gain":0,"cards_transformed":["Strike_B"],"player_choice":"Transformed","damage_taken":0,"max_hp_gain":0,"max_hp_loss":0,"event_name":"Transmorgrifier","floor":4,"gold_loss":0,"cards_obtained":["Go for the Eyes"]},{"damage_healed":0,"gold_gain":0,"player_choice":"Bought 0 Potions","damage_taken":0,"max_hp_gain":0,"max_hp_loss":0,"event_name":"The Woman in Blue","floor":12,"gold_loss":0},{"damage_healed":0,"gold_gain":99,"player_choice":"Stole From Cult","damage_taken":0,"max_hp_gain":0,"max_hp_loss":0,"event_name":"Nest","floor":21,"gold_loss":0},{"damage_healed":0,"gold_gain":0,"player_choice":"Ignored","damage_taken":0,"max_hp_gain":0,"max_hp_loss":0,"event_name":"Cursed Tome","floor":27,"gold_loss":0},{"damage_healed":0,"gold_gain":0,"player_choice":"Upgraded","damage_taken":0,"max_hp_gain":0,"max_hp_loss":0,"event_name":"Upgrade Shrine","floor":36,"gold_loss":0,"cards_upgraded":["Coolheaded"]},{"cards_removed":["Go for the Eyes"],"damage_healed":0,"gold_gain":0,"player_choice":"Removed Attack","damage_taken":0,"max_hp_gain":0,"max_hp_loss":0,"event_name":"Falling","floor":41,"gold_loss":0},{"damage_healed":0,"gold_gain":0,"player_choice":"Ignored","damage_taken":0,"max_hp_gain":0,"max_hp_loss":0,"event_name":"Mysterious Sphere","floor":44,"gold_loss":0},{"damage_healed":0,"gold_gain":0,"player_choice":"Memory 3","damage_taken":10,"max_hp_gain":0,"max_hp_loss":0,"event_name":"SensoryStone","floor":47,"gold_loss":0}],"is_beta":false,"boss_relics":[{"not_picked":["Inserter","Astrolabe"],"picked":"Velvet Choker"},{"not_picked":["Cursed Key","Fusion Hammer"],"picked":"White Beast Statue"}],"items_purged_floors":[2,19,22,31,46],"is_endless":false,"potions_floor_spawned":[5,13,14,18,23,35,37,39,45],"killed_by":"Shield and Spear","ascension_level":1}