{"gold_per_floor":[113,125,14,114,129,157,157,186,212,212,228,13,24,55,55,159,159,169,186,205,215,215,215,242,259,259,259,290,146,146,172,172,270,270,286,296,142,242,256,256,287,287,287,90,106,116,150,164,164,164,164,164,8,38,38],"floor_reached":56,"playtime":9047,"items_purged":["Strike_G","Strike_G","Pain"],"score":1339,"play_id":"feb68c4c-d557-4b2d-9fd0-7c954d606761","local_time":"20190713035601","is_ascension_mode":true,"campfire_choices":[{"floor":7,"key":"REST"},{"floor":10,"key":"REST"},{"data":"Dagger Spray","floor":15,"key":"SMITH"},{"floor":23,"key":"REST"},{"data":"Bouncing Flask","floor":27,"key":"SMITH"},{"data":"Footwork","floor":30,"key":"SMITH"},{"data":"Malaise","floor":32,"key":"SMITH"},{"data":"Neutralize","floor":40,"key":"SMITH"},{"floor":42,"key":"RECALL"},{"data":"Footwork","floor":49,"key":"SMITH"},{"data":"Expertise","floor":52,"key":"SMITH"}],"neow_cost":"NONE","seed_source_timestamp":10551453385650,"circlet_count":0,"master_deck":["Strike_G","Strike_G","Defend_G","Defend_G","Defend_G","Defend_G","Defend_G","Survivor+1","Neutralize+1","Footwork+1","Dagger Spray+1","Escape Plan","Flechettes","Bouncing Flask+1","Catalyst","Malaise+1","Tools of the Trade","Backflip+1","Finisher","Dodge and Roll+1","Expertise+1","Acrobatics","Blur","Bullet Time","Catalyst+1","Deadly Poison+1","Backflip","Acrobatics+1","Footwork+1","Prepared+1","Caltrops","Backflip","Calculated Gamble","Acrobatics+1"],"relics":["Ring of the Snake","Happy Flower","Boot","Orichalcum","Regal Pillow","Anchor","Pear","Sozu","Shuriken","StoneCalendar","Tingsha","War Paint","Oddly Smooth Stone","Cursed Key","Gambling Chip","Mercury Hourglass","Meat on the Bone","Centennial Puzzle"],"potions_floor_usage":[8,50],"damage_taken":[{"damage":0,"enemies":"Small Slimes","floor":1,"turns":3},{"damage":0,"enemies":"Cultist","floor":2,"turns":4},{"damage":0,"enemies":"Jaw Worm","floor":5,"turns":3},{"damage":50,"enemies":"Gremlin Nob","floor":6,"turns":6},{"damage":11,"enemies":"3 Sentries","floor":8,"turns":5},{"damage":4,"enemies":"Exordium Thugs","floor":11,"turns":3},{"damage":0,"enemies":"Red Slaver","floor":13,"turns":2},{"damage":14,"enemies":"Gremlin Nob","floor":14,"turns":4},{"damage":46,"enemies":"Slime Boss","floor":16,"turns":13},{"damage":0,"enemies":"Shell Parasite","floor":18,"turns":5},{"damage":6,"enemies":"Spheric Guardian","floor":19,"turns":5},{"damage":16,"enemies":"3 Cultists","floor":20,"turns":6},{"damage":21,"enemies":"Sentry and Sphere","floor":21,"turns":7},{"damage":9,"enemies":"Book of Stabbing","floor":24,"turns":8},{"damage":0,"enemies":"Centurion and Healer","floor":25,"turns":6},{"damage":0,"enemies":"Gremlin Leader","floor":28,"turns":7},{"damage":16,"enemies":"Slavers","floor":31,"turns":7},{"damage":16,"enemies":"Automaton","floor":33,"turns":12},{"damage":0,"enemies":"3 Shapes","floor":35,"turns":4},{"damage":0,"enemies":"Orb Walker","floor":36,"turns":3},{"damage":0,"enemies":"Mind Bloom Boss Battle","floor":38,"turns":6},{"damage":0,"enemies":"Sphere and 2 Shapes","floor":39,"turns":5},{"damage":14,"enemies":"Nemesis","floor":41,"turns":7},{"damage":0,"enemies":"Transient","floor":45,"turns":5},{"damage":4,"enemies":"Jaw Worm Horde","floor":46,"turns":4},{"damage":0,"enemies":"Giant Head","floor":47,"turns":6},{"damage":0,"enemies":"4 Shapes","floor":48,"turns":4},{"damage":4,"enemies":"Donu and Deca","floor":50,"turns":10},{"damage":17,"enemies":"Shield and Spear","floor":54,"turns":7},{"damage":43,"enemies":"The Heart","floor":55,"turns":10}],"seed_played":"2250548497553548132","potions_obtained":[{"floor":6,"key":"Fire Potion"},{"floor":8,"key":"FearPotion"},{"floor":11,"key":"Weak Potion"},{"floor":14,"key":"Poison Potion"}],"is_trial":false,"path_per_floor":["M","M","$","?","M","E","R","E","T","R","M","$","M","E","R","B",null,"M","M","M","M","?","R","E","M","T","R","E","$","R","E","R","B",null,"M","M","$","?","M","R","E","R","T","$","M","M","E","M","R","B",null,"R","$","E","B",null],"character_chosen":"THE_SILENT","items_purchased":["Escape Plan","Catalyst","Anchor","War Paint","Backflip","Footwork","Caltrops","Backflip","Calculated Gamble"],"campfire_rested":3,"item_purchase_floors":[3,12,12,29,37,44,53,53,53],"current_hp_per_floor":[70,70,70,70,70,20,41,30,30,66,62,62,62,58,58,12,80,80,74,58,37,37,76,67,67,67,67,67,67,67,51,51,35,80,80,80,80,80,80,80,66,66,66,66,66,62,62,62,62,58,80,80,80,63,32],"gold":38,"neow_bonus":"RANDOM_COMMON_RELIC","is_prod":false,"is_daily":false,"chose_seed":false,"campfire_upgraded":7,"win_rate":0,"timestamp":1563004561,"path_taken":["M","M","$","?","M","E","R","E","T","R","M","?","?","E","R","BOSS","M","M","M","M","?","R","E","M","T","R","E","?","R","E","R","BOSS","M","M","$","?","M","R","E","R","T","$","M","M","E","M","R","BOSS","R","$","E","BOSS"],"build_version":"2019-07-05","purchased_purges":3,"victory":true,"max_hp_per_floor":[70,70,70,70,70,70,70,70,70,70,70,70,70,80,80,80,80,80,80,80,80,80,80,80,80,80,80,80,80,80,80,80,80,80,80,80,80,80,80,80,80,80,80,80,80,80,80,80,80,80,80,80,80,80,80],"card_choices":[{"not_picked":["Poisoned Stab","Bouncing Flask"],"picked":"Footwork","floor":1},{"not_picked":["Blade Dance","Terror"],"picked":"Dagger Spray","floor":2},{"not_picked":["Dagger Throw","Sucker Punch"],"picked":"Flechettes","floor":5},{"not_picked":["Accuracy","Predator"],"picked":"Bouncing Flask","floor":6},{"not_picked":["Slice","Prepared","Outmaneuver"],"picked":"SKIP","floor":8},{"not_picked":["Outmaneuver","Slice","Distraction"],"picked":"SKIP","floor":11},{"not_picked":["Underhanded Strike","Endless Agony","Deadly Poison"],"picked":"SKIP","floor":13},{"not_picked":["Cloak And Dagger","Expertise"],"picked":"Malaise","floor":14},{"not_picked":["Glass Knife","Adrenaline"],"picked":"Tools of the Trade","floor":16},{"not_picked":["Underhanded Strike","Quick Slash+1","Deadly Poison"],"picked":"SKIP","floor":18},{"not_picked":["Bane","Sucker Punch","Blade Dance"],"picked":"SKIP","floor":19},{"not_picked":["Choke","Riddle With Holes","Deadly Poison"],"picked":"SKIP","floor":20},{"not_picked":["Outmaneuver+1","Deflect"],"picked":"Backflip","floor":21},{"not_picked":["Blade Dance+1","Footwork"],"picked":"Dodge and Roll+1","floor":24},{"not_picked":["Quick Slash+1","Unload"],"picked":"Expertise","floor":25},{"not_picked":["Quick Slash","Doppelganger"],"picked":"Acrobatics","floor":28},{"not_picked":["Distraction","Poisoned Stab"],"picked":"Blur","floor":31},{"not_picked":["Malaise","Envenom"],"picked":"Bullet Time","floor":33},{"not_picked":["Flying Knee+1","Blade Dance+1"],"picked":"Catalyst+1","floor":35},{"not_picked":["Dagger Spray","Underhanded Strike+1"],"picked":"Deadly Poison+1","floor":36},{"not_picked":["Dagger Throw","Prepared","Outmaneuver+1"],"picked":"SKIP","floor":39},{"not_picked":["Skewer+1","Noxious Fumes+1"],"picked":"Acrobatics+1","floor":41},{"not_picked":["Deadly Poison","Dodge and Roll","Dagger Spray+1"],"picked":"SKIP","floor":45},{"not_picked":["Expertise","Unload"],"picked":"Prepared+1","floor":46},{"not_picked":["Poisoned Stab+1","Expertise","Prepared"],"picked":"SKIP","floor":47},{"not_picked":["Skewer+1","Deadly Poison","Dodge and Roll"],"picked":"SKIP","floor":48},{"not_picked":["Deadly Poison+1","Bullet Time"],"picked":"Acrobatics+1","floor":54}],"player_experience":87695,"relics_obtained":[{"floor":6,"key":"Boot"},{"floor":8,"key":"Orichalcum"},{"floor":9,"key":"Regal Pillow"},{"floor":14,"key":"Pear"},{"floor":24,"key":"Shuriken"},{"floor":26,"key":"StoneCalendar"},{"floor":28,"key":"Tingsha"},{"floor":31,"key":"Oddly Smooth Stone"},{"floor":38,"key":"Gambling Chip"},{"floor":41,"key":"Mercury Hourglass"},{"floor":47,"key":"Meat on the Bone"},{"floor":54,"key":"Centennial Puzzle"}],"event_choices":[{"damage_healed":0,"gold_gain":100,"player_choice":"Gold","damage_taken":0,"max_hp_gain":0,"max_hp_loss":0,"event_name":"Wheel of Change","floor":4,"gold_loss":0},{"damage_healed":0,"gold_gain":0,"cards_transformed":["Strike_G"],"player_choice":"Transformed","damage_taken":0,"max_hp_gain":0,"max_hp_loss":0,"event_name":"Transmorgrifier","floor":22,"gold_loss":0,"cards_obtained":["Finisher"]},{"damage_healed":0,"gold_gain":0,"player_choice":"Fight","damage_taken":0,"max_hp_gain":0,"max_hp_loss":0,"event_name":"MindBloom","floor":38,"gold_loss":0}],"is_beta":false,"boss_relics":[{"not_picked":["Philosopher\u0027s Stone","Busted Crown"],"picked":"Sozu"},{"not_picked":["Eternal Feather","Coffee Dripper"],"picked":"Cursed Key"}],"items_purged_floors":[3,37,44],"is_endless":false,"potions_floor_spawned":[6,8,11,14,18,20,25,31,33,35,39,46,47],"ascension_level":1}