{"gold_per_floor":[113,128,128,142,192,192,257,267,267,277,277,307,321,37,37,37],"floor_reached":16,"playtime":419,"items_purged":[],"score":224,"play_id":"fbec6158-430e-46d9-a3f4-6ab71ee4e4fb","local_time":"20190727192518","is_ascension_mode":true,"campfire_choices":[{"data":"Zap","floor":6,"key":"SMITH"},{"floor":11,"key":"REST"},{"floor":15,"key":"REST"}],"neow_cost":"NONE","seed_source_timestamp":20670995472045,"circlet_count":0,"master_deck":["AscendersBane","Strike_B","Strike_B","Strike_B","Strike_B","Defend_B","Defend_B","Defend_B","Defend_B","Zap+1","Dualcast","Sweeping Beam","Doom and Gloom","Leap","Seek","BootSequence","Chill","Compile Driver","Self Repair","Beam Cell"],"relics":["Cracked Core","Tiny Chest","Anchor","Blue Candle","PreservedInsect"],"potions_floor_usage":[12,16],"damage_taken":[{"damage":3,"enemies":"2 Louse","floor":1,"turns":3},{"damage":0,"enemies":"Small Slimes","floor":2,"turns":2},{"damage":1,"enemies":"Cultist","floor":4,"turns":3},{"damage":32,"enemies":"Gremlin Nob","floor":7,"turns":4},{"damage":23,"enemies":"Lots of Slimes","floor":8,"turns":4},{"damage":5,"enemies":"Large Slime","floor":10,"turns":5},{"damage":10,"enemies":"3 Sentries","floor":12,"turns":7},{"damage":0,"enemies":"Red Slaver","floor":13,"turns":2},{"damage":41,"enemies":"Hexaghost","floor":16,"turns":8}],"seed_played":"6576619273685592829","potions_obtained":[{"floor":0,"key":"FocusPotion"},{"floor":0,"key":"SpeedPotion"},{"floor":12,"key":"SpeedPotion"}],"is_trial":false,"path_per_floor":["M","M","?","M","?","R","E","M","T","M","R","E","M","$","R","B"],"character_chosen":"DEFECT","items_purchased":["PreservedInsect","Self Repair","Beam Cell"],"campfire_rested":2,"item_purchase_floors":[14,14,14],"current_hp_per_floor":[61,61,66,65,65,65,33,10,10,5,27,17,17,17,39,0],"gold":37,"neow_bonus":"THREE_SMALL_POTIONS","is_prod":false,"is_daily":false,"chose_seed":false,"campfire_upgraded":1,"win_rate":0,"timestamp":1564248318,"path_taken":["M","M","?","M","?","R","E","M","T","?","R","E","M","$","R","BOSS"],"build_version":"2019-07-18","purchased_purges":0,"victory":false,"max_hp_per_floor":[71,71,76,76,76,76,76,76,76,76,76,76,76,76,76,76],"card_choices":[{"not_picked":["Tempest","Coolheaded"],"picked":"Sweeping Beam","floor":1},{"not_picked":["Beam Cell","Compile Driver"],"picked":"Doom and Gloom","floor":2},{"not_picked":["Fusion","Go for the Eyes"],"picked":"Leap","floor":4},{"not_picked":["Beam Cell","Lockon"],"picked":"Seek","floor":7},{"not_picked":["Stack","Tempest"],"picked":"BootSequence","floor":8},{"not_picked":["Hologram","Hello World","Stack"],"picked":"SKIP","floor":10},{"not_picked":["Hologram","Fusion"],"picked":"Chill","floor":12},{"not_picked":["Ball Lightning","All For One"],"picked":"Compile Driver","floor":13}],"player_experience":1925761,"relics_obtained":[{"floor":7,"key":"Tiny Chest"},{"floor":9,"key":"Anchor"},{"floor":12,"key":"Blue Candle"}],"event_choices":[{"damage_healed":0,"gold_gain":0,"player_choice":"Donut","damage_taken":0,"max_hp_gain":5,"max_hp_loss":0,"event_name":"Big Fish","floor":3,"gold_loss":0},{"damage_healed":0,"gold_gain":50,"player_choice":"Pray","damage_taken":0,"max_hp_gain":0,"max_hp_loss":0,"event_name":"Golden Shrine","floor":5,"gold_loss":0}],"is_beta":true,"boss_relics":[],"items_purged_floors":[],"is_endless":false,"potions_floor_spawned":[2,7,12],"killed_by":"Hexaghost","ascension_level":20}