{"gold_per_floor":[110,130,144,72,90,90,101,101,101,134,157,157],"floor_reached":12,"playtime":390,"items_purged":[],"score":128,"play_id":"7bd233b5-38a1-414c-ac9c-22f9c609afab","local_time":"20190804124719","is_ascension_mode":true,"campfire_choices":[{"data":"Sunder","floor":6,"key":"SMITH"},{"data":"White Noise","floor":8,"key":"SMITH"}],"neow_cost":"NONE","seed_source_timestamp":77756496930551,"circlet_count":0,"master_deck":["AscendersBane","Strike_B","Strike_B","Strike_B","Strike_B","Defend_B","Defend_B","Defend_B","Defend_B","Zap","Dualcast","Loop","Sunder+1","Capacitor","Reprogram","White Noise+1","Glacier"],"relics":["Cracked Core","NeowsBlessing","Blue Candle","Singing Bowl","Odd Mushroom"],"potions_floor_usage":[10,10],"damage_taken":[{"damage":0,"enemies":"Cultist","floor":1,"turns":1},{"damage":0,"enemies":"2 Louse","floor":2,"turns":1},{"damage":0,"enemies":"Jaw Worm","floor":3,"turns":1},{"damage":30,"enemies":"Exordium Wildlife","floor":5,"turns":5},{"damage":5,"enemies":"Lots of Slimes","floor":7,"turns":4},{"damage":6,"enemies":"Gremlin Nob","floor":10,"turns":3},{"damage":21,"enemies":"The Mushroom Lair","floor":11,"turns":4},{"damage":6,"enemies":"Lagavulin","floor":12,"turns":5}],"seed_played":"2878011970291203596","potions_obtained":[{"floor":3,"key":"Fire Potion"},{"floor":5,"key":"EssenceOfSteel"},{"floor":7,"key":"AttackPotion"}],"is_trial":false,"path_per_floor":["M","M","M","$","M","R","M","R","T","E","?","E"],"character_chosen":"DEFECT","items_purchased":["Capacitor"],"campfire_rested":0,"item_purchase_floors":[4],"current_hp_per_floor":[68,68,68,68,38,38,33,33,33,27,8,2],"gold":157,"neow_bonus":"THREE_ENEMY_KILL","is_prod":false,"is_daily":false,"chose_seed":false,"campfire_upgraded":2,"win_rate":0,"timestamp":1564890439,"path_taken":["M","?","M","$","M","R","M","R","T","E","?","E"],"build_version":"2019-07-17","purchased_purges":0,"victory":false,"max_hp_per_floor":[75,75,75,75,75,75,75,75,75,75,77,77],"card_choices":[{"not_picked":["Sweeping Beam","Conserve Battery"],"picked":"Loop","floor":1},{"not_picked":["Compile Driver","Barrage","Leap"],"picked":"SKIP","floor":2},{"not_picked":["Steam Power","Stack"],"picked":"Sunder","floor":3},{"not_picked":["Hello World","Go for the Eyes"],"picked":"Reprogram","floor":5},{"not_picked":["Stack","Go for the Eyes"],"picked":"White Noise","floor":7},{"not_picked":["Barrage","Self Repair"],"picked":"Glacier","floor":10},{"not_picked":["Leap","Rebound","Conserve Battery"],"picked":"Singing Bowl","floor":11}],"player_experience":212115,"relics_obtained":[{"floor":9,"key":"Blue Candle"},{"floor":10,"key":"Singing Bowl"},{"floor":11,"key":"Odd Mushroom"}],"event_choices":[{"damage_healed":0,"gold_gain":0,"player_choice":"Fought Mushrooms","damage_taken":0,"max_hp_gain":0,"max_hp_loss":0,"event_name":"Mushrooms","floor":11,"gold_loss":0}],"is_beta":false,"boss_relics":[],"items_purged_floors":[],"is_endless":false,"potions_floor_spawned":[3,5,7],"killed_by":"Lagavulin","ascension_level":12}