{"gold_per_floor":[117,133,152,152,167,167,201,201,501,535,63,63,78,58,58,158,158,173,14,24,41,61,89,89,89,89,108,108,125,125,25,25,123,123,136,236,236,291,17,17,29,47,70,80,80,1,1,19,19,19],"floor_reached":50,"playtime":8786,"items_purged":["Defend_B","Decay"],"score":522,"play_id":"851f4c3d-86f7-45b9-b960-cac852a95708","local_time":"20190801214300","is_ascension_mode":false,"campfire_choices":[{"data":"Coolheaded","floor":6,"key":"SMITH"},{"floor":8,"key":"REST"},{"floor":15,"key":"REST"},{"floor":24,"key":"REST"},{"floor":28,"key":"REST"},{"floor":30,"key":"REST"},{"floor":32,"key":"REST"},{"floor":40,"key":"REST"},{"floor":45,"key":"REST"},{"floor":47,"key":"REST"},{"floor":49,"key":"REST"}],"neow_cost":"NONE","seed_source_timestamp":10636698613890,"circlet_count":0,"master_deck":["Strike_B","Strike_B","Strike_B","Strike_B","Defend_B","Defend_B","Zap","Dualcast","Beam Cell","Coolheaded+1","Capacitor","Cold Snap","Conserve Battery","Conserve Battery","Melter","Consume","Capacitor","Consume","Electrodynamics","Barrage+1","Enlightenment","Redo","Barrage","Glacier","Defragment","Go for the Eyes","Hello World+1","Seek","Stack","Gash","Loop","Doom and Gloom","Gash","Chill+1","Ball Lightning+1","Defragment","Reboot"],"relics":["FrozenCore","NeowsBlessing","Shuriken","Ice Cream","Old Coin","Gremlin Horn","Bottled Tornado","Mango","Runic Pyramid","Ornamental Fan","Sundial","Pocketwatch","StoneCalendar","Mercury Hourglass","Bronze Scales"],"potions_floor_usage":[21,27,33,48,48,50,50],"damage_taken":[{"damage":0,"enemies":"2 Louse","floor":1,"turns":1},{"damage":0,"enemies":"Cultist","floor":2,"turns":1},{"damage":0,"enemies":"Small Slimes","floor":3,"turns":1},{"damage":10,"enemies":"3 Louse","floor":5,"turns":4},{"damage":17,"enemies":"Lagavulin","floor":7,"turns":7},{"damage":16,"enemies":"3 Sentries","floor":10,"turns":10},{"damage":16,"enemies":"Gremlin Gang","floor":13,"turns":6},{"damage":18,"enemies":"Slime Boss","floor":16,"turns":13},{"damage":12,"enemies":"3 Byrds","floor":18,"turns":4},{"damage":9,"enemies":"Shell Parasite","floor":20,"turns":4},{"damage":26,"enemies":"Snake Plant","floor":21,"turns":4},{"damage":11,"enemies":"Chosen and Byrds","floor":22,"turns":4},{"damage":32,"enemies":"Gremlin Leader","floor":23,"turns":6},{"damage":21,"enemies":"Centurion and Healer","floor":27,"turns":6},{"damage":2,"enemies":"Snecko","floor":29,"turns":3},{"damage":39,"enemies":"Collector","floor":33,"turns":10},{"damage":12,"enemies":"Orb Walker","floor":35,"turns":7},{"damage":1,"enemies":"Mind Bloom Boss Battle","floor":36,"turns":8},{"damage":65,"enemies":"2 Orb Walkers","floor":38,"turns":7},{"damage":5,"enemies":"3 Shapes","floor":41,"turns":5},{"damage":16,"enemies":"Sphere and 2 Shapes","floor":42,"turns":5},{"damage":4,"enemies":"Maw","floor":44,"turns":9},{"damage":46,"enemies":"Transient","floor":48,"turns":5},{"damage":47,"enemies":"Donu and Deca","floor":50,"turns":6}],"seed_played":"2409946176178114281","potions_obtained":[{"floor":1,"key":"GamblersBrew"},{"floor":10,"key":"Regen Potion"},{"floor":14,"key":"Energy Potion"},{"floor":16,"key":"Strength Potion"},{"floor":21,"key":"Strength Potion"},{"floor":29,"key":"AttackPotion"},{"floor":41,"key":"PowerPotion"},{"floor":48,"key":"Strength Potion"}],"is_trial":false,"path_per_floor":["M","M","M","?","M","R","E","R","T","E","$","?","M","?","R","B",null,"M","$","M","M","M","E","R","?","T","M","R","M","R","$","R","B",null,"M","?","?","?","$","R","M","M","T","M","R","$","R","M","R","B"],"character_chosen":"DEFECT","items_purchased":["Bottled Tornado","Melter","Consume","Capacitor","Enlightenment","Mercury Hourglass","Doom and Gloom","Defragment"],"campfire_rested":10,"item_purchase_floors":[11,11,11,11,19,39,39,46],"current_hp_per_floor":[75,75,75,75,65,65,48,70,70,54,54,61,45,45,71,53,89,77,77,68,54,43,11,37,37,37,16,42,40,66,66,89,50,89,77,76,76,11,11,37,32,16,16,12,38,38,64,18,44,0],"gold":19,"neow_bonus":"THREE_ENEMY_KILL","is_prod":false,"is_daily":false,"chose_seed":false,"campfire_upgraded":1,"win_rate":0.0,"timestamp":1564713780,"path_taken":["M","M","M","?","M","R","E","R","T","E","?","?","M","?","R","BOSS","M","$","M","?","?","E","R","?","T","M","R","M","R","$","R","BOSS","M","?","?","?","?","R","M","M","T","?","R","$","R","M","R","BOSS"],"build_version":"2019-01-23","purchased_purges":2,"victory":false,"max_hp_per_floor":[75,75,75,75,75,75,75,75,75,75,75,89,89,89,89,89,89,89,89,89,89,89,89,89,89,89,89,89,89,89,89,89,89,89,89,89,89,89,89,89,89,89,89,89,89,89,89,89,89,89],"card_choices":[{"not_picked":["Force Field","Redo"],"picked":"Beam Cell","floor":1},{"not_picked":["Hologram","Stack"],"picked":"Coolheaded","floor":2},{"not_picked":["Streamline","Machine Learning"],"picked":"Capacitor","floor":3},{"not_picked":["Storm","Hologram"],"picked":"Cold Snap","floor":5},{"not_picked":["Barrage","Beam Cell"],"picked":"Conserve Battery","floor":7},{"not_picked":["Ball Lightning","Stack"],"picked":"Conserve Battery","floor":10},{"not_picked":["Sweeping Beam","Streamline"],"picked":"Consume","floor":13},{"not_picked":["All For One","Echo Form"],"picked":"Electrodynamics","floor":16},{"not_picked":["Loop","Fusion"],"picked":"Barrage+1","floor":18},{"not_picked":["Scrape","Heatsinks"],"picked":"Redo","floor":20},{"not_picked":["Scrape","Conserve Battery"],"picked":"Barrage","floor":21},{"not_picked":["Undo","Leap"],"picked":"Glacier","floor":22},{"not_picked":["Lockon","Force Field"],"picked":"Defragment","floor":23},{"not_picked":["Undo","Sweeping Beam"],"picked":"Go for the Eyes","floor":27},{"not_picked":["Double Energy","Reboot"],"picked":"Hello World+1","floor":29},{"not_picked":["Thunder Strike","Reboot"],"picked":"Seek","floor":33},{"not_picked":["Redo+1","Heatsinks"],"picked":"Stack","floor":35},{"not_picked":["Tempest+1","Consume+1"],"picked":"Gash","floor":36},{"not_picked":["Coolheaded+1","Consume+1"],"picked":"Loop","floor":38},{"not_picked":["Ball Lightning","Aggregate"],"picked":"Gash","floor":41},{"not_picked":["Redo+1","Rebound"],"picked":"Chill+1","floor":42},{"not_picked":["Streamline","Skim"],"picked":"Ball Lightning+1","floor":44},{"not_picked":["Rebound","Streamline"],"picked":"Reboot","floor":48}],"player_experience":40939,"relics_obtained":[{"floor":4,"key":"Shuriken"},{"floor":7,"key":"Ice Cream"},{"floor":9,"key":"Old Coin"},{"floor":10,"key":"Gremlin Horn"},{"floor":23,"key":"Ornamental Fan"},{"floor":26,"key":"Sundial"},{"floor":36,"key":"Pocketwatch"},{"floor":38,"key":"StoneCalendar"},{"floor":43,"key":"Bronze Scales"}],"event_choices":[{"damage_healed":0,"gold_gain":0,"player_choice":"Relic","damage_taken":0,"max_hp_gain":0,"max_hp_loss":0,"event_name":"Wheel of Change","floor":4,"gold_loss":0},{"damage_healed":0,"gold_gain":0,"player_choice":"Success","damage_taken":7,"relics_obtained":["Mango"],"max_hp_gain":0,"max_hp_loss":0,"event_name":"Scrap Ooze","floor":12,"gold_loss":0},{"damage_healed":0,"gold_gain":0,"player_choice":"Bought 1 Potion","damage_taken":0,"max_hp_gain":0,"max_hp_loss":0,"event_name":"The Woman in Blue","floor":14,"gold_loss":0},{"damage_healed":0,"gold_gain":0,"player_choice":"Smashed Altar","damage_taken":0,"max_hp_gain":0,"max_hp_loss":0,"event_name":"Forgotten Altar","floor":25,"gold_loss":0,"cards_obtained":["Decay"]},{"damage_healed":0,"gold_gain":0,"player_choice":"Fight","damage_taken":0,"max_hp_gain":0,"max_hp_loss":0,"event_name":"MindBloom","floor":36,"gold_loss":0},{"cards_removed":["Defend_B"],"damage_healed":0,"gold_gain":0,"player_choice":"Removed Skill","damage_taken":0,"max_hp_gain":0,"max_hp_loss":0,"event_name":"Falling","floor":37,"gold_loss":0},{"damage_healed":0,"gold_gain":0,"player_choice":"Fight","damage_taken":0,"max_hp_gain":0,"max_hp_loss":0,"event_name":"Mysterious Sphere","floor":38,"gold_loss":0}],"is_beta":true,"boss_relics":[{"not_picked":["Empty Cage","Fusion Hammer"],"picked":"Runic Pyramid"},{"not_picked":["Black Star","Snecko Eye"],"picked":"FrozenCore"}],"items_purged_floors":[19,31],"is_endless":false,"potions_floor_spawned":[1,10,16,18,21,29,41,44,48],"killed_by":"Donu and Deca","ascension_level":0}