{"gold_per_floor":[99,99,99,13,13,13,13,13,13,13,13,0,0,0,0,0,0,0,0,0,0,0],"floor_reached":22,"playtime":1717,"items_purged":[],"score":412,"play_id":"490ae253-952f-4564-aa56-e60a584af007","local_time":"20190731114207","is_ascension_mode":true,"campfire_choices":[{"data":"Neutralize","floor":7.0,"key":"SMITH"},{"data":"Crippling Poison","floor":15.0,"key":"SMITH"}],"neow_cost":"NONE","seed_source_timestamp":0,"circlet_count":0,"master_deck":["AscendersBane","Survivor","Neutralize+1","Dagger Throw","Sucker Punch","Dash","Masterful Stab+1","Predator","Crippling Poison+1","Noxious Fumes","Unload","Envenom","Masterful Stab","After Image","Dash","Die Die Die","Blur","Burst","Sucker Punch","Underhanded Strike","Deadly Poison","Catalyst","Calculated Gamble","Well Laid Plans"],"special_seed":0,"relics":["Ectoplasm","Ornamental Fan","Ancient Tea Set","Whetstone","Mummified Hand","Pandora\u0027s Box"],"potions_floor_usage":[22],"damage_taken":[{"damage":1.0,"enemies":"2 Louse","floor":1.0,"turns":3.0},{"damage":0.0,"enemies":"Cultist","floor":3.0,"turns":4.0},{"damage":17.0,"enemies":"3 Sentries","floor":6.0,"turns":9.0},{"damage":1.0,"enemies":"Lagavulin","floor":8.0,"turns":5.0},{"damage":0.0,"enemies":"Small Slimes","floor":10.0,"turns":2.0},{"damage":0.0,"enemies":"2 Fungi Beasts","floor":11.0,"turns":3.0},{"damage":4.0,"enemies":"Looter","floor":12.0,"turns":2.0},{"damage":6.0,"enemies":"3 Sentries","floor":13.0,"turns":6.0},{"damage":10.0,"enemies":"Slime Boss","floor":16.0,"turns":7.0},{"damage":22,"enemies":"Shell Parasite","floor":18,"turns":4},{"damage":14,"enemies":"2 Thieves","floor":19,"turns":4},{"damage":8,"enemies":"Snecko","floor":21,"turns":4},{"damage":30,"enemies":"Shelled Parasite and Fungi","floor":22,"turns":4}],"seed_played":"3507956667757418094","potions_obtained":[{"floor":2.0,"key":"Fire Potion"},{"floor":2.0,"key":"SneckoOil"},{"floor":6.0,"key":"Strength Potion"},{"floor":10.0,"key":"Strength Potion"},{"floor":18,"key":"Regen Potion"}],"is_trial":false,"path_per_floor":["M","?","M","$","$","E","R","E","T","M","M","M","E","?","R","B",null,"M","M","?","M","M"],"character_chosen":"THE_SILENT","items_purchased":["Dash"],"campfire_rested":0,"item_purchase_floors":[4],"current_hp_per_floor":[58,58,58,58,58,41,41,40,40,40,40,36,30,30,30,20,55,33,19,19,11,0],"gold":0,"neow_bonus":"BOSS_RELIC","is_prod":false,"is_daily":false,"chose_seed":false,"campfire_upgraded":2,"win_rate":0,"timestamp":1564562527,"path_taken":["M","?","M","?","$","E","R","E","T","M","M","?","E","?","R","BOSS","M","?","?","M","M"],"build_version":"2019-07-17","purchased_purges":0,"victory":false,"max_hp_per_floor":[66,66,66,66,66,66,66,66,66,66,66,66,66,66,66,66,66,66,66,66,66,66],"card_choices":[{"not_picked":["Cloak And Dagger","Finisher"],"picked":"Dagger Throw","floor":1.0},{"not_picked":["Slice","Acrobatics"],"picked":"Sucker Punch","floor":3.0},{"not_picked":["Slice","Acrobatics"],"picked":"Masterful Stab","floor":6.0},{"not_picked":["Dagger Throw","Unload"],"picked":"Predator","floor":8.0},{"not_picked":["Masterful Stab","Dagger Throw"],"picked":"Crippling Poison","floor":10.0},{"not_picked":["Poisoned Stab","Quick Slash"],"picked":"Noxious Fumes","floor":11.0},{"not_picked":["Caltrops","Bane"],"picked":"Unload","floor":12.0},{"not_picked":["Dodge and Roll","Outmaneuver"],"picked":"Envenom","floor":13.0},{"not_picked":["Doppelganger","Bullet Time"],"picked":"After Image","floor":16.0},{"not_picked":["Bane","Dodge and Roll"],"picked":"Well Laid Plans","floor":18},{"not_picked":["Slice","Masterful Stab","Dagger Spray"],"picked":"SKIP","floor":19},{"not_picked":["Sucker Punch","Poisoned Stab","Backstab"],"picked":"SKIP","floor":21}],"player_experience":1127137,"relics_obtained":[{"floor":6.0,"key":"Ornamental Fan"},{"floor":8.0,"key":"Ancient Tea Set"},{"floor":9.0,"key":"Whetstone"},{"floor":13.0,"key":"Mummified Hand"}],"event_choices":[{"damage_healed":0.0,"max_hp_gain":0.0,"max_hp_loss":0.0,"gold_gain":0.0,"event_name":"Lab","player_choice":"Got Potions","floor":2.0,"gold_loss":0.0,"damage_taken":0.0},{"damage_healed":0.0,"max_hp_gain":0.0,"max_hp_loss":0.0,"gold_gain":0.0,"cards_transformed":["Strike_G"],"event_name":"Transmorgrifier","player_choice":"Transformed","floor":14.0,"gold_loss":0.0,"damage_taken":0.0,"cards_obtained":["Masterful Stab"]}],"is_beta":false,"boss_relics":[{"not_picked":["Busted Crown","HoveringKite"],"picked":"Pandora\u0027s Box"}],"items_purged_floors":[],"is_endless":false,"potions_floor_spawned":[6,10,11,18],"killed_by":"Shelled Parasite and Fungi","ascension_level":20}