{"gold_per_floor":[110,110,185,185,195,195,221,221,221,235,160,160,160,160],"floor_reached":14,"playtime":531,"items_purged":[],"score":172,"play_id":"e5b76be3-8411-406f-890e-04e3768228a5","local_time":"20190807201352","is_ascension_mode":true,"campfire_choices":[{"data":"Recycle","floor":6,"key":"SMITH"},{"data":"Dualcast","floor":8,"key":"SMITH"},{"floor":12,"key":"REST"}],"neow_cost":"NONE","seed_source_timestamp":14006558860457,"circlet_count":0,"master_deck":["AscendersBane","Zap+1","Dualcast+1","Thunder Strike","Heatsinks","White Noise","Redo","BootSequence","Coolheaded","Glacier","Ball Lightning","Recycle+1"],"relics":["Pandora\u0027s Box","Boot","Letter Opener"],"potions_floor_usage":[14,14],"damage_taken":[{"damage":2,"enemies":"Jaw Worm","floor":1,"turns":5},{"damage":4,"enemies":"Small Slimes","floor":5,"turns":4},{"damage":23,"enemies":"3 Sentries","floor":7,"turns":8},{"damage":14,"enemies":"2 Louse","floor":10,"turns":4},{"damage":44,"enemies":"Gremlin Nob","floor":14,"turns":3}],"seed_played":"9036171892335413519","potions_obtained":[{"floor":1,"key":"Strength Potion"},{"floor":10,"key":"FearPotion"}],"is_trial":false,"path_per_floor":["M","?","?","?","M","R","E","R","T","M","?","R","?","E"],"character_chosen":"DEFECT","items_purchased":[],"campfire_rested":1,"item_purchase_floors":[],"current_hp_per_floor":[62,67,56,56,52,52,29,29,29,15,15,37,37,0],"gold":160,"neow_bonus":"BOSS_RELIC","is_prod":false,"is_daily":false,"chose_seed":false,"campfire_upgraded":2,"win_rate":0,"timestamp":1565176432,"path_taken":["M","?","?","?","M","R","E","R","T","?","?","R","?","E"],"build_version":"2019-07-17","purchased_purges":0,"victory":false,"max_hp_per_floor":[71,76,76,76,76,76,76,76,76,76,76,76,76,76],"card_choices":[{"not_picked":["FTL","Barrage"],"picked":"Ball Lightning","floor":1},{"not_picked":["Blizzard","Heatsinks"],"picked":"Recycle","floor":5},{"not_picked":["Barrage","Heatsinks","Rebound"],"picked":"SKIP","floor":7},{"not_picked":["Undo","Steam","FTL"],"picked":"SKIP","floor":10}],"player_experience":290808,"relics_obtained":[{"floor":7,"key":"Boot"},{"floor":9,"key":"Letter Opener"}],"event_choices":[{"damage_healed":0,"gold_gain":0,"player_choice":"Donut","damage_taken":0,"max_hp_gain":5,"max_hp_loss":0,"event_name":"Big Fish","floor":2,"gold_loss":0},{"damage_healed":0,"gold_gain":75,"player_choice":"Gather Gold","damage_taken":11,"max_hp_gain":0,"max_hp_loss":0,"event_name":"World of Goop","floor":3,"gold_loss":0},{"damage_healed":0,"gold_gain":0,"player_choice":"Upgraded","damage_taken":0,"max_hp_gain":0,"max_hp_loss":0,"event_name":"Upgrade Shrine","floor":4,"gold_loss":0,"cards_upgraded":["Zap"]},{"cards_removed":["Aggregate"],"damage_healed":0,"gold_gain":0,"player_choice":"Card Removal","damage_taken":0,"max_hp_gain":0,"max_hp_loss":0,"event_name":"The Cleric","floor":11,"gold_loss":75},{"damage_healed":0,"gold_gain":0,"player_choice":"Fled","damage_taken":0,"max_hp_gain":0,"max_hp_loss":0,"event_name":"Scrap Ooze","floor":13,"gold_loss":0}],"is_beta":false,"boss_relics":[],"items_purged_floors":[],"is_endless":false,"potions_floor_spawned":[1,10],"killed_by":"Gremlin Nob","ascension_level":20}