{"gold_per_floor":[116,66,16,16,191,191,202,202,227,257,270,270,305,316,316,420,420,437,437,437,486,499,530,530,284,309,309,52,82,82,99,99,99],"floor_reached":33,"playtime":1165,"items_purged":["Defend_B","Doubt"],"score":269,"play_id":"2eeed0ca-f551-45ad-9add-63286f23b6a4","local_time":"20190702013435","is_ascension_mode":false,"campfire_choices":[{"data":"Zap","floor":6,"key":"SMITH"},{"data":"Dualcast","floor":8,"key":"SMITH"},{"data":"Defend_B","floor":12,"key":"SMITH"},{"data":"Defend_B","floor":15,"key":"SMITH"},{"floor":24,"key":"REST"},{"data":"Seek","floor":27,"key":"SMITH"},{"floor":32,"key":"REST"}],"neow_cost":"NONE","seed_source_timestamp":23468470655935,"circlet_count":0,"master_deck":["Zap+1","Dualcast+1","Barrage","Doom and Gloom","Barrage","Self Repair","Seek+1","Multi-Cast","Gash","Darkness","Self Repair","Sweeping Beam","Ball Lightning+1","Necronomicurse","BootSequence","Conserve Battery","Consume","The Bomb","Noxious Fumes","Leg Sweep"],"relics":["Cracked Core","Smiling Mask","Lantern","Strawberry","Art of War","Pandora\u0027s Box","Necronomicon","Vajra","Bag of Preparation","PrismaticShard","Red Mask"],"potions_floor_usage":[13,16,23,33],"damage_taken":[{"damage":1,"enemies":"Jaw Worm","floor":1,"turns":5},{"damage":0,"enemies":"2 Louse","floor":7,"turns":1},{"damage":26,"enemies":"Lagavulin","floor":10,"turns":4},{"damage":10,"enemies":"Small Slimes","floor":11,"turns":2},{"damage":16,"enemies":"Gremlin Nob","floor":13,"turns":3},{"damage":0,"enemies":"3 Louse","floor":14,"turns":3},{"damage":33,"enemies":"The Guardian","floor":16,"turns":8},{"damage":40,"enemies":"2 Thieves","floor":18,"turns":4},{"damage":0,"enemies":"Spheric Guardian","floor":22,"turns":2},{"damage":24,"enemies":"Slavers","floor":23,"turns":3},{"damage":0,"enemies":"Masked Bandits","floor":29,"turns":2},{"damage":42,"enemies":"Snake Plant","floor":31,"turns":4},{"damage":63,"enemies":"Collector","floor":33,"turns":5}],"seed_played":"5843378568029504949","potions_obtained":[{"floor":7,"key":"SteroidPotion"},{"floor":10,"key":"SmokeBomb"},{"floor":11,"key":"PowerPotion"},{"floor":18,"key":"SpeedPotion"},{"floor":23,"key":"Ancient Potion"},{"floor":29,"key":"AttackPotion"}],"is_trial":false,"path_per_floor":["M","?","$","?","?","R","M","R","T","E","M","R","E","M","R","B",null,"M","?","?","T","M","E","R","$","T","R","$","?","?","M","R","B"],"character_chosen":"DEFECT","items_purchased":["Consume","The Bomb","PrismaticShard"],"campfire_rested":2,"item_purchase_floors":[25,25,28],"current_hp_per_floor":[74,74,74,74,74,74,74,74,74,55,45,45,29,36,36,10,82,56,40,40,40,40,23,47,47,47,47,47,47,47,19,43,0],"gold":99,"neow_bonus":"RANDOM_COMMON_RELIC","is_prod":false,"is_daily":false,"chose_seed":false,"campfire_upgraded":5,"win_rate":0,"timestamp":1561998875,"path_taken":["M","?","$","?","?","R","M","R","T","E","M","R","E","M","R","BOSS","M","?","?","?","?","E","R","$","T","R","$","?","?","M","R","BOSS"],"build_version":"2019-01-23","purchased_purges":2,"victory":false,"max_hp_per_floor":[75,75,75,75,75,75,75,75,75,82,82,82,82,82,82,82,82,82,82,82,82,82,82,82,82,82,82,82,82,82,82,82,82],"card_choices":[{"not_picked":["Coolheaded","Beam Cell"],"picked":"Barrage","floor":1},{"not_picked":["Hologram","Chill"],"picked":"Barrage","floor":7},{"not_picked":["Stack","Cold Snap","Beam Cell"],"picked":"SKIP","floor":10},{"not_picked":["Recycle","Stack","Undo"],"picked":"SKIP","floor":11},{"not_picked":["Thunder Strike","Reinforced Body"],"picked":"Self Repair","floor":13},{"not_picked":["Redo","Blizzard","Coolheaded"],"picked":"SKIP","floor":14},{"not_picked":["Echo Form","Rainbow"],"picked":"Seek","floor":16},{"not_picked":["Stack","Rebound"],"picked":"Ball Lightning+1","floor":18},{"not_picked":["Blizzard+1","Ball Lightning"],"picked":"Conserve Battery","floor":22},{"not_picked":["Ball Lightning","Multi-Cast","Rebound"],"picked":"SKIP","floor":23},{"not_picked":["Gash+1","Dagger Spray"],"picked":"Noxious Fumes","floor":29},{"not_picked":["Sweeping Beam","True Grit"],"picked":"Leg Sweep","floor":31}],"player_experience":129841,"relics_obtained":[{"floor":9,"key":"Lantern"},{"floor":10,"key":"Strawberry"},{"floor":13,"key":"Art of War"},{"floor":19,"key":"Necronomicon"},{"floor":21,"key":"Vajra"},{"floor":23,"key":"Bag of Preparation"},{"floor":29,"key":"Red Mask"}],"event_choices":[{"cards_removed":["Strike_B"],"damage_healed":0,"gold_gain":0,"player_choice":"Card Removal","damage_taken":0,"max_hp_gain":0,"max_hp_loss":0,"event_name":"The Cleric","floor":2,"gold_loss":50},{"damage_healed":0,"gold_gain":0,"cards_transformed":["Strike_B"],"player_choice":"Change","damage_taken":0,"max_hp_gain":0,"max_hp_loss":0,"event_name":"Living Wall","floor":4,"gold_loss":0,"cards_obtained":["Doom and Gloom"]},{"damage_healed":0,"gold_gain":175,"player_choice":"AGREE","damage_taken":0,"max_hp_gain":0,"max_hp_loss":0,"event_name":"Liars Game","floor":5,"gold_loss":0,"cards_obtained":["Doubt"]},{"damage_healed":0,"gold_gain":0,"player_choice":"Obtained Book","damage_taken":16,"max_hp_gain":0,"max_hp_loss":0,"event_name":"Cursed Tome","floor":19,"gold_loss":0},{"damage_healed":0,"gold_gain":0,"player_choice":"Read","damage_taken":0,"max_hp_gain":0,"max_hp_loss":0,"event_name":"The Library","floor":20,"gold_loss":0,"cards_obtained":["BootSequence"]},{"damage_healed":0,"gold_gain":0,"player_choice":"Fought Bandits","damage_taken":0,"max_hp_gain":0,"max_hp_loss":0,"event_name":"Masked Bandits","floor":29,"gold_loss":0},{"damage_healed":0,"gold_gain":0,"player_choice":"Ignored","damage_taken":0,"max_hp_gain":0,"max_hp_loss":0,"event_name":"Ghosts","floor":30,"gold_loss":0}],"is_beta":false,"boss_relics":[{"not_picked":["Fusion Hammer","Philosopher\u0027s Stone"],"picked":"Pandora\u0027s Box"}],"items_purged_floors":[3,28],"is_endless":false,"potions_floor_spawned":[7,10,11,18,23,29,31],"killed_by":"Collector","ascension_level":0}