{"gold_per_floor":[17,17,37,37,51,51,91,110,185,219,219,219,8,24,24,24],"floor_reached":16,"playtime":433,"items_purged":[],"score":270,"play_id":"26ca3b20-8341-4c59-9f55-fe832178e07d","local_time":"20190804020939","is_ascension_mode":true,"campfire_choices":[{"data":"Blizzard","floor":6,"key":"SMITH"},{"data":"1","floor":11,"key":"LIFT"},{"data":"2","floor":15,"key":"LIFT"}],"neow_cost":"NO_GOLD","seed_source_timestamp":50168229758881,"circlet_count":0,"master_deck":["AscendersBane","Strike_B","Strike_B","Defend_B","Defend_B","Defend_B","Defend_B","Zap","Dualcast","Glacier","Doom and Gloom","Sweeping Beam","Blizzard+1","BootSequence","Conserve Battery","Chill+1","Capacitor"],"relics":["Cracked Core","Golden Idol","Prayer Wheel","Bag of Marbles","Shuriken","Girya","ClockworkSouvenir"],"potions_floor_usage":[7,7,10],"damage_taken":[{"damage":2,"enemies":"Small Slimes","floor":1,"turns":4},{"damage":0,"enemies":"Jaw Worm","floor":3,"turns":6},{"damage":0,"enemies":"2 Louse","floor":5,"turns":4},{"damage":29,"enemies":"Gremlin Nob","floor":7,"turns":5},{"damage":0,"enemies":"Blue Slaver","floor":8,"turns":6},{"damage":0,"enemies":"Lagavulin","floor":10,"turns":7},{"damage":2,"enemies":"Red Slaver","floor":14,"turns":3},{"damage":32,"enemies":"Slime Boss","floor":16,"turns":8}],"seed_played":"692411283326509587","potions_obtained":[{"floor":1,"key":"Block Potion"},{"floor":5,"key":"Ancient Potion"},{"floor":8,"key":"PowerPotion"},{"floor":14,"key":"Explosive Potion"}],"is_trial":false,"path_per_floor":["M","?","M","?","M","R","E","M","T","E","R","?","$","M","R","B"],"character_chosen":"DEFECT","items_purchased":["ClockworkSouvenir"],"campfire_rested":0,"item_purchase_floors":[13],"current_hp_per_floor":[62,62,62,51,51,51,22,22,22,22,22,22,22,20,20,0],"gold":24,"neow_bonus":"REMOVE_TWO","is_prod":false,"is_daily":false,"chose_seed":false,"campfire_upgraded":1,"win_rate":0,"timestamp":1564877379,"path_taken":["M","?","M","?","M","R","E","M","T","E","R","?","?","M","R","BOSS"],"build_version":"2019-07-18","purchased_purges":0,"victory":false,"max_hp_per_floor":[71,64,64,64,64,64,64,64,64,64,64,64,64,64,64,64],"card_choices":[{"not_picked":["Conserve Battery","Cold Snap"],"picked":"Glacier","floor":1},{"not_picked":["Blizzard","Conserve Battery"],"picked":"Doom and Gloom","floor":3},{"not_picked":["Barrage","Steam Power"],"picked":"Sweeping Beam","floor":5},{"not_picked":["Coolheaded","Redo"],"picked":"Blizzard","floor":5},{"not_picked":["Beam Cell","Steam","Go for the Eyes"],"picked":"SKIP","floor":7},{"not_picked":["Recycle","Conserve Battery"],"picked":"BootSequence","floor":8},{"not_picked":["Reprogram","Stack"],"picked":"Conserve Battery","floor":8},{"not_picked":["White Noise","Fusion"],"picked":"Chill","floor":10},{"not_picked":["Double Energy","Rebound"],"picked":"Capacitor","floor":14},{"not_picked":["Turbo","Hello World","Steam"],"picked":"SKIP","floor":14}],"player_experience":1956272,"relics_obtained":[{"floor":7,"key":"Bag of Marbles"},{"floor":9,"key":"Shuriken"},{"floor":10,"key":"Girya"}],"event_choices":[{"damage_healed":0,"gold_gain":0,"player_choice":"Lose Max HP","damage_taken":0,"relics_obtained":["Golden Idol"],"max_hp_gain":0,"max_hp_loss":7,"event_name":"Golden Idol","floor":2,"gold_loss":0},{"damage_healed":0,"gold_gain":0,"player_choice":"Success","damage_taken":11,"relics_obtained":["Prayer Wheel"],"max_hp_gain":0,"max_hp_loss":0,"event_name":"Scrap Ooze","floor":4,"gold_loss":0},{"damage_healed":0,"gold_gain":0,"player_choice":"Grow","damage_taken":0,"max_hp_gain":0,"max_hp_loss":0,"event_name":"Living Wall","floor":12,"gold_loss":0,"cards_upgraded":["Chill"]}],"is_beta":true,"boss_relics":[],"items_purged_floors":[],"is_endless":false,"potions_floor_spawned":[1,5,8,14],"killed_by":"Slime Boss","ascension_level":20}