{"gold_per_floor":[113,124,124,124,143,181,181,225,273,273,273,297,340,353,353,477,477,497,520,377,377,430,430,444,543,543,543],"floor_reached":27,"playtime":1040,"items_purged":["Strike_B"],"score":279,"play_id":"e3df5f6d-94de-47db-8a82-2beff6aba92c","local_time":"20190701045917","is_ascension_mode":true,"campfire_choices":[{"floor":11,"key":"REST"},{"floor":15,"key":"REST"},{"data":"Creative AI","floor":23,"key":"SMITH"}],"neow_cost":"NONE","seed_source_timestamp":105067260895235,"circlet_count":0,"master_deck":["Defend_B","Defend_B","Defend_B","Defend_B","Zap+1","Dualcast","Capacitor","Self Repair","Melter","Conserve Battery","Electrodynamics","Creative AI+1","Redo+1","Ball Lightning","Auto Shields","Bite","Bite","Bite","Bite","Bite","Conserve Battery+1"],"relics":["Cracked Core","NeowsBlessing","Golden Idol","Singing Bowl","Anchor","Ornamental Fan","Cables","Inserter","Potion Belt","Molten Egg 2"],"potions_floor_usage":[6,6,14,24],"damage_taken":[{"damage":0,"enemies":"2 Louse","floor":1,"turns":1},{"damage":0,"enemies":"Cultist","floor":2,"turns":1},{"damage":0,"enemies":"Small Slimes","floor":5,"turns":1},{"damage":25,"enemies":"Lagavulin","floor":6,"turns":6},{"damage":51,"enemies":"Gremlin Nob","floor":8,"turns":5},{"damage":7,"enemies":"Looter","floor":12,"turns":3},{"damage":27,"enemies":"3 Sentries","floor":13,"turns":8},{"damage":0,"enemies":"Gremlin Gang","floor":14,"turns":2},{"damage":31,"enemies":"Slime Boss","floor":16,"turns":8},{"damage":0,"enemies":"3 Byrds","floor":18,"turns":2},{"damage":0,"enemies":"Spheric Guardian","floor":19,"turns":2},{"damage":34,"enemies":"Centurion and Healer","floor":24,"turns":7},{"damage":53,"enemies":"Cultist and Chosen","floor":27,"turns":6}],"seed_played":"-8270496571002085118","potions_obtained":[{"floor":2,"key":"PowerPotion"},{"floor":4,"key":"AttackPotion"},{"floor":4,"key":"LiquidBronze"},{"floor":4,"key":"FairyPotion"},{"floor":6,"key":"Ancient Potion"},{"floor":13,"key":"Poison Potion"},{"floor":16,"key":"Swift Potion"}],"is_trial":false,"path_per_floor":["M","M","?","?","M","E","?","E","T","?","R","M","E","M","R","B",null,"M","M","$","?","T","R","M","?","T","M"],"character_chosen":"DEFECT","items_purchased":["Auto Shields"],"campfire_rested":2,"item_purchase_floors":[20],"current_hp_per_floor":[75,75,57,57,57,41,38,14,14,14,37,37,17,19,42,18,79,79,79,79,55,55,55,36,36,36,0],"gold":543,"neow_bonus":"THREE_ENEMY_KILL","is_prod":false,"is_daily":false,"chose_seed":false,"campfire_upgraded":1,"win_rate":0,"timestamp":1561924757,"path_taken":["M","M","?","?","?","E","?","E","T","?","R","M","E","M","R","BOSS","M","?","$","?","?","R","M","?","T","M"],"build_version":"2019-01-23","purchased_purges":1,"victory":false,"max_hp_per_floor":[75,75,75,75,75,77,77,77,77,77,77,77,77,79,79,79,79,79,79,79,55,55,55,55,55,55,55],"card_choices":[{"not_picked":["Streamline","Redo","Lockon"],"picked":"SKIP","floor":1},{"not_picked":["Reinforced Body","Steam"],"picked":"Capacitor","floor":2},{"not_picked":["Sweeping Beam","Chill"],"picked":"Self Repair","floor":5},{"not_picked":["Aggregate","Beam Cell","Barrage"],"picked":"Singing Bowl","floor":6},{"not_picked":["Coolheaded","Turbo"],"picked":"Melter","floor":8},{"not_picked":["Leap","Lockon"],"picked":"Conserve Battery","floor":12},{"not_picked":["Double Energy","Go for the Eyes"],"picked":"Electrodynamics","floor":13},{"not_picked":["Compile Driver","Barrage","Scrape"],"picked":"Singing Bowl","floor":14},{"not_picked":["All For One","Biased Cognition"],"picked":"Creative AI","floor":16},{"not_picked":["Chaos","Ball Lightning"],"picked":"Redo+1","floor":18},{"not_picked":["Coolheaded","Compile Driver"],"picked":"Ball Lightning","floor":19},{"not_picked":["Fusion","Streamline"],"picked":"Conserve Battery+1","floor":24}],"player_experience":88005,"relics_obtained":[{"floor":6,"key":"Singing Bowl"},{"floor":8,"key":"Ornamental Fan"},{"floor":13,"key":"Cables"},{"floor":22,"key":"Potion Belt"},{"floor":26,"key":"Molten Egg 2"}],"event_choices":[{"damage_healed":0,"gold_gain":0,"player_choice":"Take Damage","damage_taken":18,"relics_obtained":["Golden Idol"],"max_hp_gain":0,"max_hp_loss":0,"event_name":"Golden Idol","floor":3,"gold_loss":0},{"damage_healed":0,"gold_gain":0,"player_choice":"Got Potions","damage_taken":0,"max_hp_gain":0,"max_hp_loss":0,"event_name":"Lab","floor":4,"gold_loss":0},{"damage_healed":0,"gold_gain":0,"player_choice":"Success","damage_taken":3,"relics_obtained":["Anchor"],"max_hp_gain":0,"max_hp_loss":0,"event_name":"Scrap Ooze","floor":7,"gold_loss":0},{"damage_healed":0,"gold_gain":0,"player_choice":"Upgraded","damage_taken":0,"max_hp_gain":0,"max_hp_loss":0,"event_name":"Upgrade Shrine","floor":10,"gold_loss":0,"cards_upgraded":["Zap"]},{"damage_healed":0,"gold_gain":0,"player_choice":"Became a vampire","damage_taken":0,"max_hp_gain":0,"max_hp_loss":24,"event_name":"Vampires","floor":21,"gold_loss":0,"cards_obtained":["Bite","Bite","Bite","Bite","Bite"]},{"damage_healed":0,"gold_gain":99,"player_choice":"Stole From Cult","damage_taken":0,"max_hp_gain":0,"max_hp_loss":0,"event_name":"Nest","floor":25,"gold_loss":0}],"is_beta":false,"boss_relics":[{"not_picked":["Runic Pyramid","Tiny House"],"picked":"Inserter"}],"items_purged_floors":[20],"is_endless":false,"potions_floor_spawned":[2,5,6,13,16],"killed_by":"Cultist and Chosen","ascension_level":2}