{"gold_per_floor":[111,111,123,8,24,24,59,59,59,84,84,101,101,101,101,101],"floor_reached":16,"playtime":697,"items_purged":["Defend_R"],"score":140,"play_id":"74dfc560-91ed-473a-b6af-122db67c0983","local_time":"20190807030733","is_ascension_mode":true,"campfire_choices":[{"data":"Bash","floor":6,"key":"SMITH"},{"data":"Barricade","floor":8,"key":"SMITH"},{"data":"Body Slam","floor":13,"key":"SMITH"},{"data":"Shockwave","floor":15,"key":"SMITH"}],"neow_cost":"NONE","seed_source_timestamp":103793243308534,"circlet_count":0,"master_deck":["Strike_R","Strike_R+1","Strike_R","Strike_R","Defend_R","Defend_R","Defend_R","Bash+1","Shockwave+1","Cleave","Dual Wield+1","Thunderclap","Barricade+1","Body Slam+1"],"relics":["Burning Blood","PreservedInsect","Question Card","Meat on the Bone","Mercury Hourglass","Mango"],"potions_floor_usage":[7,16],"damage_taken":[{"damage":9,"enemies":"Jaw Worm","floor":1,"turns":4},{"damage":0,"enemies":"2 Louse","floor":3,"turns":3},{"damage":10,"enemies":"Small Slimes","floor":5,"turns":3},{"damage":18,"enemies":"Gremlin Nob","floor":7,"turns":3},{"damage":24,"enemies":"3 Sentries","floor":10,"turns":4},{"damage":0,"enemies":"2 Fungi Beasts","floor":12,"turns":2},{"damage":44,"enemies":"The Guardian","floor":16,"turns":6}],"seed_played":"-5976421597561662898","potions_obtained":[{"floor":1,"key":"Strength Potion"},{"floor":7,"key":"LiquidBronze"}],"is_trial":false,"path_per_floor":["M","?","M","$","M","R","E","R","T","E","?","M","R","?","R","B"],"character_chosen":"IRONCLAD","items_purchased":["Dual Wield"],"campfire_rested":0,"item_purchase_floors":[4],"current_hp_per_floor":[69,69,75,75,71,71,59,59,59,53,55,61,61,42,42,0],"gold":101,"neow_bonus":"RANDOM_COMMON_RELIC","is_prod":false,"is_daily":false,"chose_seed":false,"campfire_upgraded":4,"win_rate":0,"timestamp":1565172453,"path_taken":["M","?","M","$","M","R","E","R","T","E","?","M","R","?","R","BOSS"],"build_version":"2019-07-17","purchased_purges":1,"victory":false,"max_hp_per_floor":[80,80,80,80,80,80,80,80,80,80,94,94,94,94,94,94],"card_choices":[{"not_picked":["Clash","Clothesline"],"picked":"Shockwave","floor":1},{"not_picked":["Iron Wave","Feel No Pain"],"picked":"Cleave","floor":3},{"not_picked":["Havoc","Warcry"],"picked":"Thunderclap","floor":5},{"not_picked":["Brutality","Wild Strike"],"picked":"Barricade","floor":7},{"not_picked":["Double Tap","Evolve","Searing Blow"],"picked":"Body Slam","floor":10},{"not_picked":["Warcry","Searing Blow","Reckless Charge","Body Slam"],"picked":"SKIP","floor":12}],"player_experience":206803,"relics_obtained":[{"floor":7,"key":"Question Card"},{"floor":9,"key":"Meat on the Bone"},{"floor":10,"key":"Mercury Hourglass"}],"event_choices":[{"cards_removed":["Strike_R"],"damage_healed":0,"gold_gain":0,"player_choice":"Forget","damage_taken":0,"max_hp_gain":0,"max_hp_loss":0,"event_name":"Living Wall","floor":2,"gold_loss":0},{"damage_healed":0,"gold_gain":0,"player_choice":"Success","damage_taken":12,"relics_obtained":["Mango"],"max_hp_gain":0,"max_hp_loss":0,"event_name":"Scrap Ooze","floor":11,"gold_loss":0},{"damage_healed":0,"gold_gain":0,"player_choice":"Entered Light","damage_taken":19,"max_hp_gain":0,"max_hp_loss":0,"event_name":"Shining Light","floor":14,"gold_loss":0,"cards_upgraded":["Dual Wield","Strike_R"]}],"is_beta":false,"boss_relics":[],"items_purged_floors":[4],"is_endless":false,"potions_floor_spawned":[1,7],"killed_by":"The Guardian","ascension_level":6}