{"gold_per_floor":[18,30,30,50,70,70,17,53,53,89,89,105,34,55,55,55],"floor_reached":16,"playtime":444,"items_purged":[],"score":224,"play_id":"b11449ee-6daa-40e5-a8fe-65db665dd576","local_time":"20190803160714","is_ascension_mode":true,"campfire_choices":[{"data":"Zap","floor":6,"key":"SMITH"},{"floor":11,"key":"REST"},{"data":"Fission","floor":15,"key":"SMITH"}],"neow_cost":"NO_GOLD","seed_source_timestamp":14011739644275,"circlet_count":0,"master_deck":["AscendersBane","Strike_B","Strike_B","Defend_B","Defend_B","Defend_B","Defend_B","Zap+1","Dualcast","Gash","Go for the Eyes","Leap","Ball Lightning","Fission+1","Hologram+1","Reinforced Body+1","Steam+1"],"relics":["Cracked Core","Golden Idol","Ornamental Fan","Toxic Egg 2","Letter Opener"],"potions_floor_usage":[8,8,16],"damage_taken":[{"damage":0,"enemies":"Cultist","floor":1,"turns":4},{"damage":0,"enemies":"2 Louse","floor":2,"turns":2},{"damage":2,"enemies":"Jaw Worm","floor":4,"turns":4},{"damage":2,"enemies":"2 Fungi Beasts","floor":5,"turns":5},{"damage":23,"enemies":"Gremlin Nob","floor":8,"turns":4},{"damage":33,"enemies":"Lagavulin","floor":10,"turns":9},{"damage":12,"enemies":"Gremlin Gang","floor":12,"turns":4},{"damage":0,"enemies":"Looter","floor":14,"turns":3},{"damage":12,"enemies":"Hexaghost","floor":16,"turns":9}],"seed_played":"2963367600934754326","potions_obtained":[{"floor":1,"key":"SteroidPotion"},{"floor":10,"key":"FocusPotion"},{"floor":14,"key":"Energy Potion"}],"is_trial":false,"path_per_floor":["M","M","?","M","M","R","$","E","T","E","R","M","?","M","R","B"],"character_chosen":"DEFECT","items_purchased":["Block Potion"],"campfire_rested":1,"item_purchase_floors":[7],"current_hp_per_floor":[64,64,64,62,60,60,60,37,37,4,23,11,11,11,11,0],"gold":55,"neow_bonus":"REMOVE_TWO","is_prod":false,"is_daily":false,"chose_seed":false,"campfire_upgraded":2,"win_rate":0,"timestamp":1564841234,"path_taken":["M","M","?","M","M","R","$","E","T","E","R","M","?","M","R","BOSS"],"build_version":"2019-07-18","purchased_purges":0,"victory":false,"max_hp_per_floor":[71,71,64,64,64,64,64,64,64,64,64,64,64,64,64,64],"card_choices":[{"not_picked":["White Noise","Go for the Eyes"],"picked":"Gash","floor":1},{"not_picked":["Storm","Heatsinks"],"picked":"Go for the Eyes","floor":2},{"not_picked":["Rebound","Beam Cell"],"picked":"Leap","floor":4},{"not_picked":["BootSequence","Barrage"],"picked":"Ball Lightning","floor":5},{"not_picked":["Go for the Eyes","Sweeping Beam"],"picked":"Fission","floor":8},{"not_picked":["Hyperbeam","Storm"],"picked":"Hologram+1","floor":10},{"not_picked":["Streamline","Beam Cell"],"picked":"Reinforced Body+1","floor":12},{"not_picked":["Rebound","Capacitor"],"picked":"Steam+1","floor":14}],"player_experience":1951177,"relics_obtained":[{"floor":8,"key":"Ornamental Fan"},{"floor":9,"key":"Toxic Egg 2"},{"floor":10,"key":"Letter Opener"}],"event_choices":[{"damage_healed":0,"gold_gain":0,"player_choice":"Lose Max HP","damage_taken":0,"relics_obtained":["Golden Idol"],"max_hp_gain":0,"max_hp_loss":7,"event_name":"Golden Idol","floor":3,"gold_loss":0},{"damage_healed":0,"gold_gain":0,"player_choice":"Left Gold","damage_taken":0,"max_hp_gain":0,"max_hp_loss":0,"event_name":"World of Goop","floor":13,"gold_loss":71}],"is_beta":true,"boss_relics":[],"items_purged_floors":[],"is_endless":false,"potions_floor_spawned":[1,10,14],"killed_by":"Hexaghost","ascension_level":20}