{"gold_per_floor":[113,163,183,196,207,207,242,242,242,46,81,95,124,83,83,155,155,165,182,182,202,220,220,59,59,85,100,100,118,118,128,128,200,200,217,233,233,245,245,307,307,334,334,361,361,373,405,416,416,416,416],"floor_reached":52,"playtime":2704,"items_purged":["Strike_B"],"score":2063,"play_id":"e39ddfe6-9dc2-480e-bd76-4160f607fc26","local_time":"20190806202405","is_ascension_mode":true,"campfire_choices":[{"data":"Streamline","floor":6.0,"key":"SMITH"},{"data":"Darkness","floor":15.0,"key":"SMITH"},{"floor":23.0,"key":"REST"},{"data":"Defragment","floor":25.0,"key":"SMITH"},{"data":"Creative AI","floor":30.0,"key":"SMITH"},{"floor":32.0,"key":"REST"},{"data":"Fission","floor":45,"key":"SMITH"},{"floor":49,"key":"REST"}],"neow_cost":"NONE","seed_source_timestamp":155742212337,"circlet_count":0,"master_deck":["AscendersBane","Strike_B","Strike_B","Strike_B","Defend_B","Defend_B","Defend_B","Defend_B","Zap","Dualcast","Streamline+1","Cold Snap","Conserve Battery","Compile Driver","Cold Snap","Coolheaded","Static Discharge","Genetic Algorithm","Darkness+1","Seek","Self Repair","Echo Form","Sweeping Beam","Compile Driver","Glacier","Reinforced Body","Defragment+1","Writhe","Fusion+1","Echo Form","Creative AI+1","Electrodynamics","Recycle","Coolheaded","Skim","Machine Learning","Compile Driver+1","Capacitor","Coolheaded","Fission+1","Multi-Cast","Coolheaded"],"special_seed":0,"relics":["Cracked Core","DataDisk","Bronze Scales","Kunai","StoneCalendar","Dead Branch","Cursed Key","Bag of Marbles","Snecko Eye","Tiny Chest","The Courier","Mercury Hourglass","Boot"],"potions_floor_usage":[50,50],"damage_taken":[{"damage":15.0,"enemies":"Small Slimes","floor":1.0,"turns":4.0},{"damage":1.0,"enemies":"Cultist","floor":3.0,"turns":3.0},{"damage":0.0,"enemies":"2 Louse","floor":4.0,"turns":3.0},{"damage":0.0,"enemies":"Exordium Wildlife","floor":5.0,"turns":2.0},{"damage":20.0,"enemies":"Lagavulin","floor":7.0,"turns":5.0},{"damage":2.0,"enemies":"Gremlin Nob","floor":11.0,"turns":3.0},{"damage":10.0,"enemies":"3 Louse","floor":12.0,"turns":2.0},{"damage":9.0,"enemies":"Lagavulin","floor":13.0,"turns":6.0},{"damage":12.0,"enemies":"Hexaghost","floor":16.0,"turns":7.0},{"damage":13.0,"enemies":"Shell Parasite","floor":18.0,"turns":7.0},{"damage":3.0,"enemies":"Spheric Guardian","floor":19.0,"turns":4.0},{"damage":12.0,"enemies":"Snake Plant","floor":21.0,"turns":4.0},{"damage":7.0,"enemies":"Snecko","floor":22.0,"turns":5.0},{"damage":0.0,"enemies":"Centurion and Healer","floor":27.0,"turns":7.0},{"damage":15.0,"enemies":"Cultist and Chosen","floor":29.0,"turns":7.0},{"damage":24.0,"enemies":"Snake Plant","floor":31.0,"turns":3.0},{"damage":9.0,"enemies":"Champ","floor":33.0,"turns":8.0},{"damage":13.0,"enemies":"3 Shapes","floor":35.0,"turns":3.0},{"damage":0.0,"enemies":"Orb Walker","floor":36.0,"turns":3.0},{"damage":4.0,"enemies":"3 Darklings","floor":38.0,"turns":5.0},{"damage":33.0,"enemies":"Reptomancer","floor":40.0,"turns":4.0},{"damage":20.0,"enemies":"Giant Head","floor":42.0,"turns":10.0},{"damage":12,"enemies":"Nemesis","floor":44,"turns":7},{"damage":3,"enemies":"Maw","floor":46,"turns":7},{"damage":19,"enemies":"Giant Head","floor":47,"turns":9},{"damage":44,"enemies":"Spire Growth","floor":48,"turns":5},{"damage":30,"enemies":"Awakened One","floor":50,"turns":13},{"damage":17,"enemies":"Donu and Deca","floor":51,"turns":9}],"seed_played":"2253147482187158195","potions_obtained":[{"floor":4.0,"key":"Dexterity Potion"},{"floor":11.0,"key":"SteroidPotion"},{"floor":13.0,"key":"FocusPotion"},{"floor":48,"key":"FocusPotion"}],"is_trial":false,"path_per_floor":["M","?","M","M","M","R","E","?","T","$","E","M","E","$","R","B",null,"M","M","?","M","M","R","$","R","T","M","?","M","R","M","R","B",null,"M","M","?","M","T","E","?","E","T","E","R","M","E","M","R","B","B",null],"character_chosen":"DEFECT","items_purchased":["Coolheaded","Regen Potion","Static Discharge","Self Repair","Defragment"],"campfire_rested":3,"item_purchase_floors":[10,10,10,14,24],"current_hp_per_floor":[49,49,48,48,48,48,28,28,28,28,26,16,21,21,21,9,56,43,47,27,22,22,44,44,44,44,51,51,36,36,19,41,39,67,61,61,61,64,64,31,62,49,49,51,51,62,50,20,38,22,5],"gold":416,"neow_bonus":"RANDOM_COMMON_RELIC","is_prod":false,"is_daily":false,"chose_seed":false,"campfire_upgraded":5,"win_rate":0,"timestamp":1565115845,"path_taken":["M","?","M","?","M","R","E","?","T","$","E","M","E","?","R","BOSS","M","M","?","M","M","R","$","R","T","M","?","M","R","?","R","BOSS","M","?","?","?","?","E","?","E","T","E","R","M","E","M","R","BOSS","BOSS"],"build_version":"2019-07-18","purchased_purges":1,"victory":true,"max_hp_per_floor":[71,71,71,71,71,71,71,71,71,71,71,71,71,71,71,71,71,71,71,76,76,76,76,76,76,76,76,76,76,76,76,76,76,76,76,76,76,76,76,76,62,62,62,62,62,62,62,62,62,62,62],"card_choices":[{"not_picked":["Consume","Scrape"],"picked":"Streamline","floor":1.0},{"not_picked":["Conserve Battery","Barrage"],"picked":"Cold Snap","floor":3.0},{"not_picked":["Sweeping Beam","Streamline"],"picked":"Conserve Battery","floor":4.0},{"not_picked":["Lockon","Go for the Eyes"],"picked":"Compile Driver","floor":5.0},{"not_picked":["Gash","Force Field"],"picked":"Cold Snap","floor":7.0},{"not_picked":["Redo","Barrage"],"picked":"Genetic Algorithm","floor":11.0},{"not_picked":["Heatsinks","Machine Learning"],"picked":"Darkness","floor":12.0},{"not_picked":["Compile Driver","Reprogram"],"picked":"Seek","floor":13.0},{"not_picked":["Reboot","Thunder Strike"],"picked":"Echo Form","floor":16.0},{"not_picked":["Recycle","Chill"],"picked":"Sweeping Beam","floor":18.0},{"not_picked":["Leap","Barrage"],"picked":"Compile Driver","floor":19.0},{"not_picked":["Steam","Loop"],"picked":"Glacier","floor":21.0},{"not_picked":["Streamline","Hologram"],"picked":"Reinforced Body","floor":22.0},{"not_picked":["Melter","Beam Cell"],"picked":"Fusion+1","floor":27.0},{"not_picked":["Streamline","Melter"],"picked":"Creative AI","floor":29.0},{"not_picked":["Go for the Eyes","Hologram","Cold Snap+1"],"picked":"SKIP","floor":31.0},{"not_picked":["Multi-Cast","Amplify"],"picked":"Electrodynamics","floor":33.0},{"not_picked":["Undo+1","Sunder"],"picked":"Recycle","floor":35.0},{"not_picked":["Tempest","Steam"],"picked":"Coolheaded","floor":36.0},{"not_picked":["Stack","Go for the Eyes+1"],"picked":"Compile Driver+1","floor":38.0},{"not_picked":["Chaos","Scrape+1"],"picked":"Capacitor","floor":40.0},{"not_picked":["Conserve Battery","Cold Snap"],"picked":"Coolheaded","floor":42.0},{"not_picked":["Defragment","Barrage+1"],"picked":"Fission","floor":44},{"not_picked":["Hologram","Rebound","Steam+1"],"picked":"SKIP","floor":46},{"not_picked":["Gash","Go for the Eyes+1"],"picked":"Multi-Cast","floor":47},{"not_picked":["Sweeping Beam+1","Leap+1"],"picked":"Coolheaded","floor":48}],"player_experience":1963905,"relics_obtained":[{"floor":7.0,"key":"Bronze Scales"},{"floor":9.0,"key":"Kunai"},{"floor":11.0,"key":"StoneCalendar"},{"floor":13.0,"key":"Dead Branch"},{"floor":26.0,"key":"Bag of Marbles"},{"floor":40.0,"key":"Tiny Chest"},{"floor":42.0,"key":"The Courier"},{"floor":44,"key":"Mercury Hourglass"},{"floor":47,"key":"Boot"}],"event_choices":[{"damage_healed":0.0,"max_hp_gain":0.0,"max_hp_loss":0.0,"gold_gain":50.0,"event_name":"Golden Shrine","player_choice":"Pray","floor":2.0,"gold_loss":0.0,"damage_taken":0.0},{"damage_healed":0.0,"max_hp_gain":0.0,"max_hp_loss":0.0,"gold_gain":0.0,"event_name":"Shining Light","player_choice":"Ignored","floor":8.0,"gold_loss":0.0,"damage_taken":0.0},{"damage_healed":0.0,"max_hp_gain":5.0,"max_hp_loss":0.0,"gold_gain":0.0,"event_name":"Forgotten Altar","player_choice":"Shed Blood","floor":20.0,"gold_loss":0.0,"damage_taken":25.0},{"damage_healed":0.0,"max_hp_gain":0.0,"max_hp_loss":0.0,"gold_gain":0.0,"event_name":"Duplicator","player_choice":"Copied","floor":28.0,"gold_loss":0.0,"damage_taken":0.0,"cards_obtained":["Echo Form"]},{"damage_healed":0.0,"max_hp_gain":0.0,"max_hp_loss":0.0,"gold_gain":0.0,"event_name":"Match and Keep!","player_choice":"2 cards matched","floor":37.0,"gold_loss":0.0,"damage_taken":0.0,"cards_obtained":["Skim","Machine Learning"]},{"damage_healed":62.0,"max_hp_gain":0.0,"max_hp_loss":14.0,"gold_gain":0.0,"event_name":"The Moai Head","player_choice":"Heal","floor":41.0,"gold_loss":0.0,"damage_taken":0.0}],"is_beta":true,"boss_relics":[{"not_picked":["White Beast Statue","Velvet Choker"],"picked":"Cursed Key"},{"not_picked":["Tiny House","Coffee Dripper"],"picked":"Snecko Eye"}],"items_purged_floors":[24],"is_endless":false,"potions_floor_spawned":[4,11,13,18,27,31,40,42,47,48],"ascension_level":20}