{"gold_per_floor":[119,131,6,24,42,69,69,94,162,162],"floor_reached":10,"playtime":309,"items_purged":[],"score":136,"play_id":"955724ed-884f-4266-8082-ee6360b24180","local_time":"20190706140139","is_ascension_mode":true,"campfire_choices":[{"data":"Streamline","floor":7,"key":"SMITH"}],"neow_cost":"NONE","seed_source_timestamp":596128587885,"circlet_count":0,"master_deck":["AscendersBane","Strike_B","Strike_B","Strike_B","Strike_B","Defend_B","Defend_B","Defend_B","Defend_B","Zap","Dualcast","Streamline+1","Auto Shields","Glacier","Doom and Gloom","Genetic Algorithm","Ball Lightning","Genetic Algorithm","Undo"],"relics":["Cracked Core","Du-Vu Doll","Odd Mushroom","Symbiotic Virus"],"potions_floor_usage":[5,6,10],"damage_taken":[{"damage":3,"enemies":"2 Louse","floor":1,"turns":3},{"damage":5,"enemies":"Small Slimes","floor":2,"turns":3},{"damage":7,"enemies":"Jaw Worm","floor":4,"turns":3},{"damage":18,"enemies":"Gremlin Gang","floor":5,"turns":5},{"damage":17,"enemies":"3 Sentries","floor":6,"turns":7},{"damage":21,"enemies":"The Mushroom Lair","floor":8,"turns":4},{"damage":15,"enemies":"Lagavulin","floor":10,"turns":3}],"seed_played":"8962864383004718592","potions_obtained":[{"floor":4,"key":"AttackPotion"},{"floor":5,"key":"Regen Potion"},{"floor":8,"key":"AttackPotion"}],"is_trial":false,"path_per_floor":["M","M","$","M","M","E","R","?","T","E"],"character_chosen":"DEFECT","items_purchased":["Glacier","Doom and Gloom"],"campfire_rested":0,"item_purchase_floors":[3,3],"current_hp_per_floor":[68,63,63,56,38,36,36,15,15,0],"gold":162,"neow_bonus":"TEN_PERCENT_HP_BONUS","is_prod":false,"is_daily":false,"chose_seed":false,"campfire_upgraded":1,"win_rate":0,"timestamp":1562414499,"path_taken":["M","M","$","M","M","E","R","?","T","E"],"build_version":"2019-07-03","purchased_purges":0,"victory":false,"max_hp_per_floor":[78,78,78,78,78,78,78,78,78,78],"card_choices":[{"not_picked":["Double Energy","Fusion"],"picked":"Streamline","floor":1},{"not_picked":["Leap","Ball Lightning"],"picked":"Auto Shields","floor":2},{"not_picked":["Barrage","Coolheaded"],"picked":"Genetic Algorithm","floor":4},{"not_picked":["Gash","Leap"],"picked":"Ball Lightning","floor":5},{"not_picked":["Gash","Streamline"],"picked":"Genetic Algorithm","floor":6},{"not_picked":["Leap","Heatsinks"],"picked":"Undo","floor":8}],"player_experience":1814901,"relics_obtained":[{"floor":6,"key":"Du-Vu Doll"},{"floor":8,"key":"Odd Mushroom"},{"floor":9,"key":"Symbiotic Virus"}],"event_choices":[{"damage_healed":0,"gold_gain":0,"player_choice":"Fought Mushrooms","damage_taken":0,"max_hp_gain":0,"max_hp_loss":0,"event_name":"Mushrooms","floor":8,"gold_loss":0}],"is_beta":true,"boss_relics":[],"items_purged_floors":[],"is_endless":false,"potions_floor_spawned":[4,5,8],"killed_by":"Lagavulin","ascension_level":20}