{"gold_per_floor":[119,119,194,119,44,70,70,89,89,89,99,129,142,16,16,87,87,104,104,29,41,41,41,71,91,91,122,37,47,47,66,66,141,141,155,165,176,176,126,126,156,156,156,156,12,12,22,42,42,42,42,42,42,42,71,71],"floor_reached":56,"playtime":1865,"items_purged":["Strike_G","Strike_G","Strike_G+1","Bane"],"score":1846,"play_id":"19c3b9d8-6cc1-4eb4-a787-eaa3ce55a3c8","local_time":"20190803213350","is_ascension_mode":true,"campfire_choices":[{"data":"Predator","floor":10.0,"key":"SMITH"},{"data":"Acrobatics","floor":15.0,"key":"SMITH"},{"data":"Neutralize","floor":23.0,"key":"SMITH"},{"data":"Prepared","floor":30.0,"key":"SMITH"},{"data":"Grand Finale","floor":32.0,"key":"SMITH"},{"data":"Well Laid Plans","floor":40.0,"key":"SMITH"},{"data":"Backflip","floor":42.0,"key":"SMITH"},{"floor":49.0,"key":"RECALL"},{"floor":53.0,"key":"REST"}],"neow_cost":"NONE","seed_source_timestamp":527867241080754,"circlet_count":0,"master_deck":["AscendersBane","Defend_G","Defend_G","Defend_G","Defend_G","Defend_G","Survivor+1","Neutralize+1","Noxious Fumes","Grand Finale+1","Acrobatics+1","Deflect+1","Prepared+1","Well Laid Plans+1","Backflip+1","Flechettes+1","Escape Plan","Backflip+1"],"special_seed":0,"relics":["Ring of the Snake","NeowsBlessing","Pocketwatch","Nunchaku","Meat on the Bone","WristBlade","Paper Crane","Gremlin Horn","Smiling Mask","PreservedInsect","Runic Dome","Orichalcum","Letter Opener"],"potions_floor_usage":[],"damage_taken":[{"damage":0.0,"enemies":"Jaw Worm","floor":1.0,"turns":1.0},{"damage":0.0,"enemies":"3 Sentries","floor":6.0,"turns":2.0},{"damage":0.0,"enemies":"2 Louse","floor":8.0,"turns":1.0},{"damage":5.0,"enemies":"Small Slimes","floor":11.0,"turns":4.0},{"damage":6.0,"enemies":"Lagavulin","floor":12.0,"turns":6.0},{"damage":0.0,"enemies":"2 Fungi Beasts","floor":13.0,"turns":3.0},{"damage":10.0,"enemies":"Hexaghost","floor":16.0,"turns":8.0},{"damage":0.0,"enemies":"Chosen","floor":18.0,"turns":3.0},{"damage":0.0,"enemies":"3 Byrds","floor":21.0,"turns":2.0},{"damage":20.0,"enemies":"Book of Stabbing","floor":24.0,"turns":5.0},{"damage":1.0,"enemies":"Snecko","floor":25.0,"turns":4.0},{"damage":8.0,"enemies":"Gremlin Leader","floor":27.0,"turns":5.0},{"damage":4.0,"enemies":"Shelled Parasite and Fungi","floor":29.0,"turns":3.0},{"damage":4.0,"enemies":"Snake Plant","floor":31.0,"turns":3.0},{"damage":24.0,"enemies":"Champ","floor":33.0,"turns":9.0},{"damage":3.0,"enemies":"3 Shapes","floor":35.0,"turns":2.0},{"damage":7.0,"enemies":"Orb Walker","floor":36.0,"turns":2.0},{"damage":0.0,"enemies":"Jaw Worm Horde","floor":37.0,"turns":2.0},{"damage":4.0,"enemies":"Nemesis","floor":41.0,"turns":7.0},{"damage":0.0,"enemies":"Writhing Mass","floor":47.0,"turns":3.0},{"damage":0.0,"enemies":"3 Darklings","floor":48.0,"turns":2.0},{"damage":13.0,"enemies":"Awakened One","floor":50.0,"turns":8.0},{"damage":26.0,"enemies":"Time Eater","floor":51.0,"turns":10.0},{"damage":37,"enemies":"Shield and Spear","floor":55,"turns":3},{"damage":42,"enemies":"The Heart","floor":56,"turns":3}],"seed_played":"-2417071123808500661","potions_obtained":[{"floor":1.0,"key":"Dexterity Potion"},{"floor":11.0,"key":"Swift Potion"},{"floor":13.0,"key":"Strength Potion"},{"floor":18.0,"key":"Swift Potion"},{"floor":27.0,"key":"PowerPotion"},{"floor":33.0,"key":"LiquidBronze"}],"is_trial":false,"path_per_floor":["M","?","?","?","$","E","$","M","T","R","M","E","M","$","R","B",null,"M","?","?","M","$","R","E","M","T","E","?","M","R","M","R","B",null,"M","M","M","?","$","R","E","R","T","?","$","?","M","M","R","B","B",null,"R","$","E","B"],"character_chosen":"THE_SILENT","items_purchased":["Acrobatics","Swift Potion","Escape Plan"],"campfire_rested":1,"item_purchase_floors":[14,45,45],"current_hp_per_floor":[59,39,28,28,28,28,28,28,28,28,23,17,29,29,29,31,57,57,39,39,39,39,39,31,42,42,46,46,42,42,38,38,26,60,57,50,50,50,50,50,46,46,46,46,46,46,46,46,46,45,31,58,67,67,42,0],"gold":71,"neow_bonus":"THREE_ENEMY_KILL","is_prod":false,"is_daily":false,"chose_seed":false,"campfire_upgraded":7,"win_rate":0,"timestamp":1564835630,"path_taken":["M","?","?","?","$","E","$","M","T","R","M","E","M","?","R","BOSS","M","?","?","?","?","R","E","M","T","E","?","M","R","M","R","BOSS","M","M","M","?","$","R","E","R","T","?","$","?","M","M","R","BOSS","BOSS","R","$","E","BOSS"],"build_version":"2019-07-17","purchased_purges":4,"victory":false,"max_hp_per_floor":[66,66,66,66,66,66,66,66,66,66,66,66,66,66,66,66,66,66,71,71,71,71,71,71,71,71,71,71,71,71,71,71,71,71,71,71,71,71,71,71,71,71,71,67,67,67,67,67,67,67,67,67,67,67,67,67],"card_choices":[{"not_picked":["Cloak And Dagger","Deflect","Dodge and Roll"],"picked":"SKIP","floor":1.0},{"not_picked":["Prepared","Masterful Stab"],"picked":"Noxious Fumes","floor":6.0},{"not_picked":["Prepared","Expertise"],"picked":"Predator","floor":8.0},{"not_picked":["Bane","Underhanded Strike","Dagger Throw"],"picked":"SKIP","floor":11.0},{"not_picked":["Underhanded Strike","Dagger Throw"],"picked":"Bane","floor":11.0},{"not_picked":["Choke","Bane"],"picked":"Grand Finale","floor":12.0},{"not_picked":["Expertise","Dagger Spray","Bouncing Flask"],"picked":"SKIP","floor":13.0},{"not_picked":["Poisoned Stab","Dagger Throw+1","Bane"],"picked":"SKIP","floor":18.0},{"not_picked":["Blade Dance","Dash","Dagger Spray"],"picked":"SKIP","floor":21.0},{"not_picked":["Deflect","Blade Dance","Dodge and Roll"],"picked":"SKIP","floor":24.0},{"not_picked":["Blade Dance","Dodge and Roll"],"picked":"Deflect","floor":24.0},{"not_picked":["Dodge and Roll","Acrobatics+1","Quick Slash"],"picked":"SKIP","floor":25.0},{"not_picked":["Underhanded Strike","Footwork"],"picked":"Prepared","floor":27.0},{"not_picked":["Masterful Stab","Slice","Blade Dance"],"picked":"SKIP","floor":29.0},{"not_picked":["Prepared","Setup","Poisoned Stab"],"picked":"SKIP","floor":31.0},{"not_picked":["Concentrate+1","Blade Dance"],"picked":"Well Laid Plans","floor":35.0},{"not_picked":["Backflip","Underhanded Strike","Accuracy+1"],"picked":"SKIP","floor":36.0},{"not_picked":["Underhanded Strike","Accuracy+1"],"picked":"Backflip","floor":36.0},{"not_picked":["Underhanded Strike","Sucker Punch","Outmaneuver"],"picked":"SKIP","floor":37.0},{"not_picked":["Flechettes+1","Dagger Spray+1","Die Die Die"],"picked":"SKIP","floor":41.0},{"not_picked":["Dagger Spray+1","Die Die Die"],"picked":"Flechettes+1","floor":41.0},{"not_picked":["Terror","Bane","Underhanded Strike"],"picked":"SKIP","floor":47.0},{"not_picked":["Terror","Bane","Underhanded Strike"],"picked":"SKIP","floor":47.0},{"not_picked":["Quick Slash","Dagger Spray","Dodge and Roll"],"picked":"SKIP","floor":48.0},{"not_picked":["Acrobatics+1","Infinite Blades+1"],"picked":"Backflip+1","floor":55}],"player_experience":750440,"relics_obtained":[{"floor":6.0,"key":"Pocketwatch"},{"floor":9.0,"key":"Nunchaku"},{"floor":12.0,"key":"Meat on the Bone"},{"floor":24.0,"key":"Paper Crane"},{"floor":26.0,"key":"Gremlin Horn"},{"floor":27.0,"key":"Smiling Mask"},{"floor":41.0,"key":"Orichalcum"},{"floor":55,"key":"Letter Opener"}],"event_choices":[{"damage_healed":0.0,"max_hp_gain":0.0,"max_hp_loss":0.0,"gold_gain":0.0,"event_name":"Shining Light","player_choice":"Entered Light","floor":2.0,"gold_loss":0.0,"damage_taken":20.0,"cards_upgraded":["Strike_G","Survivor"]},{"damage_healed":0.0,"max_hp_gain":0.0,"max_hp_loss":0.0,"gold_gain":75.0,"event_name":"World of Goop","player_choice":"Gather Gold","floor":3.0,"gold_loss":0.0,"damage_taken":11.0},{"cards_removed":["Strike_G"],"damage_healed":0.0,"max_hp_gain":0.0,"max_hp_loss":0.0,"gold_gain":0.0,"event_name":"The Cleric","player_choice":"Card Removal","floor":4.0,"gold_loss":75.0,"damage_taken":0.0},{"damage_healed":0.0,"max_hp_gain":5.0,"max_hp_loss":0.0,"gold_gain":0.0,"event_name":"Forgotten Altar","player_choice":"Shed Blood","floor":19.0,"gold_loss":0.0,"damage_taken":23.0},{"cards_removed":["Strike_G"],"damage_healed":0.0,"max_hp_gain":0.0,"max_hp_loss":0.0,"gold_gain":0.0,"event_name":"Designer","player_choice":"Single Remove","floor":20.0,"gold_loss":75.0,"damage_taken":0.0},{"damage_healed":0.0,"max_hp_gain":0.0,"max_hp_loss":0.0,"gold_gain":0.0,"event_name":"Addict","player_choice":"Obtained Relic","floor":28.0,"gold_loss":85.0,"damage_taken":0.0,"relics_obtained":["PreservedInsect"]},{"cards_removed":["Predator"],"damage_healed":0.0,"max_hp_gain":0.0,"max_hp_loss":0.0,"gold_gain":0.0,"event_name":"Falling","player_choice":"Removed Attack","floor":38.0,"gold_loss":0.0,"damage_taken":0.0},{"damage_healed":0.0,"max_hp_gain":0.0,"max_hp_loss":4.0,"gold_gain":0.0,"event_name":"Winding Halls","player_choice":"Max HP","floor":44.0,"gold_loss":0.0,"damage_taken":0.0},{"damage_healed":0.0,"max_hp_gain":0.0,"max_hp_loss":0.0,"gold_gain":0.0,"event_name":"Accursed Blacksmith","player_choice":"Forge","floor":46.0,"gold_loss":0.0,"damage_taken":0.0,"cards_upgraded":["Deflect"]}],"is_beta":false,"boss_relics":[{"not_picked":["Ring of the Serpent","Busted Crown"],"picked":"WristBlade"},{"not_picked":["Calling Bell","HoveringKite"],"picked":"Runic Dome"}],"items_purged_floors":[5,14,39,45],"is_endless":false,"potions_floor_spawned":[1,11,13,18,27,31,33,35,41],"killed_by":"The Heart","ascension_level":20}