{"gold_per_floor":[113,38,38,50,125,125,139,139,139,172,182,216,229,278,278,350,350,365,415,8,8,25,25,58,58,58,73,3,3,33,47,47,126,126,136,150,70,70,70,100,100,152,152,152,152,203,266,305,305,355,355,355,355,33,83,83],"floor_reached":57,"playtime":9231,"items_purged":["Strike_G","Pain"],"score":3172,"play_id":"250d2edf-18a1-4240-89e5-111f86f1a161","local_time":"20190725225546","is_ascension_mode":true,"campfire_choices":[{"data":"Predator","floor":6.0,"key":"SMITH"},{"data":"Dash","floor":8.0,"key":"SMITH"},{"floor":15.0,"key":"REST"},{"data":"Wraith Form v2","floor":23.0,"key":"SMITH"},{"data":"Burst","floor":25.0,"key":"SMITH"},{"data":"Well Laid Plans","floor":29.0,"key":"SMITH"},{"floor":32.0,"key":"REST"},{"floor":41.0,"key":"REST"},{"floor":44.0,"key":"RECALL"},{"floor":49.0,"key":"REST"},{"data":"Acrobatics","floor":53.0,"key":"SMITH"}],"neow_cost":"TEN_PERCENT_HP_LOSS","seed_source_timestamp":505992715058986,"circlet_count":0,"master_deck":["AscendersBane","Strike_G","Defend_G","Defend_G","Defend_G","Defend_G","Defend_G","Survivor","Neutralize","Predator+1","Sucker Punch","Wraith Form v2+1","Dash+1","Deadly Poison","Well Laid Plans+1","Burst+1","Deadly Poison","Die Die Die","Well Laid Plans+1","Deadly Poison","Deflect","Bouncing Flask","Acrobatics+1","PiercingWail","Footwork+1","Dodge and Roll+1","Footwork+1","Bouncing Flask+1","Dodge and Roll+1","Night Terror+1","Acrobatics+1","Calculated Gamble+1","Secret Technique+1","HandOfGreed","Deep Breath+1","Blur+1","Backflip+1","Footwork+1","Blur+1","Backflip+1","Footwork+1","Leg Sweep+1","Catalyst+1","Deflect+1","Acrobatics+1","Deflect+1","Deflect+1","Wraith Form v2+1"],"special_seed":0,"relics":["Ring of the Snake","Gremlin Horn","Question Card","FossilizedHelix","The Courier","Orichalcum","Sozu","MealTicket","WarpedTongs","Frozen Egg 2","Toxic Egg 2","Nunchaku","Runic Dome","Potion Belt","PreservedInsect","Darkstone Periapt","Snake Skull"],"potions_floor_usage":[56],"damage_taken":[{"damage":0.0,"enemies":"2 Louse","floor":1.0,"turns":4.0},{"damage":0.0,"enemies":"Jaw Worm","floor":4.0,"turns":6.0},{"damage":0.0,"enemies":"Small Slimes","floor":7.0,"turns":4.0},{"damage":33.0,"enemies":"Lagavulin","floor":10.0,"turns":9.0},{"damage":0.0,"enemies":"Looter","floor":11.0,"turns":3.0},{"damage":5.0,"enemies":"Gremlin Nob","floor":12.0,"turns":4.0},{"damage":0.0,"enemies":"2 Fungi Beasts","floor":13.0,"turns":3.0},{"damage":1.0,"enemies":"The Guardian","floor":16.0,"turns":12.0},{"damage":0.0,"enemies":"2 Thieves","floor":18.0,"turns":4.0},{"damage":9.0,"enemies":"3 Byrds","floor":22.0,"turns":5.0},{"damage":6.0,"enemies":"Gremlin Leader","floor":24.0,"turns":6.0},{"damage":3.0,"enemies":"Centurion and Healer","floor":27.0,"turns":6.0},{"damage":29.0,"enemies":"Slavers","floor":30.0,"turns":7.0},{"damage":9.0,"enemies":"Shelled Parasite and Fungi","floor":31.0,"turns":6.0},{"damage":4.0,"enemies":"Champ","floor":33.0,"turns":12.0},{"damage":0.0,"enemies":"3 Darklings","floor":35.0,"turns":5.0},{"damage":3.0,"enemies":"3 Shapes","floor":36.0,"turns":3.0},{"damage":34.0,"enemies":"Reptomancer","floor":40.0,"turns":9.0},{"damage":0.0,"enemies":"Giant Head","floor":42.0,"turns":11.0},{"damage":0.0,"enemies":"Nemesis","floor":46.0,"turns":9.0},{"damage":0.0,"enemies":"Sphere and 2 Shapes","floor":47.0,"turns":4.0},{"damage":0.0,"enemies":"Spire Growth","floor":48.0,"turns":6.0},{"damage":0.0,"enemies":"Awakened One","floor":50.0,"turns":15.0},{"damage":18.0,"enemies":"Donu and Deca","floor":51.0,"turns":15.0},{"damage":0.0,"enemies":"Shield and Spear","floor":55.0,"turns":9.0},{"damage":50,"enemies":"The Heart","floor":56,"turns":11}],"seed_played":"2368022243249722554","potions_obtained":[{"floor":10.0,"key":"GhostInAJar"},{"floor":16.0,"key":"SteroidPotion"}],"is_trial":false,"path_per_floor":["M","?","T","M","?","R","M","R","T","E","M","E","M","T","R","B",null,"M","?","$","?","M","R","E","R","T","M","$","R","E","M","R","B",null,"M","M","$","?","?","E","R","E","T","R","?","E","M","M","R","B","B",null,"R","$","E","B",null],"character_chosen":"THE_SILENT","items_purchased":["Deadly Poison","Deflect","Bouncing Flask","Acrobatics","MealTicket","Footwork+1","Footwork+1","Leg Sweep+1","Catalyst+1","Deflect+1","Acrobatics+1","Deflect+1","Deflect+1"],"campfire_rested":4,"item_purchase_floors":[20,20,20,20,20,28,54,54,54,54,54,54,54],"current_hp_per_floor":[59,59,59,59,48,48,48,48,48,15,15,10,10,10,28,27,52,52,52,52,52,43,43,37,37,37,34,49,49,20,11,29,25,51,51,48,60,50,50,16,33,33,33,33,33,33,33,33,50,50,32,51,51,57,57,7],"gold":83,"neow_bonus":"TRANSFORM_TWO_CARDS","is_prod":false,"is_daily":false,"chose_seed":false,"campfire_upgraded":6,"win_rate":0,"timestamp":1564084546,"path_taken":["M","?","?","M","?","R","M","R","T","E","M","E","M","?","R","BOSS","M","?","$","?","M","R","E","R","T","?","$","R","E","M","R","BOSS","M","M","$","?","?","E","R","E","T","R","?","E","?","M","R","BOSS","BOSS","R","$","E","BOSS"],"build_version":"2019-07-17","purchased_purges":2,"victory":true,"max_hp_per_floor":[60,60,60,60,60,60,60,60,60,60,60,60,60,60,60,60,60,60,60,60,60,60,60,60,60,60,60,60,60,60,60,60,60,60,60,60,60,60,57,57,57,57,57,57,57,57,57,57,57,57,57,57,57,57,57,57],"card_choices":[{"not_picked":["Prepared","Bane"],"picked":"Sucker Punch","floor":1.0},{"not_picked":["Blade Dance","Outmaneuver"],"picked":"Wraith Form v2","floor":4.0},{"not_picked":["Dagger Throw","Bane"],"picked":"Dash","floor":7.0},{"not_picked":["Reflex","Quick Slash","Bane"],"picked":"Deadly Poison","floor":10.0},{"not_picked":["Predator","PiercingWail","Prepared"],"picked":"Well Laid Plans","floor":11.0},{"not_picked":["Poisoned Stab","Sucker Punch","Caltrops"],"picked":"Burst","floor":12.0},{"not_picked":["Masterful Stab","Dagger Spray","Reflex"],"picked":"Deadly Poison","floor":13.0},{"not_picked":["A Thousand Cuts","Envenom","Doppelganger"],"picked":"Die Die Die","floor":16.0},{"not_picked":["Underhanded Strike","Bane+1","Sucker Punch"],"picked":"Well Laid Plans+1","floor":18.0},{"not_picked":["Dash","Poisoned Stab","Underhanded Strike"],"picked":"PiercingWail","floor":22.0},{"not_picked":["Backstab+1","Deadly Poison+1","Outmaneuver"],"picked":"Footwork","floor":24.0},{"not_picked":["Sucker Punch","Poisoned Stab+1","Endless Agony"],"picked":"Dodge and Roll+1","floor":27.0},{"not_picked":["Expertise+1","Dash","Heel Hook"],"picked":"Bouncing Flask+1","floor":30.0},{"not_picked":["Tactician+1","Dagger Spray","Flying Knee"],"picked":"Dodge and Roll+1","floor":31.0},{"not_picked":["A Thousand Cuts+1","Phantasmal Killer+1","Unload"],"picked":"Night Terror+1","floor":33.0},{"not_picked":["Blade Dance+1","Deadly Poison+1","Cloak And Dagger+1"],"picked":"Acrobatics+1","floor":35.0},{"not_picked":["Cloak And Dagger+1","Glass Knife","Infinite Blades+1"],"picked":"Calculated Gamble+1","floor":36.0},{"not_picked":["Jack Of All Trades+1","Panache+1","Flash of Steel"],"picked":"Secret Technique+1","floor":38.0},{"not_picked":["Good Instincts+1","Flash of Steel","Purity+1"],"picked":"HandOfGreed","floor":38.0},{"not_picked":["The Bomb+1","Forethought+1","Apotheosis+1"],"picked":"Deep Breath+1","floor":38.0},{"not_picked":["Predator","Calculated Gamble+1","Well Laid Plans+1"],"picked":"Blur+1","floor":40.0},{"not_picked":["Outmaneuver+1","Reflex+1","Blade Dance+1"],"picked":"Backflip+1","floor":42.0},{"not_picked":["Caltrops+1","Quick Slash","Sucker Punch"],"picked":"Footwork+1","floor":46.0},{"not_picked":["Outmaneuver+1","Choke+1","Deadly Poison+1"],"picked":"Blur+1","floor":47.0},{"not_picked":["A Thousand Cuts+1","Calculated Gamble+1","Acrobatics+1"],"picked":"Backflip+1","floor":48.0},{"not_picked":["Acrobatics+1","Flying Knee","PiercingWail+1"],"picked":"Wraith Form v2+1","floor":55.0}],"player_experience":985799,"relics_obtained":[{"floor":3.0,"key":"Gremlin Horn"},{"floor":9.0,"key":"Question Card"},{"floor":10.0,"key":"FossilizedHelix"},{"floor":12.0,"key":"The Courier"},{"floor":14.0,"key":"Orichalcum"},{"floor":24.0,"key":"Frozen Egg 2"},{"floor":26.0,"key":"Toxic Egg 2"},{"floor":30.0,"key":"Nunchaku"},{"floor":40.0,"key":"Potion Belt"},{"floor":42.0,"key":"PreservedInsect"},{"floor":46.0,"key":"Darkstone Periapt"},{"floor":55.0,"key":"Snake Skull"}],"event_choices":[{"cards_removed":["Eviscerate"],"damage_healed":0.0,"max_hp_gain":0.0,"max_hp_loss":0.0,"gold_gain":0.0,"event_name":"The Cleric","player_choice":"Card Removal","floor":2.0,"gold_loss":75.0,"damage_taken":0.0},{"damage_healed":0.0,"max_hp_gain":0.0,"max_hp_loss":0.0,"gold_gain":75.0,"event_name":"World of Goop","player_choice":"Gather Gold","floor":5.0,"gold_loss":0.0,"damage_taken":11.0},{"damage_healed":0.0,"max_hp_gain":0.0,"max_hp_loss":0.0,"gold_gain":50.0,"event_name":"Nest","player_choice":"Stole From Cult","floor":19.0,"gold_loss":0.0,"damage_taken":0.0},{"damage_healed":0.0,"max_hp_gain":0.0,"max_hp_loss":0.0,"gold_gain":0.0,"event_name":"Accursed Blacksmith","player_choice":"Rummage","floor":21.0,"gold_loss":0.0,"damage_taken":0.0,"relics_obtained":["WarpedTongs"],"cards_obtained":["Pain"]},{"damage_healed":0.0,"max_hp_gain":0.0,"max_hp_loss":0.0,"gold_gain":0.0,"event_name":"SensoryStone","player_choice":"Memory 3","floor":38.0,"gold_loss":0.0,"damage_taken":10.0},{"damage_healed":0.0,"max_hp_gain":0.0,"max_hp_loss":3.0,"gold_gain":0.0,"event_name":"Winding Halls","player_choice":"Max HP","floor":39.0,"gold_loss":0.0,"damage_taken":0.0},{"cards_removed":["Strike_G"],"damage_healed":0.0,"max_hp_gain":0.0,"max_hp_loss":0.0,"gold_gain":0.0,"event_name":"Purifier","player_choice":"Purged","floor":45.0,"gold_loss":0.0,"damage_taken":0.0}],"is_beta":false,"boss_relics":[{"not_picked":["Ring of the Serpent","Ectoplasm"],"picked":"Sozu"},{"not_picked":["Snecko Eye","Philosopher\u0027s Stone"],"picked":"Runic Dome"}],"items_purged_floors":[20,37],"is_endless":false,"potions_floor_spawned":[10,16,18,22,27,36,48],"ascension_level":20}