{"gold_per_floor":[360,372,54,64,88,119,119,44,44,55,75,95,95,108,108,180,180,194,119,119,38,49,49,59,89,89,108,23,57,57,77,77,152,152,166,221,221,231,231,231,265,265,347,378,389,407,407,407,407,407,407,407,407,85,114,114],"floor_reached":56,"playtime":3676,"items_purged":["Strike_G","Defend_G+1"],"score":2494,"play_id":"b4aa474b-a135-4fca-b5a4-d870824a8f88","local_time":"20190805010415","is_ascension_mode":true,"campfire_choices":[{"data":"Caltrops","floor":7.0,"key":"SMITH"},{"data":"Strike_G","floor":15.0,"key":"PURGE"},{"data":"Calculated Gamble","floor":23.0,"key":"SMITH"},{"floor":30.0,"key":"REST"},{"data":"Strike_G","floor":32.0,"key":"PURGE"},{"data":"Strike_G+1","floor":40.0,"key":"PURGE"},{"data":"Acrobatics","floor":42.0,"key":"SMITH"},{"floor":49.0,"key":"RECALL"},{"data":"Infinite Blades+1","floor":53.0,"key":"PURGE"}],"neow_cost":"CURSE","seed_source_timestamp":0,"circlet_count":0,"master_deck":["AscendersBane","Defend_G+1","Defend_G+1","Defend_G+1","Defend_G+1","Survivor+1","Neutralize+1","Caltrops+1","Heel Hook+1","Tactician+1","Tools of the Trade+1","Endless Agony+1","Footwork+1","Die Die Die+1","Calculated Gamble+1","Blade Dance+1","Blade Dance+1","Night Terror+1","Wraith Form v2+1","Cloak And Dagger+1","Cloak And Dagger+1","Acrobatics+1","Catalyst+1"],"special_seed":0,"relics":["Ring of the Snake","Dead Branch","Orichalcum","Lantern","Peace Pipe","Calling Bell","Juzu Bracelet","Ornamental Fan","Torii","Whetstone","Prayer Wheel","Calipers","Thread and Needle","Coffee Dripper","Nunchaku","Mark of the Bloom","Mango","Ice Cream","Snake Skull","Shuriken"],"potions_floor_usage":[56],"damage_taken":[{"damage":7.0,"enemies":"Cultist","floor":1.0,"turns":5.0},{"damage":2.0,"enemies":"Jaw Worm","floor":2.0,"turns":6.0},{"damage":1.0,"enemies":"2 Louse","floor":4.0,"turns":2.0},{"damage":12.0,"enemies":"3 Sentries","floor":6.0,"turns":7.0},{"damage":23.0,"enemies":"Exordium Wildlife","floor":10.0,"turns":8.0},{"damage":0.0,"enemies":"2 Fungi Beasts","floor":11.0,"turns":2.0},{"damage":1.0,"enemies":"Lots of Slimes","floor":12.0,"turns":6.0},{"damage":3.0,"enemies":"Blue Slaver","floor":14.0,"turns":4.0},{"damage":0.0,"enemies":"Hexaghost","floor":16.0,"turns":9.0},{"damage":1.0,"enemies":"Spheric Guardian","floor":18.0,"turns":4.0},{"damage":9.0,"enemies":"2 Thieves","floor":22.0,"turns":4.0},{"damage":22.0,"enemies":"Shelled Parasite and Fungi","floor":24.0,"turns":7.0},{"damage":10.0,"enemies":"Slavers","floor":25.0,"turns":4.0},{"damage":8.0,"enemies":"Snake Plant","floor":27.0,"turns":3.0},{"damage":15.0,"enemies":"Gremlin Leader","floor":29.0,"turns":8.0},{"damage":1.0,"enemies":"Centurion and Healer","floor":31.0,"turns":7.0},{"damage":0.0,"enemies":"Collector","floor":33.0,"turns":12.0},{"damage":1.0,"enemies":"Orb Walker","floor":35.0,"turns":3.0},{"damage":32.0,"enemies":"2 Orb Walkers","floor":36.0,"turns":7.0},{"damage":0.0,"enemies":"3 Shapes","floor":38.0,"turns":3.0},{"damage":1.0,"enemies":"Nemesis","floor":41.0,"turns":9.0},{"damage":0.0,"enemies":"Giant Head","floor":44.0,"turns":7.0},{"damage":0.0,"enemies":"Maw","floor":45.0,"turns":5.0},{"damage":0.0,"enemies":"Writhing Mass","floor":46.0,"turns":9.0},{"damage":0.0,"enemies":"Time Eater","floor":50.0,"turns":6.0},{"damage":0.0,"enemies":"Donu and Deca","floor":51.0,"turns":12.0},{"damage":0.0,"enemies":"Shield and Spear","floor":55.0,"turns":11.0},{"damage":25,"enemies":"The Heart","floor":56,"turns":7}],"seed_played":"-251195937680939206","potions_obtained":[{"floor":2.0,"key":"Strength Potion"},{"floor":11.0,"key":"EntropicBrew"},{"floor":12.0,"key":"Fire Potion"},{"floor":14.0,"key":"SkillPotion"},{"floor":16.0,"key":"Swift Potion"},{"floor":22.0,"key":"SteroidPotion"},{"floor":24.0,"key":"Regen Potion"},{"floor":29.0,"key":"Weak Potion"},{"floor":31.0,"key":"Poison Potion"},{"floor":38.0,"key":"EssenceOfSteel"},{"floor":41.0,"key":"SteroidPotion"},{"floor":45.0,"key":"SkillPotion"}],"is_trial":false,"path_per_floor":["M","M","$","M","T","E","R","?","T","M","M","M","?","M","R","B",null,"M","$","?","$","M","R","M","E","T","M","?","E","R","M","R","B",null,"M","?","?","M","?","R","E","R","T","E","M","M","?","?","R","B","B",null,"R","$","E","B"],"character_chosen":"THE_SILENT","items_purchased":["Dead Branch","Infinite Blades","Snake Skull","Weak Potion"],"campfire_rested":1,"item_purchase_floors":[3,21,54,54],"current_hp_per_floor":[52,50,50,49,49,37,37,37,37,14,14,13,18,15,15,15,57,56,56,56,56,47,47,25,27,27,19,19,4,25,24,24,24,59,58,26,26,26,26,26,25,25,25,25,25,25,25,25,25,25,25,25,25,25,25,0],"gold":114,"neow_bonus":"TWO_FIFTY_GOLD","is_prod":false,"is_daily":false,"chose_seed":false,"campfire_upgraded":3,"win_rate":0,"timestamp":1564934655,"path_taken":["M","M","$","M","?","E","R","?","T","M","M","M","?","M","R","BOSS","M","$","?","$","M","R","M","E","T","M","?","E","R","M","R","BOSS","M","?","?","M","?","R","E","R","T","E","M","M","?","?","R","BOSS","BOSS","R","$","E","BOSS"],"build_version":"2019-07-17","purchased_purges":2,"victory":false,"max_hp_per_floor":[66,66,66,66,66,66,66,66,66,66,66,66,71,71,71,71,71,71,71,71,71,71,71,71,71,71,71,71,71,71,71,71,71,71,71,71,71,71,71,71,85,85,85,85,85,85,85,85,85,85,85,85,85,85,85,85],"card_choices":[{"not_picked":["Crippling Poison","Cloak And Dagger"],"picked":"Caltrops","floor":1.0},{"not_picked":["Slice","Expertise","Skewer"],"picked":"SKIP","floor":2.0},{"not_picked":["Slice","Expertise"],"picked":"Skewer","floor":2.0},{"not_picked":["Poisoned Stab","Sucker Punch"],"picked":"Heel Hook","floor":4.0},{"not_picked":["Leg Sweep","Setup","Heel Hook"],"picked":"SKIP","floor":6.0},{"not_picked":["Leg Sweep","Setup","Heel Hook"],"picked":"SKIP","floor":6.0},{"not_picked":["Deflect","Concentrate"],"picked":"Tactician","floor":10.0},{"not_picked":["Quick Slash","Slice"],"picked":"Tools of the Trade","floor":11.0},{"not_picked":["Dagger Throw","Dagger Spray"],"picked":"Endless Agony","floor":12.0},{"not_picked":["Setup","All Out Attack"],"picked":"Footwork","floor":14.0},{"not_picked":["Tools of the Trade","A Thousand Cuts"],"picked":"Die Die Die","floor":16.0},{"not_picked":["Underhanded Strike","Dodge and Roll","Leg Sweep"],"picked":"SKIP","floor":18.0},{"not_picked":["Dagger Throw","Blur","Crippling Poison"],"picked":"SKIP","floor":22.0},{"not_picked":["Sucker Punch","Finisher"],"picked":"Blade Dance","floor":24.0},{"not_picked":["Dagger Throw","Underhanded Strike","Blade Dance"],"picked":"SKIP","floor":25.0},{"not_picked":["Dagger Throw","Underhanded Strike"],"picked":"Blade Dance","floor":25.0},{"not_picked":["Dodge and Roll","Slice","Flying Knee"],"picked":"SKIP","floor":27.0},{"not_picked":["Accuracy","Flying Knee","Expertise"],"picked":"SKIP","floor":27.0},{"not_picked":["Dagger Spray","Slice+1","Underhanded Strike"],"picked":"SKIP","floor":29.0},{"not_picked":["Poisoned Stab","Bouncing Flask"],"picked":"Night Terror","floor":31.0},{"not_picked":["Dagger Throw","Flying Knee","PiercingWail"],"picked":"SKIP","floor":31.0},{"not_picked":["Grand Finale","A Thousand Cuts"],"picked":"Wraith Form v2","floor":33.0},{"not_picked":["Prepared","Underhanded Strike"],"picked":"Cloak And Dagger","floor":35.0},{"not_picked":["Blade Dance","Noxious Fumes+1","Bane+1"],"picked":"SKIP","floor":35.0},{"not_picked":["Prepared","Dash+1"],"picked":"Cloak And Dagger+1","floor":36.0},{"not_picked":["Underhanded Strike+1","Deadly Poison","All Out Attack"],"picked":"SKIP","floor":38.0},{"not_picked":["Poisoned Stab","Cloak And Dagger","Quick Slash+1"],"picked":"SKIP","floor":38.0},{"not_picked":["Tactician","Prepared"],"picked":"Acrobatics","floor":41.0},{"not_picked":["Bane","Backflip","Glass Knife"],"picked":"SKIP","floor":44.0},{"not_picked":["Expertise+1","Finisher","Masterful Stab"],"picked":"SKIP","floor":45.0},{"not_picked":["Bane","Finisher","Dagger Throw+1"],"picked":"SKIP","floor":45.0},{"not_picked":["Underhanded Strike","PiercingWail"],"picked":"Catalyst+1","floor":46.0},{"not_picked":["Setup","Eviscerate+1","Bouncing Flask"],"picked":"SKIP","floor":46.0},{"not_picked":["Slice","Acrobatics","Outmaneuver"],"picked":"SKIP","floor":55.0}],"player_experience":762178,"relics_obtained":[{"floor":5.0,"key":"Orichalcum"},{"floor":6.0,"key":"Lantern"},{"floor":9.0,"key":"Peace Pipe"},{"floor":17.0,"key":"Juzu Bracelet"},{"floor":17.0,"key":"Ornamental Fan"},{"floor":17.0,"key":"Torii"},{"floor":25.0,"key":"Whetstone"},{"floor":26.0,"key":"Prayer Wheel"},{"floor":29.0,"key":"Thread and Needle"},{"floor":36.0,"key":"Nunchaku"},{"floor":41.0,"key":"Mango"},{"floor":44.0,"key":"Ice Cream"},{"floor":55.0,"key":"Shuriken"}],"event_choices":[{"cards_removed":["Pain"],"damage_healed":0.0,"max_hp_gain":0.0,"max_hp_loss":0.0,"gold_gain":0.0,"event_name":"The Cleric","player_choice":"Card Removal","floor":8.0,"gold_loss":75.0,"damage_taken":0.0},{"damage_healed":0.0,"max_hp_gain":5.0,"max_hp_loss":0.0,"gold_gain":0.0,"event_name":"Big Fish","player_choice":"Donut","floor":13.0,"gold_loss":0.0,"damage_taken":0.0},{"damage_healed":0.0,"max_hp_gain":0.0,"max_hp_loss":0.0,"gold_gain":0.0,"event_name":"The Library","player_choice":"Read","floor":20.0,"gold_loss":0.0,"damage_taken":0.0,"cards_obtained":["Calculated Gamble"]},{"damage_healed":0.0,"max_hp_gain":0.0,"max_hp_loss":0.0,"gold_gain":0.0,"event_name":"Addict","player_choice":"Obtained Relic","floor":28.0,"gold_loss":85.0,"damage_taken":0.0,"relics_obtained":["Calipers"]},{"damage_healed":0.0,"max_hp_gain":0.0,"max_hp_loss":0.0,"gold_gain":0.0,"event_name":"Mysterious Sphere","player_choice":"Fight","floor":36.0,"gold_loss":0.0,"damage_taken":0.0},{"cards_removed":["Strike_G"],"damage_healed":0.0,"max_hp_gain":0.0,"max_hp_loss":0.0,"gold_gain":0.0,"event_name":"Purifier","player_choice":"Purged","floor":37.0,"gold_loss":0.0,"damage_taken":0.0},{"damage_healed":0.0,"max_hp_gain":0.0,"max_hp_loss":0.0,"gold_gain":0.0,"event_name":"MindBloom","player_choice":"Upgrade","floor":39.0,"gold_loss":0.0,"damage_taken":0.0,"cards_upgraded":["Strike_G","Defend_G","Defend_G","Defend_G","Defend_G","Defend_G","Survivor","Skewer","Heel Hook","Tactician","Tools of the Trade","Endless Agony","Footwork","Infinite Blades","Blade Dance","Blade Dance","Night Terror","Wraith Form v2","Cloak And Dagger"],"relics_obtained":["Mark of the Bloom"]},{"cards_removed":["Skewer"],"damage_healed":0.0,"max_hp_gain":0.0,"max_hp_loss":0.0,"gold_gain":0.0,"event_name":"Purifier","player_choice":"Purged","floor":47.0,"gold_loss":0.0,"damage_taken":0.0},{"damage_healed":0.0,"max_hp_gain":0.0,"max_hp_loss":0.0,"gold_gain":0.0,"event_name":"The Moai Head","player_choice":"Ignored","floor":48.0,"gold_loss":0.0,"damage_taken":0.0}],"is_beta":false,"boss_relics":[{"not_picked":["Ectoplasm","Snecko Eye"],"picked":"Calling Bell"},{"not_picked":["Ring of the Serpent","Philosopher\u0027s Stone"],"picked":"Coffee Dripper"}],"items_purged_floors":[19,54],"is_endless":false,"potions_floor_spawned":[2,11,12,14,16,22,24,29,31,38,41,45,46,55],"killed_by":"The Heart","ascension_level":20}