{"gold_per_floor":[112,124,135,135,0,32,32,57,82,94,94,112,187,4,4,81,81,93,113,163,88,88,120,66,82,82,82,27,27],"floor_reached":29,"playtime":2822,"items_purged":["Strike_G"],"score":502,"play_id":"b3be9f56-21e8-4693-9233-11985f8f3861","local_time":"20190810141941","is_ascension_mode":true,"campfire_choices":[{"data":"Deadly Poison","floor":7.0,"key":"SMITH"},{"data":"Footwork","floor":11.0,"key":"SMITH"},{"floor":15.0,"key":"REST"},{"floor":27,"key":"REST"}],"neow_cost":"NONE","seed_source_timestamp":733142759771100,"circlet_count":0,"master_deck":["AscendersBane","Strike_G","Strike_G+1","Strike_G","Defend_G+1","Defend_G+1","Defend_G","Defend_G","Defend_G","Survivor","Neutralize","Dagger Throw","Backstab+1","Masterful Stab+1","Footwork+1","Deadly Poison+1","Quick Slash","Footwork","Catalyst","Blind","Envenom","Well Laid Plans","Ghostly","Ghostly","Ghostly","Catalyst+1","Deflect"],"special_seed":0,"relics":["Ring of the Serpent","War Paint","Boot","Centennial Puzzle","Whetstone","Lantern","Bronze Scales"],"potions_floor_usage":[23,23,25,29],"damage_taken":[{"damage":3.0,"enemies":"Cultist","floor":1.0,"turns":5.0},{"damage":1.0,"enemies":"Jaw Worm","floor":2.0,"turns":4.0},{"damage":0.0,"enemies":"2 Louse","floor":3.0,"turns":3.0},{"damage":23.0,"enemies":"3 Sentries","floor":6.0,"turns":10.0},{"damage":7.0,"enemies":"Lagavulin","floor":8.0,"turns":4.0},{"damage":0.0,"enemies":"Blue Slaver","floor":10.0,"turns":1.0},{"damage":12.0,"enemies":"Exordium Wildlife","floor":12.0,"turns":5.0},{"damage":8.0,"enemies":"Slime Boss","floor":16.0,"turns":11.0},{"damage":4.0,"enemies":"3 Byrds","floor":18.0,"turns":5.0},{"damage":12.0,"enemies":"Chosen","floor":19.0,"turns":5.0},{"damage":27,"enemies":"Slavers","floor":23,"turns":13},{"damage":0,"enemies":"Snake Plant","floor":25,"turns":3},{"damage":19,"enemies":"Gremlin Leader","floor":29,"turns":7}],"seed_played":"-3502306517709144219","potions_obtained":[{"floor":1.0,"key":"SpeedPotion"},{"floor":6.0,"key":"Weak Potion"},{"floor":10.0,"key":"FearPotion"},{"floor":18.0,"key":"PowerPotion"},{"floor":25,"key":"EssenceOfSteel"}],"is_trial":false,"path_per_floor":["M","M","M","?","$","E","R","E","T","M","R","M","?","$","R","B",null,"M","M","?","?","?","E","$","M","T","R","$","E"],"character_chosen":"THE_SILENT","items_purchased":["Footwork","Poison Potion","Blind","PowerPotion","SkillPotion"],"campfire_rested":2,"item_purchase_floors":[5,5,14,24,28],"current_hp_per_floor":[56,55,55,55,55,32,32,25,25,25,25,13,2,2,21,13,53,49,37,37,37,33,6,6,6,6,15,15,0],"gold":27,"neow_bonus":"RANDOM_COMMON_RELIC","is_prod":false,"is_daily":false,"chose_seed":false,"campfire_upgraded":2,"win_rate":0,"timestamp":1565471981,"path_taken":["M","M","?","?","?","E","R","E","T","M","R","M","?","?","R","BOSS","M","M","?","?","?","E","?","?","T","R","$","E"],"build_version":"2019-07-17","purchased_purges":1,"victory":false,"max_hp_per_floor":[66,66,66,66,66,66,66,66,66,66,66,66,66,66,66,66,66,66,66,66,66,33,33,33,33,33,33,33,33],"card_choices":[{"not_picked":["Catalyst","Slice"],"picked":"Dagger Throw","floor":1.0},{"not_picked":["Backflip","Footwork"],"picked":"Backstab","floor":2.0},{"not_picked":["Finisher","Slice"],"picked":"Masterful Stab","floor":3.0},{"not_picked":["Accuracy","Tactician"],"picked":"Deadly Poison","floor":6.0},{"not_picked":["Slice","Blade Dance"],"picked":"Quick Slash","floor":8.0},{"not_picked":["Slice","Prepared"],"picked":"Footwork","floor":10.0},{"not_picked":["Infinite Blades","Bane"],"picked":"Catalyst","floor":12.0},{"not_picked":["Doppelganger","Bullet Time"],"picked":"Envenom","floor":16.0},{"not_picked":["Sucker Punch","Distraction","Outmaneuver"],"picked":"SKIP","floor":18.0},{"not_picked":["All Out Attack+1","Underhanded Strike+1"],"picked":"Well Laid Plans","floor":19.0},{"not_picked":["Quick Slash","Acrobatics"],"picked":"Catalyst+1","floor":23},{"not_picked":["Terror","Backstab+1"],"picked":"Deflect","floor":25}],"player_experience":1359641,"relics_obtained":[{"floor":6.0,"key":"Boot"},{"floor":8.0,"key":"Centennial Puzzle"},{"floor":9.0,"key":"Whetstone"},{"floor":23,"key":"Lantern"},{"floor":26,"key":"Bronze Scales"}],"event_choices":[{"damage_healed":0.0,"max_hp_gain":0.0,"max_hp_loss":0.0,"gold_gain":0.0,"event_name":"Upgrade Shrine","player_choice":"Upgraded","floor":4.0,"gold_loss":0.0,"damage_taken":0.0,"cards_upgraded":["Backstab"]},{"damage_healed":0.0,"max_hp_gain":0.0,"max_hp_loss":0.0,"gold_gain":75.0,"event_name":"World of Goop","player_choice":"Gather Gold","floor":13.0,"gold_loss":0.0,"damage_taken":11.0},{"damage_healed":0.0,"max_hp_gain":0.0,"max_hp_loss":0.0,"gold_gain":50.0,"event_name":"Nest","player_choice":"Stole From Cult","floor":20.0,"gold_loss":0.0,"damage_taken":0.0},{"cards_removed":["Strike_G"],"damage_healed":0.0,"max_hp_gain":0.0,"max_hp_loss":0.0,"gold_gain":0.0,"event_name":"Beggar","player_choice":"Gave Gold","floor":21.0,"gold_loss":75.0,"damage_taken":0.0},{"damage_healed":0.0,"max_hp_gain":0.0,"max_hp_loss":33.0,"gold_gain":0.0,"event_name":"Ghosts","player_choice":"Became a Ghost","floor":22.0,"gold_loss":0.0,"damage_taken":0.0,"cards_obtained":["Ghostly","Ghostly","Ghostly"]}],"is_beta":false,"boss_relics":[{"not_picked":["Busted Crown","Astrolabe"],"picked":"Ring of the Serpent"}],"items_purged_floors":[14],"is_endless":false,"potions_floor_spawned":[1,6,10,18,25],"killed_by":"Gremlin Leader","ascension_level":20}