{"gold_per_floor":[118,148,163,163,48,73,73,103,103,3,3,36,36,52,52,126,176,187,198,198,198,198,198,198],"floor_reached":24,"playtime":390,"items_purged":["Strike_G","Strike_G"],"score":470,"play_id":"f7ab68f9-db85-40cd-a300-0bfb21d2fdb5","local_time":"20190805035035","is_ascension_mode":true,"campfire_choices":[{"data":"Bouncing Flask","floor":7.0,"key":"SMITH"},{"data":"Acrobatics","floor":15.0,"key":"SMITH"},{"data":"Tactician","floor":23.0,"key":"SMITH"}],"neow_cost":"NONE","seed_source_timestamp":639373436126809,"circlet_count":0,"master_deck":["AscendersBane","Strike_G","Strike_G","Strike_G","Defend_G","Defend_G","Defend_G","Defend_G","Defend_G","Survivor","Neutralize","Masterful Stab+1","Bouncing Flask+1","Tactician+1","Acrobatics+1","Escape Plan","Catalyst"],"special_seed":0,"relics":["Ring of the Snake","NeowsBlessing","Tiny Chest","Vajra","Paper Crane","Pen Nib","Bronze Scales","Tiny House","WingedGreaves"],"potions_floor_usage":[24],"damage_taken":[{"damage":0.0,"enemies":"Small Slimes","floor":1.0,"turns":1.0},{"damage":0.0,"enemies":"Jaw Worm","floor":3.0,"turns":1.0},{"damage":0.0,"enemies":"3 Sentries","floor":6.0,"turns":1.0},{"damage":4.0,"enemies":"Lagavulin","floor":8.0,"turns":7.0},{"damage":17.0,"enemies":"Gremlin Nob","floor":12.0,"turns":4.0},{"damage":0.0,"enemies":"Cultist","floor":14.0,"turns":2.0},{"damage":2.0,"enemies":"Hexaghost","floor":16.0,"turns":7.0},{"damage":0.0,"enemies":"3 Byrds","floor":18.0,"turns":3.0},{"damage":8.0,"enemies":"Spheric Guardian","floor":19.0,"turns":5.0},{"damage":36,"enemies":"Slavers","floor":24,"turns":3}],"seed_played":"4039614902410778497","potions_obtained":[{"floor":1.0,"key":"EssenceOfSteel"},{"floor":6.0,"key":"Poison Potion"},{"floor":8.0,"key":"SpeedPotion"},{"floor":17.0,"key":"EntropicBrew"}],"is_trial":false,"path_per_floor":["M","?","M","T","$","E","R","E","T","$","$","E","$","M","R","B",null,"M","M","?","?","T","R","E"],"character_chosen":"THE_SILENT","items_purchased":["Bouncing Flask"],"campfire_rested":0,"item_purchase_floors":[5],"current_hp_per_floor":[59,54,54,54,54,54,54,50,50,50,50,33,33,33,33,31,62,62,54,34,49,49,49,13],"gold":198,"neow_bonus":"THREE_ENEMY_KILL","is_prod":false,"is_daily":false,"chose_seed":false,"campfire_upgraded":3,"win_rate":0,"timestamp":1564944635,"path_taken":["M","?","M","?","$","E","R","E","T","?","$","E","?","M","R","BOSS","M","?","?","?","?","R","E"],"build_version":"2019-07-17","purchased_purges":2,"victory":false,"max_hp_per_floor":[66,66,66,66,66,66,66,66,66,66,66,66,66,66,66,66,71,71,71,76,76,76,76,76],"card_choices":[{"not_picked":["Choke","Backflip"],"picked":"Masterful Stab","floor":1.0},{"not_picked":["Blade Dance","Prepared","Bane"],"picked":"SKIP","floor":3.0},{"not_picked":["Choke","Setup"],"picked":"Tactician","floor":6.0},{"not_picked":["Deflect","Wraith Form v2","Distraction"],"picked":"SKIP","floor":8.0},{"not_picked":["Setup","Tactician"],"picked":"Acrobatics","floor":12.0},{"not_picked":["Endless Agony","Eviscerate"],"picked":"Escape Plan","floor":14.0},{"not_picked":["Blur","Quick Slash"],"picked":"Catalyst","floor":18.0},{"not_picked":["Predator","Riddle With Holes","Dodge and Roll"],"picked":"SKIP","floor":19.0}],"player_experience":766499,"relics_obtained":[{"floor":4.0,"key":"Vajra"},{"floor":6.0,"key":"Paper Crane"},{"floor":8.0,"key":"Pen Nib"},{"floor":12.0,"key":"Bronze Scales"},{"floor":22.0,"key":"WingedGreaves"}],"event_choices":[{"damage_healed":0.0,"max_hp_gain":0.0,"max_hp_loss":0.0,"gold_gain":0.0,"event_name":"Scrap Ooze","player_choice":"Success","floor":2.0,"gold_loss":0.0,"damage_taken":5.0,"relics_obtained":["Tiny Chest"]},{"damage_healed":0.0,"max_hp_gain":5.0,"max_hp_loss":0.0,"gold_gain":0.0,"event_name":"Forgotten Altar","player_choice":"Shed Blood","floor":20.0,"gold_loss":0.0,"damage_taken":25.0},{"damage_healed":15.0,"max_hp_gain":0.0,"max_hp_loss":0.0,"gold_gain":0.0,"event_name":"The Library","player_choice":"Heal","floor":21.0,"gold_loss":0.0,"damage_taken":0.0}],"is_beta":false,"boss_relics":[{"not_picked":["HoveringKite","Philosopher\u0027s Stone"],"picked":"Tiny House"}],"items_purged_floors":[5,10],"is_endless":false,"potions_floor_spawned":[1,6,8,18],"killed_by":"Slavers","ascension_level":20}