{"gold_per_floor":[362,32,44,59,72,72,106,181,207,234,234,234],"floor_reached":12,"playtime":328,"items_purged":[],"score":176,"play_id":"f2dcc2e2-51df-459e-af42-0d180b0a1eff","local_time":"20190614000919","is_ascension_mode":true,"campfire_choices":[{"data":"Loop","floor":6,"key":"SMITH"}],"neow_cost":"TEN_PERCENT_HP_LOSS","seed_source_timestamp":19411174170322,"circlet_count":0,"master_deck":["AscendersBane","Strike_B","Strike_B","Strike_B","Strike_B","Defend_B","Defend_B","Defend_B","Defend_B","Zap","Dualcast","Glacier","White Noise","Hologram","Loop+1","Genetic Algorithm+1"],"relics":["Cracked Core","Dead Branch","Omamori","Pen Nib","Dream Catcher"],"potions_floor_usage":[10,12],"damage_taken":[{"damage":9,"enemies":"Small Slimes","floor":1,"turns":4},{"damage":0,"enemies":"Cultist","floor":3,"turns":5},{"damage":0,"enemies":"2 Louse","floor":4,"turns":3},{"damage":0,"enemies":"Blue Slaver","floor":5,"turns":4},{"damage":11,"enemies":"3 Sentries","floor":7,"turns":8},{"damage":1,"enemies":"Lagavulin","floor":10,"turns":7},{"damage":49,"enemies":"Gremlin Nob","floor":12,"turns":4}],"seed_played":"-5675319195302722301","potions_obtained":[{"floor":5,"key":"FocusPotion"},{"floor":10,"key":"LiquidBronze"}],"is_trial":false,"path_per_floor":["M","$","M","M","M","R","E","?","T","E","?","E"],"character_chosen":"DEFECT","items_purchased":["Dead Branch"],"campfire_rested":0,"item_purchase_floors":[2],"current_hp_per_floor":[55,55,55,55,55,55,44,33,33,32,32,0],"gold":234,"neow_bonus":"TWO_FIFTY_GOLD","is_prod":false,"is_daily":false,"chose_seed":false,"campfire_upgraded":1,"win_rate":0,"timestamp":1560463759,"path_taken":["M","$","M","M","M","R","E","?","T","E","?","E"],"build_version":"2019-06-12","purchased_purges":0,"victory":false,"max_hp_per_floor":[64,64,64,64,64,64,64,64,64,64,64,64],"card_choices":[{"not_picked":["Rebound","Compile Driver"],"picked":"Glacier","floor":1},{"not_picked":["Leap","Redo"],"picked":"White Noise","floor":3},{"not_picked":["Rebound","Go for the Eyes"],"picked":"Hologram","floor":4},{"not_picked":["Capacitor","Stack"],"picked":"Loop","floor":5},{"not_picked":["Go for the Eyes","Steam","Redo"],"picked":"SKIP","floor":7},{"not_picked":["Hello World","Rip and Tear"],"picked":"Genetic Algorithm","floor":10}],"player_experience":1714561,"relics_obtained":[{"floor":7,"key":"Omamori"},{"floor":9,"key":"Pen Nib"},{"floor":10,"key":"Dream Catcher"}],"event_choices":[{"damage_healed":0,"gold_gain":75,"player_choice":"Gather Gold","damage_taken":11,"max_hp_gain":0,"max_hp_loss":0,"event_name":"World of Goop","floor":8,"gold_loss":0},{"damage_healed":0,"gold_gain":0,"player_choice":"Upgraded","damage_taken":0,"max_hp_gain":0,"max_hp_loss":0,"event_name":"Upgrade Shrine","floor":11,"gold_loss":0,"cards_upgraded":["Genetic Algorithm"]}],"is_beta":true,"boss_relics":[],"items_purged_floors":[],"is_endless":false,"potions_floor_spawned":[5,10],"killed_by":"Gremlin Nob","ascension_level":20}