{"gold_per_floor":[117,131,56,69,69,100,100,130,130,165,165,204,204,227,227,355,355,368,411,429,429,401,401,401,165,165,201,201,216,315,329,329,329],"floor_reached":33,"playtime":959,"items_purged":["Defend_B","Bite"],"score":357,"play_id":"2a3ddaa9-b2dd-496e-ba65-05017c2b9dd8","local_time":"20190808132743","is_ascension_mode":true,"campfire_choices":[{"data":"Sunder","floor":7,"key":"SMITH"},{"floor":15,"key":"REST"},{"data":"Defragment","floor":23,"key":"SMITH"},{"data":"Hyperbeam","floor":28,"key":"SMITH"},{"data":"Loop","floor":32,"key":"SMITH"}],"neow_cost":"NONE","seed_source_timestamp":75610170933513,"circlet_count":0,"master_deck":["Defend_B","Defend_B","Zap","Dualcast","Loop+1","Sunder+1","Go for the Eyes","Defragment+1","Consume","Hyperbeam+1","Self Repair+1","Bite","Bite","Bite","Bite","Loop","Beam Cell","Reinforced Body+1"],"relics":["Empty Cage","PreservedInsect","Mercury Hourglass","Blue Candle","Happy Flower","The Courier","Golden Idol","Orichalcum","Inserter","Red Mask","Unceasing Top","Shuriken"],"potions_floor_usage":[12,14,16,16,16,19,25],"damage_taken":[{"damage":0,"enemies":"Small Slimes","floor":1,"turns":3},{"damage":1,"enemies":"Jaw Worm","floor":2,"turns":4},{"damage":13,"enemies":"2 Louse","floor":4,"turns":2},{"damage":31,"enemies":"Lagavulin","floor":6,"turns":6},{"damage":6,"enemies":"Gremlin Nob","floor":8,"turns":3},{"damage":12,"enemies":"3 Sentries","floor":10,"turns":4},{"damage":0,"enemies":"Gremlin Nob","floor":12,"turns":2},{"damage":0,"enemies":"Lots of Slimes","floor":14,"turns":2},{"damage":28,"enemies":"The Guardian","floor":16,"turns":10},{"damage":6,"enemies":"Chosen","floor":18,"turns":4},{"damage":20,"enemies":"Masked Bandits","floor":19,"turns":3},{"damage":22,"enemies":"Spheric Guardian","floor":20,"turns":4},{"damage":14,"enemies":"Slavers","floor":27,"turns":3},{"damage":16,"enemies":"Cultist and Chosen","floor":29,"turns":5},{"damage":17,"enemies":"Snecko","floor":31,"turns":4},{"damage":26,"enemies":"Collector","floor":33,"turns":3}],"seed_played":"715544354440147476","potions_obtained":[{"floor":8,"key":"FearPotion"},{"floor":10,"key":"Ancient Potion"},{"floor":13,"key":"PowerPotion"},{"floor":13,"key":"SteroidPotion"},{"floor":14,"key":"FearPotion"},{"floor":18,"key":"FearPotion"},{"floor":27,"key":"Ancient Potion"}],"is_trial":false,"path_per_floor":["M","M","$","M","?","E","R","E","T","E","?","E","?","M","R","B",null,"M","?","M","?","$","R","$","$","T","E","R","M","?","M","R","B"],"character_chosen":"DEFECT","items_purchased":["Loop","Beam Cell","FocusPotion","Fruit Juice"],"campfire_rested":1,"item_purchase_floors":[22,25,25,25],"current_hp_per_floor":[75,74,74,61,58,27,27,21,21,9,9,9,9,9,29,1,69,63,43,21,21,21,21,21,26,26,28,28,34,34,33,33,15],"gold":329,"neow_bonus":"BOSS_RELIC","is_prod":false,"is_daily":false,"chose_seed":false,"campfire_upgraded":4,"win_rate":0,"timestamp":1565238463,"path_taken":["M","M","$","M","?","E","R","E","T","E","?","E","?","?","R","BOSS","M","?","M","?","$","R","?","$","T","E","R","M","?","M","R","BOSS"],"build_version":"2019-07-17","purchased_purges":2,"victory":false,"max_hp_per_floor":[75,75,75,75,75,75,75,75,75,75,69,69,69,69,69,69,69,69,69,69,48,48,48,48,53,53,53,53,53,53,53,53,53],"card_choices":[{"not_picked":["Redo","Reinforced Body","Steam Power"],"picked":"SKIP","floor":1},{"not_picked":["Stack","Barrage"],"picked":"Loop","floor":2},{"not_picked":["Turbo","Compile Driver"],"picked":"Sunder","floor":4},{"not_picked":["Hyperbeam","Force Field"],"picked":"Go for the Eyes","floor":6},{"not_picked":["Compile Driver","Leap","Chill"],"picked":"SKIP","floor":8},{"not_picked":["Hologram","Double Energy","Scrape"],"picked":"SKIP","floor":10},{"not_picked":["Ball Lightning","Coolheaded"],"picked":"Defragment","floor":12},{"not_picked":["Gash","Turbo"],"picked":"Consume","floor":14},{"not_picked":["Seek","All For One"],"picked":"Hyperbeam","floor":16},{"not_picked":["Reprogram","Scrape","Compile Driver"],"picked":"SKIP","floor":18},{"not_picked":["Leap+1","Streamline+1"],"picked":"Self Repair+1","floor":20},{"not_picked":["Beam Cell","Gash+1","Amplify"],"picked":"SKIP","floor":27},{"not_picked":["Auto Shields","Hologram"],"picked":"Reinforced Body+1","floor":29},{"not_picked":["Steam Power","Aggregate","Static Discharge"],"picked":"SKIP","floor":31}],"player_experience":298085,"relics_obtained":[{"floor":6,"key":"Mercury Hourglass"},{"floor":8,"key":"Blue Candle"},{"floor":9,"key":"Happy Flower"},{"floor":10,"key":"The Courier"},{"floor":12,"key":"Orichalcum"},{"floor":19,"key":"Red Mask"},{"floor":26,"key":"Unceasing Top"},{"floor":27,"key":"Shuriken"}],"event_choices":[{"damage_healed":0,"gold_gain":0,"player_choice":"Success","damage_taken":3,"relics_obtained":["PreservedInsect"],"max_hp_gain":0,"max_hp_loss":0,"event_name":"Scrap Ooze","floor":5,"gold_loss":0},{"damage_healed":0,"gold_gain":0,"player_choice":"Lose Max HP","damage_taken":0,"relics_obtained":["Golden Idol"],"max_hp_gain":0,"max_hp_loss":6,"event_name":"Golden Idol","floor":11,"gold_loss":0},{"damage_healed":0,"gold_gain":0,"player_choice":"Got Potions","damage_taken":0,"max_hp_gain":0,"max_hp_loss":0,"event_name":"Lab","floor":13,"gold_loss":0},{"damage_healed":0,"gold_gain":0,"player_choice":"Fought Bandits","damage_taken":0,"max_hp_gain":0,"max_hp_loss":0,"event_name":"Masked Bandits","floor":19,"gold_loss":0},{"damage_healed":0,"gold_gain":0,"player_choice":"Became a vampire","damage_taken":0,"max_hp_gain":0,"max_hp_loss":21,"event_name":"Vampires","floor":21,"gold_loss":0,"cards_obtained":["Bite","Bite","Bite","Bite","Bite"]},{"damage_healed":0,"gold_gain":99,"player_choice":"Stole From Cult","damage_taken":0,"max_hp_gain":0,"max_hp_loss":0,"event_name":"Nest","floor":30,"gold_loss":0}],"is_beta":false,"boss_relics":[{"not_picked":["Tiny House","Philosopher\u0027s Stone"],"picked":"Inserter"}],"items_purged_floors":[3,25],"is_endless":false,"potions_floor_spawned":[8,10,14,18,27],"killed_by":"Collector","ascension_level":1}