{"gold_per_floor":[115,135,135,151,165,196,196,214,237,249,263,263,1,1,1,104,154,167,186,186,111,0,0,14,42,42,60,80,80,80,80,80,185,185,205,218,44,44,60,60,60,88,88,88,141,159,159,159],"floor_reached":48,"playtime":3235,"items_purged":["Strike_R","Strike_R+1"],"score":578,"play_id":"499a2deb-d787-4412-8123-628a69d4aeec","local_time":"20190317181933","is_ascension_mode":true,"campfire_choices":[{"floor":12,"key":"REST"},{"data":"Rampage","floor":15,"key":"SMITH"},{"data":"Shockwave","floor":23,"key":"SMITH"},{"floor":29,"key":"REST"},{"floor":32,"key":"REST"},{"floor":40,"key":"REST"}],"neow_cost":"NONE","seed_source_timestamp":416710405420705,"circlet_count":0,"master_deck":["Strike_R+1","Defend_R+1","Defend_R+1","Defend_R+1","Defend_R+1","Bash+1","Heavy Blade","Shockwave+1","Cleave","Dual Wield","Disarm","Warcry","Shrug It Off","Offering+1","Infernal Blade+1","Warcry","Combust+1","Havoc+1","Pommel Strike+1","Flame Barrier","Limit Break","Armaments+1","Rupture","Madness","Madness","Combust+1"],"relics":["Burning Blood","Self Forming Clay","Oddly Smooth Stone","Boot","Mercury Hourglass","Tiny House","Centennial Puzzle","Orichalcum","Turnip","Philosopher\u0027s Stone","Blue Candle","Molten Egg 2","Ginger"],"potions_floor_usage":[16,24,24,25,25,28,36,45,46,46],"damage_taken":[{"damage":2,"enemies":"Jaw Worm","floor":1,"turns":3},{"damage":12,"enemies":"Small Slimes","floor":2,"turns":3},{"damage":1,"enemies":"Cultist","floor":4,"turns":3},{"damage":14,"enemies":"Exordium Wildlife","floor":5,"turns":4},{"damage":31,"enemies":"3 Sentries","floor":6,"turns":6},{"damage":7,"enemies":"Blue Slaver","floor":8,"turns":5},{"damage":14,"enemies":"3 Louse","floor":10,"turns":3},{"damage":11,"enemies":"2 Fungi Beasts","floor":11,"turns":3},{"damage":39,"enemies":"Slime Boss","floor":16,"turns":9},{"damage":20,"enemies":"Shell Parasite","floor":18,"turns":7},{"damage":14,"enemies":"3 Byrds","floor":19,"turns":3},{"damage":29,"enemies":"Shelled Parasite and Fungi","floor":24,"turns":9},{"damage":34,"enemies":"Slavers","floor":25,"turns":5},{"damage":12,"enemies":"Snake Plant","floor":27,"turns":4},{"damage":11,"enemies":"Snecko","floor":28,"turns":4},{"damage":62,"enemies":"Collector","floor":33,"turns":10},{"damage":12,"enemies":"3 Darklings","floor":35,"turns":4},{"damage":6,"enemies":"3 Shapes","floor":36,"turns":2},{"damage":10,"enemies":"Jaw Worm Horde","floor":39,"turns":4},{"damage":21,"enemies":"Reptomancer","floor":42,"turns":5},{"damage":54,"enemies":"2 Orb Walkers","floor":45,"turns":5},{"damage":20,"enemies":"3 Darklings","floor":46,"turns":6},{"damage":12,"enemies":"Sphere and 2 Shapes","floor":48,"turns":3}],"seed_played":"6487158208440136942","potions_obtained":[{"floor":2,"key":"BloodPotion"},{"floor":6,"key":"SpeedPotion"},{"floor":10,"key":"SpeedPotion"},{"floor":17,"key":"FearPotion"},{"floor":19,"key":"Poison Potion"},{"floor":24,"key":"Energy Potion"},{"floor":27,"key":"BloodPotion"},{"floor":33,"key":"AttackPotion"},{"floor":36,"key":"SneckoOil"},{"floor":42,"key":"GamblersBrew"},{"floor":45,"key":"EssenceOfSteel"}],"is_trial":false,"path_per_floor":["M","M","?","M","M","E","?","M","T","M","M","R","$","?","R","B",null,"M","M","?","$","?","R","M","E","T","M","M","R","?","?","R","B",null,"M","M","$","?","M","R","$","E","T","?","?","M","?","M"],"character_chosen":"IRONCLAD","items_purchased":["Mercury Hourglass","Rupture"],"campfire_rested":4,"item_purchase_floors":[13,37],"current_hp_per_floor":[80,74,71,76,68,43,43,42,42,34,29,53,53,53,53,20,85,71,63,63,63,63,63,48,20,20,14,17,42,42,42,67,11,85,79,79,79,68,64,85,85,70,70,70,22,8,8,0],"gold":159,"neow_bonus":"UPGRADE_CARD","is_prod":false,"is_daily":false,"chose_seed":false,"campfire_upgraded":2,"win_rate":0,"timestamp":1552871973,"path_taken":["M","M","?","M","M","E","?","M","T","?","M","R","$","?","R","BOSS","M","M","?","$","?","R","M","E","T","M","M","R","?","?","R","BOSS","M","M","$","?","M","R","$","E","T","?","?","?","?","?"],"build_version":"2019-01-23","purchased_purges":2,"victory":false,"max_hp_per_floor":[80,80,80,80,80,80,80,80,80,80,80,80,80,80,80,80,85,85,85,85,85,85,85,85,85,85,85,85,85,85,85,85,85,85,85,85,85,85,85,85,85,85,85,85,85,85,85,85],"card_choices":[{"not_picked":["Clash","True Grit"],"picked":"Heavy Blade","floor":1},{"not_picked":["Flex","Bloodletting"],"picked":"Shockwave","floor":2},{"not_picked":["Searing Blow","Iron Wave"],"picked":"Cleave","floor":4},{"not_picked":["Reckless Charge","Uppercut"],"picked":"Rampage","floor":5},{"not_picked":["Flex","Entrench","Immolate"],"picked":"SKIP","floor":6},{"not_picked":["Searing Blow","Thunderclap"],"picked":"Disarm","floor":8},{"not_picked":["Wild Strike","Clothesline"],"picked":"Warcry","floor":10},{"not_picked":["Rage","Second Wind"],"picked":"Shrug It Off","floor":11},{"not_picked":["Reaper","Immolate"],"picked":"Offering","floor":16},{"not_picked":["Body Slam","Sword Boomerang"],"picked":"Infernal Blade","floor":17},{"not_picked":["Twin Strike+1","Bludgeon","Perfected Strike"],"picked":"SKIP","floor":18},{"not_picked":["Clothesline+1","Anger+1"],"picked":"Warcry","floor":19},{"not_picked":["Disarm","Warcry+1"],"picked":"Combust","floor":24},{"not_picked":["Corruption","Headbutt"],"picked":"Havoc+1","floor":25},{"not_picked":["Combust","Rampage"],"picked":"Pommel Strike+1","floor":27},{"not_picked":["Clothesline","Body Slam+1"],"picked":"Flame Barrier","floor":28},{"not_picked":["Bludgeon","Barricade"],"picked":"Limit Break","floor":33},{"not_picked":["Clash","Clothesline"],"picked":"Armaments+1","floor":35},{"not_picked":["Evolve","Havoc+1","True Grit+1"],"picked":"SKIP","floor":36},{"not_picked":["Second Wind+1","Body Slam+1"],"picked":"Combust+1","floor":39},{"not_picked":["Sever Soul","Limit Break","Bludgeon"],"picked":"SKIP","floor":42},{"not_picked":["Entrench+1","Feel No Pain+1","Clash+1"],"picked":"SKIP","floor":46}],"player_experience":159672,"relics_obtained":[{"floor":6,"key":"Oddly Smooth Stone"},{"floor":9,"key":"Boot"},{"floor":25,"key":"Orichalcum"},{"floor":26,"key":"Turnip"},{"floor":42,"key":"Blue Candle"},{"floor":43,"key":"Molten Egg 2"},{"floor":45,"key":"Ginger"}],"event_choices":[{"damage_healed":0,"gold_gain":0,"player_choice":"Success","damage_taken":3,"relics_obtained":["Self Forming Clay"],"max_hp_gain":0,"max_hp_loss":0,"event_name":"Scrap Ooze","floor":3,"gold_loss":0},{"damage_healed":0,"gold_gain":0,"cards_transformed":["Strike_R"],"player_choice":"Transformed","damage_taken":0,"max_hp_gain":0,"max_hp_loss":0,"event_name":"Transmorgrifier","floor":7,"gold_loss":0,"cards_obtained":["Dual Wield"]},{"cards_removed":["Strike_R"],"damage_healed":0,"gold_gain":0,"player_choice":"Forget","damage_taken":0,"max_hp_gain":0,"max_hp_loss":0,"event_name":"Living Wall","floor":14,"gold_loss":0},{"damage_healed":0,"gold_gain":0,"player_choice":"Opened","damage_taken":0,"relics_obtained":["Centennial Puzzle"],"max_hp_gain":0,"max_hp_loss":0,"event_name":"The Mausoleum","floor":20,"gold_loss":0},{"damage_healed":0,"gold_gain":0,"player_choice":"Paid Fearfully","damage_taken":0,"max_hp_gain":0,"max_hp_loss":0,"event_name":"Masked Bandits","floor":22,"gold_loss":111},{"damage_healed":0,"gold_gain":0,"player_choice":"Simplicity","damage_taken":0,"max_hp_gain":0,"max_hp_loss":0,"event_name":"Back to Basics","floor":30,"gold_loss":0,"cards_upgraded":["Strike_R","Strike_R","Defend_R","Defend_R","Defend_R","Defend_R"]},{"damage_healed":0,"gold_gain":0,"player_choice":"Upgraded","damage_taken":0,"max_hp_gain":0,"max_hp_loss":0,"event_name":"Upgrade Shrine","floor":31,"gold_loss":0,"cards_upgraded":["Infernal Blade"]},{"damage_healed":0,"gold_gain":0,"player_choice":"Embrace Madness","damage_taken":11,"max_hp_gain":0,"max_hp_loss":0,"event_name":"Winding Halls","floor":38,"gold_loss":0,"cards_obtained":["Madness","Madness"]},{"cards_removed":["Rampage"],"damage_healed":0,"gold_gain":0,"player_choice":"Removed Attack","damage_taken":0,"max_hp_gain":0,"max_hp_loss":0,"event_name":"Falling","floor":44,"gold_loss":0},{"damage_healed":0,"gold_gain":0,"player_choice":"Fight","damage_taken":0,"max_hp_gain":0,"max_hp_loss":0,"event_name":"Mysterious Sphere","floor":45,"gold_loss":0},{"damage_healed":0,"gold_gain":0,"player_choice":"Upgraded","damage_taken":0,"max_hp_gain":0,"max_hp_loss":0,"event_name":"Upgrade Shrine","floor":47,"gold_loss":0,"cards_upgraded":["Combust"]}],"is_beta":false,"boss_relics":[{"not_picked":["Runic Cube","Black Star"],"picked":"Tiny House"},{"not_picked":["Cursed Key","Empty Cage"],"picked":"Philosopher\u0027s Stone"}],"items_purged_floors":[21,37],"is_endless":false,"potions_floor_spawned":[2,6,10,19,24,27,33,36,42,45],"killed_by":"Sphere and 2 Shapes","ascension_level":4}