{"gold_per_floor":[117,133,143,143,158,158,192,203,203,203],"floor_reached":10,"playtime":300,"items_purged":[],"score":140,"play_id":"dd844693-c17e-41a3-b069-857c95309754","local_time":"20190707171137","is_ascension_mode":true,"campfire_choices":[{"floor":6,"key":"REST"}],"neow_cost":"NONE","seed_source_timestamp":12366560598784,"circlet_count":0,"master_deck":["AscendersBane","Strike_B","Strike_B","Strike_B+1","Strike_B","Defend_B","Defend_B+1","Defend_B","Defend_B","Zap","Dualcast","Sweeping Beam","Conserve Battery","White Noise","Rip and Tear","Self Repair","Hyperbeam"],"relics":["Cracked Core","Lantern","Dodecahedron"],"potions_floor_usage":[10,10],"damage_taken":[{"damage":0,"enemies":"Jaw Worm","floor":1,"turns":3},{"damage":15,"enemies":"2 Louse","floor":2,"turns":3},{"damage":1,"enemies":"Small Slimes","floor":3,"turns":3},{"damage":9,"enemies":"3 Louse","floor":5,"turns":3},{"damage":32,"enemies":"3 Sentries","floor":7,"turns":10},{"damage":4,"enemies":"2 Fungi Beasts","floor":8,"turns":3},{"damage":20,"enemies":"Gremlin Nob","floor":10,"turns":3}],"seed_played":"4032937310522057809","potions_obtained":[{"floor":5,"key":"GamblersBrew"},{"floor":7,"key":"Ancient Potion"}],"is_trial":false,"path_per_floor":["M","M","M","?","M","R","E","M","T","E"],"character_chosen":"DEFECT","items_purchased":[],"campfire_rested":1,"item_purchase_floors":[],"current_hp_per_floor":[71,56,55,32,23,46,14,17,17,0],"gold":203,"neow_bonus":"TEN_PERCENT_HP_BONUS","is_prod":false,"is_daily":false,"chose_seed":false,"campfire_upgraded":0,"win_rate":0,"timestamp":1562512297,"path_taken":["M","M","M","?","M","R","E","M","T","E"],"build_version":"2019-07-03","purchased_purges":0,"victory":false,"max_hp_per_floor":[78,78,78,78,78,78,78,78,78,78],"card_choices":[{"not_picked":["Leap","Redo"],"picked":"Sweeping Beam","floor":1},{"not_picked":["Reprogram","Go for the Eyes"],"picked":"Conserve Battery","floor":2},{"not_picked":["Steam","Rebound"],"picked":"White Noise","floor":3},{"not_picked":["Leap","Melter"],"picked":"Rip and Tear","floor":5},{"not_picked":["Blizzard","Rebound"],"picked":"Self Repair","floor":7},{"not_picked":["Compile Driver","Rip and Tear"],"picked":"Hyperbeam","floor":8}],"player_experience":1824770,"relics_obtained":[{"floor":7,"key":"Lantern"},{"floor":9,"key":"Dodecahedron"}],"event_choices":[{"damage_healed":0,"gold_gain":0,"player_choice":"Entered Light","damage_taken":23,"max_hp_gain":0,"max_hp_loss":0,"event_name":"Shining Light","floor":4,"gold_loss":0,"cards_upgraded":["Defend_B","Strike_B"]}],"is_beta":true,"boss_relics":[],"items_purged_floors":[],"is_endless":false,"potions_floor_spawned":[5,7],"killed_by":"Gremlin Nob","ascension_level":20}