{"gold_per_floor":[111,111,128,78,78,113,113,148,148,148,166,166],"floor_reached":12,"playtime":677,"items_purged":[],"score":103,"play_id":"970ae3ae-00e6-46a5-845a-ff7da58b223b","local_time":"20190621134011","is_ascension_mode":true,"campfire_choices":[{"floor":7,"key":"REST"}],"neow_cost":"","seed_source_timestamp":749093168731800,"circlet_count":0,"master_deck":["Defend_G","Defend_G","Defend_G","Defend_G","Defend_G","Strike_G","Strike_G","Strike_G","Strike_G","Survivor","Neutralize","Sucker Punch","Dodge and Roll","Dagger Spray","Deadly Poison","Outmaneuver","Terror"],"relics":["Ring of the Snake","Prayer Wheel","Blue Candle","Juzu Bracelet","Art of War"],"potions_floor_usage":[6,6],"damage_taken":[{"damage":3,"enemies":"Small Slimes","floor":1,"turns":5},{"damage":3,"enemies":"2 Louse","floor":3,"turns":3},{"damage":32,"enemies":"3 Sentries","floor":6,"turns":10},{"damage":22,"enemies":"Lagavulin","floor":8,"turns":7},{"damage":2,"enemies":"Jaw Worm","floor":11,"turns":3},{"damage":40,"enemies":"3 Sentries","floor":12,"turns":6}],"seed_played":"4723111784498018761","potions_obtained":[{"floor":1,"key":"GhostInAJar"},{"floor":3,"key":"SteroidPotion"}],"is_trial":false,"path_per_floor":["M","?","M","?","?","E","R","E","T","?","M","E"],"character_chosen":"THE_SILENT","items_purchased":["Dodge and Roll"],"campfire_rested":1,"item_purchase_floors":[0],"current_hp_per_floor":[54,54,51,51,70,38,59,37,37,37,35,0],"gold":166,"neow_bonus":"","is_prod":false,"is_daily":false,"chose_seed":false,"campfire_upgraded":0,"win_rate":0,"timestamp":1561142411,"path_taken":["M","?","M","?","?","E","R","E","T","?","M","E"],"build_version":"2019-01-23","purchased_purges":0,"victory":false,"max_hp_per_floor":[70,70,70,70,70,70,70,70,70,70,70,70],"card_choices":[{"not_picked":["Caltrops","Blade Dance"],"picked":"Dagger Spray","floor":1},{"not_picked":["Dodge and Roll","Riddle With Holes"],"picked":"Deadly Poison","floor":1},{"not_picked":["Acrobatics","Escape Plan"],"picked":"Outmaneuver","floor":3},{"not_picked":["Cloak And Dagger","Acrobatics","Blade Dance"],"picked":"SKIP","floor":3},{"not_picked":["Slice","Predator"],"picked":"Terror","floor":6},{"not_picked":["Escape Plan","Slice","Underhanded Strike"],"picked":"SKIP","floor":8},{"not_picked":["Tactician","Blade Dance","Deflect"],"picked":"SKIP","floor":11},{"not_picked":["Dagger Spray","Dagger Throw","Terror"],"picked":"SKIP","floor":11}],"player_experience":363609,"relics_obtained":[{"floor":6,"key":"Blue Candle"},{"floor":8,"key":"Juzu Bracelet"},{"floor":9,"key":"Art of War"}],"event_choices":[{"damage_healed":0,"gold_gain":0,"player_choice":"Ignored","damage_taken":0,"max_hp_gain":0,"max_hp_loss":0,"event_name":"Golden Idol","floor":2,"gold_loss":0},{"cards_removed":["Strike_G"],"damage_healed":0,"gold_gain":0,"player_choice":"Card Removal","damage_taken":0,"max_hp_gain":0,"max_hp_loss":0,"event_name":"The Cleric","floor":4,"gold_loss":50},{"damage_healed":23,"gold_gain":0,"player_choice":"Banana","damage_taken":0,"max_hp_gain":0,"max_hp_loss":0,"event_name":"Big Fish","floor":5,"gold_loss":0},{"damage_healed":0,"gold_gain":0,"player_choice":"Searched \u00270\u0027 times","damage_taken":0,"max_hp_gain":0,"max_hp_loss":0,"event_name":"Dead Adventurer","floor":10,"gold_loss":0}],"is_beta":false,"boss_relics":[],"items_purged_floors":[],"is_endless":false,"potions_floor_spawned":[1,3],"killed_by":"3 Sentries","ascension_level":4}