{"gold_per_floor":[110,110,110,125,140,140,167,178,178,188,188,202,202,214,214,310,310,299,299,299,214,229,229,249,274,299,299,315,315,332,115,115,115],"floor_reached":33,"playtime":2634,"items_purged":["Second Wind"],"score":269,"play_id":"2c653de6-0f73-483d-b9ab-7380570a447b","local_time":"20190228231019","is_ascension_mode":false,"campfire_choices":[{"data":"Seeing Red","floor":6,"key":"SMITH"},{"data":"Anger","floor":11,"key":"SMITH"},{"floor":13,"key":"REST"},{"data":"Armaments","floor":15,"key":"SMITH"},{"data":"Whirlwind","floor":23,"key":"SMITH"},{"floor":27,"key":"REST"},{"data":"1","floor":29,"key":"LIFT"},{"floor":32,"key":"REST"}],"neow_cost":"NONE","seed_source_timestamp":870292262934614,"circlet_count":0,"master_deck":["Strike_R","Strike_R","Strike_R","Strike_R","Strike_R","Defend_R","Defend_R","Defend_R","Bash","Seeing Red+1","Iron Wave","Seeing Red+1","Shrug It Off","Anger+1","Shrug It Off","Offering","Armaments+1","Twin Strike","Berserk","Searing Blow","Whirlwind+1","Metallicize","Shrug It Off","Bandage Up","Heavy Blade"],"relics":["Burning Blood","Bottled Flame","Champion Belt","Busted Crown","Enchiridion","Pocketwatch","Girya","PreservedInsect"],"potions_floor_usage":[],"damage_taken":[{"damage":10,"enemies":"Small Slimes","floor":1,"turns":4},{"damage":1,"enemies":"2 Louse","floor":4,"turns":3},{"damage":10,"enemies":"Cultist","floor":5,"turns":4},{"damage":35,"enemies":"3 Sentries","floor":7,"turns":11},{"damage":7,"enemies":"Blue Slaver","floor":8,"turns":2},{"damage":8,"enemies":"Large Slime","floor":10,"turns":8},{"damage":6,"enemies":"Exordium Thugs","floor":12,"turns":3},{"damage":0,"enemies":"Blue Slaver","floor":14,"turns":2},{"damage":46,"enemies":"Hexaghost","floor":16,"turns":10},{"damage":23,"enemies":"2 Thieves","floor":18,"turns":4},{"damage":6,"enemies":"3 Byrds","floor":22,"turns":5},{"damage":12,"enemies":"3 Cultists","floor":24,"turns":3},{"damage":40,"enemies":"Gremlin Leader","floor":25,"turns":4},{"damage":10,"enemies":"Snake Plant","floor":28,"turns":3},{"damage":11,"enemies":"Chosen and Byrds","floor":30,"turns":3},{"damage":98,"enemies":"Automaton","floor":33,"turns":6}],"seed_played":"3405608254356656591","potions_obtained":[{"floor":1,"key":"Ancient Potion"},{"floor":8,"key":"Dexterity Potion"},{"floor":14,"key":"Strength Potion"},{"floor":28,"key":"Strength Potion"}],"is_trial":false,"path_per_floor":["M","?","?","M","M","R","E","M","T","M","R","M","R","M","R","B",null,"M","?","?","?","M","R","M","E","T","R","M","R","M","$","R","B"],"character_chosen":"IRONCLAD","items_purchased":["Bandage Up","Heavy Blade"],"campfire_rested":3,"item_purchase_floors":[31,31],"current_hp_per_floor":[84,84,84,88,84,84,55,54,54,52,52,52,78,84,84,44,88,71,55,55,55,55,55,49,15,15,41,37,37,32,32,58,0],"gold":115,"neow_bonus":"TEN_PERCENT_HP_BONUS","is_prod":false,"is_daily":false,"chose_seed":false,"campfire_upgraded":4,"win_rate":0.0,"timestamp":1551424219,"path_taken":["M","?","?","M","M","R","E","M","T","M","R","?","R","M","R","BOSS","M","?","?","?","M","R","M","E","T","R","M","R","M","$","R","BOSS"],"build_version":"2019-01-23","purchased_purges":1,"victory":false,"max_hp_per_floor":[88,88,88,88,88,88,88,88,88,88,88,88,88,88,88,88,88,88,88,88,88,88,88,88,88,88,88,88,88,88,88,88,88],"card_choices":[{"not_picked":["Clash","Twin Strike"],"picked":"Seeing Red","floor":1},{"not_picked":["Rupture","Anger"],"picked":"Seeing Red","floor":4},{"not_picked":["Whirlwind","Warcry"],"picked":"Shrug It Off","floor":5},{"not_picked":["Clash","Seeing Red"],"picked":"Anger","floor":7},{"not_picked":["Power Through","Body Slam"],"picked":"Shrug It Off","floor":8},{"not_picked":["Battle Trance","Flex"],"picked":"Offering","floor":10},{"not_picked":["Battle Trance","Warcry"],"picked":"Armaments","floor":12},{"not_picked":["Flex","Clash"],"picked":"Twin Strike","floor":14},{"not_picked":["Reaper","Dark Embrace"],"picked":"Berserk","floor":16},{"not_picked":["Headbutt+1"],"picked":"SKIP","floor":18},{"not_picked":[],"picked":"Whirlwind","floor":22},{"not_picked":["Flex"],"picked":"SKIP","floor":24},{"not_picked":[],"picked":"Metallicize","floor":25},{"not_picked":[],"picked":"Second Wind","floor":28},{"not_picked":[],"picked":"Shrug It Off","floor":30}],"player_experience":4817,"relics_obtained":[{"floor":7,"key":"Bottled Flame"},{"floor":9,"key":"Champion Belt"},{"floor":19,"key":"Enchiridion"},{"floor":25,"key":"Girya"},{"floor":26,"key":"PreservedInsect"}],"event_choices":[{"damage_healed":0,"gold_gain":0,"player_choice":"Grow","damage_taken":0,"max_hp_gain":0,"max_hp_loss":0,"event_name":"Living Wall","floor":2,"gold_loss":0,"cards_upgraded":["Seeing Red"]},{"cards_removed":["Defend_R"],"damage_healed":0,"gold_gain":0,"player_choice":"Took Card","damage_taken":0,"max_hp_gain":0,"max_hp_loss":0,"event_name":"NoteForYourself","floor":3,"gold_loss":0,"cards_obtained":["Iron Wave"]},{"damage_healed":0,"gold_gain":0,"player_choice":"Obtained Book","damage_taken":16,"max_hp_gain":0,"max_hp_loss":0,"event_name":"Cursed Tome","floor":19,"gold_loss":0},{"damage_healed":0,"gold_gain":0,"player_choice":"Read","damage_taken":0,"max_hp_gain":0,"max_hp_loss":0,"event_name":"The Library","floor":20,"gold_loss":0,"cards_obtained":["Searing Blow"]},{"damage_healed":0,"gold_gain":0,"player_choice":"Obtained Relic","damage_taken":0,"relics_obtained":["Pocketwatch"],"max_hp_gain":0,"max_hp_loss":0,"event_name":"Addict","floor":21,"gold_loss":85}],"is_beta":false,"boss_relics":[{"not_picked":["Tiny House","Astrolabe"],"picked":"Busted Crown"}],"items_purged_floors":[31],"is_endless":false,"potions_floor_spawned":[1,8,14,24,28,30],"killed_by":"Automaton","ascension_level":0}