{"gold_per_floor":[119,134,147,166,166,166,201,201,226,245,270,270,345,345,345,345],"floor_reached":16,"playtime":376,"items_purged":[],"score":220,"play_id":"189efc9b-9bfd-4f7b-a243-de892ef6282a","local_time":"20190726193145","is_ascension_mode":true,"campfire_choices":[{"data":"Darkness","floor":6,"key":"SMITH"},{"floor":8,"key":"REST"},{"floor":12,"key":"REST"},{"floor":15,"key":"REST"}],"neow_cost":"NONE","seed_source_timestamp":2159440076487,"circlet_count":0,"master_deck":["AscendersBane","Strike_B","Strike_B","Strike_B","Strike_B","Defend_B","Defend_B","Defend_B","Defend_B","Zap","Dualcast","Compile Driver","Ball Lightning","BootSequence","Darkness+1","Fission","Redo","Genetic Algorithm"],"relics":["Cracked Core","Happy Flower","Boot","Smiling Mask","Golden Idol"],"potions_floor_usage":[7,11],"damage_taken":[{"damage":2,"enemies":"Jaw Worm","floor":1,"turns":3},{"damage":3,"enemies":"2 Louse","floor":2,"turns":2},{"damage":5,"enemies":"Small Slimes","floor":3,"turns":2},{"damage":12,"enemies":"Gremlin Gang","floor":4,"turns":4},{"damage":7,"enemies":"Lagavulin","floor":7,"turns":7},{"damage":1,"enemies":"Exordium Wildlife","floor":10,"turns":3},{"damage":53,"enemies":"Gremlin Nob","floor":11,"turns":5},{"damage":35,"enemies":"The Guardian","floor":16,"turns":9}],"seed_played":"-6848909104193211875","potions_obtained":[{"floor":2,"key":"Ancient Potion"},{"floor":3,"key":"Dexterity Potion"}],"is_trial":false,"path_per_floor":["M","M","M","M","?","R","E","R","T","M","E","R","?","?","R","B"],"character_chosen":"DEFECT","items_purchased":[],"campfire_rested":3,"item_purchase_floors":[],"current_hp_per_floor":[62,59,54,42,42,42,35,56,56,55,2,23,12,12,31,0],"gold":345,"neow_bonus":"THREE_CARDS","is_prod":false,"is_daily":false,"chose_seed":false,"campfire_upgraded":1,"win_rate":0,"timestamp":1564162305,"path_taken":["M","M","M","M","?","R","E","R","T","M","E","R","?","?","R","BOSS"],"build_version":"2019-07-18","purchased_purges":0,"victory":false,"max_hp_per_floor":[71,71,71,71,71,71,71,71,71,71,71,71,71,64,64,64],"card_choices":[{"not_picked":["Scrape","Coolheaded"],"picked":"Compile Driver","floor":0},{"not_picked":["Stack","Barrage","Hologram"],"picked":"SKIP","floor":1},{"not_picked":["Coolheaded","Barrage"],"picked":"Ball Lightning","floor":2},{"not_picked":["Compile Driver","Conserve Battery"],"picked":"BootSequence","floor":3},{"not_picked":["Rebound","Compile Driver"],"picked":"Darkness","floor":4},{"not_picked":["Doom and Gloom","Machine Learning"],"picked":"Fission","floor":7},{"not_picked":["Streamline","Force Field"],"picked":"Redo","floor":10},{"not_picked":["Conserve Battery","Hello World"],"picked":"Genetic Algorithm","floor":11}],"player_experience":1923031,"relics_obtained":[{"floor":7,"key":"Happy Flower"},{"floor":9,"key":"Boot"},{"floor":11,"key":"Smiling Mask"}],"event_choices":[{"damage_healed":0,"gold_gain":0,"player_choice":"Ignored","damage_taken":0,"max_hp_gain":0,"max_hp_loss":0,"event_name":"Liars Game","floor":5,"gold_loss":0},{"damage_healed":0,"gold_gain":75,"player_choice":"Gather Gold","damage_taken":11,"max_hp_gain":0,"max_hp_loss":0,"event_name":"World of Goop","floor":13,"gold_loss":0},{"damage_healed":0,"gold_gain":0,"player_choice":"Lose Max HP","damage_taken":0,"relics_obtained":["Golden Idol"],"max_hp_gain":0,"max_hp_loss":7,"event_name":"Golden Idol","floor":14,"gold_loss":0}],"is_beta":true,"boss_relics":[],"items_purged_floors":[],"is_endless":false,"potions_floor_spawned":[2,3],"killed_by":"The Guardian","ascension_level":20}