{"gold_per_floor":[116,133,148,159,178,209,221,263,275,620,557,569,610,642,654,737,749,779,791,803,54,72,72,98,98,122,149,149,74,74,105,105,176,176,186,186,236,250,269,300,300,350,350,379,319,349,349,399,399,399,399,399,399,25,57,57],"floor_reached":57,"playtime":2448,"items_purged":["Strike_B+1","Zap"],"score":2844,"play_id":"41578e7f-7ab6-4686-bb24-f0cecb3af00d","local_time":"20190706145209","is_ascension_mode":true,"campfire_choices":[{"data":"Barrage","floor":7,"key":"SMITH"},{"floor":12,"key":"REST"},{"data":"Coolheaded","floor":15,"key":"SMITH"},{"data":"Biased Cognition","floor":23,"key":"SMITH"},{"data":"Chill","floor":25,"key":"SMITH"},{"floor":28,"key":"REST"},{"data":"Seek","floor":30,"key":"SMITH"},{"floor":32,"key":"REST"},{"floor":41,"key":"REST"},{"floor":47,"key":"RECALL"},{"floor":49,"key":"REST"},{"floor":53,"key":"REST"}],"neow_cost":"TEN_PERCENT_HP_LOSS","seed_source_timestamp":1475058140073,"circlet_count":0,"master_deck":["AscendersBane","Defend_B+1","Defend_B+1","Defend_B+1","Defend_B+1","Dualcast","Barrage+1","Cold Snap+1","Chill+1","Coolheaded+1","Seek+1","Sweeping Beam+1","FTL+1","Sweeping Beam","Biased Cognition+1","Genetic Algorithm","Defragment+1","Creative AI+1","Echo Form+1","Storm+1"],"relics":["Cracked Core","Mango","MawBank","Oddly Smooth Stone","WingedGreaves","Old Coin","Shuriken","Nuclear Battery","OrangePellets","Singing Bowl","Frozen Egg 2","Strawberry","Juzu Bracelet","Gremlin Horn","Dead Branch","Empty Cage","SsserpentHead","PreservedInsect","Lantern","Bag of Marbles","Bag of Preparation","Mummified Hand","Whetstone"],"potions_floor_usage":[6,8,10,24,31,56],"damage_taken":[{"damage":0,"enemies":"Cultist","floor":1,"turns":3},{"damage":0,"enemies":"2 Louse","floor":2,"turns":3},{"damage":4,"enemies":"Small Slimes","floor":3,"turns":4},{"damage":6,"enemies":"Blue Slaver","floor":4,"turns":4},{"damage":18,"enemies":"Exordium Thugs","floor":5,"turns":4},{"damage":6,"enemies":"Gremlin Nob","floor":6,"turns":3},{"damage":10,"enemies":"3 Sentries","floor":8,"turns":10},{"damage":6,"enemies":"Lagavulin","floor":10,"turns":6},{"damage":2,"enemies":"3 Sentries","floor":13,"turns":8},{"damage":6,"enemies":"Lots of Slimes","floor":14,"turns":4},{"damage":19,"enemies":"The Guardian","floor":16,"turns":13},{"damage":0,"enemies":"Spheric Guardian","floor":18,"turns":1},{"damage":6,"enemies":"Shell Parasite","floor":22,"turns":3},{"damage":11,"enemies":"Gremlin Leader","floor":24,"turns":8},{"damage":26,"enemies":"Slavers","floor":27,"turns":6},{"damage":23,"enemies":"Gremlin Leader","floor":31,"turns":8},{"damage":2,"enemies":"Champ","floor":33,"turns":10},{"damage":3,"enemies":"Orb Walker","floor":35,"turns":5},{"damage":0,"enemies":"3 Shapes","floor":38,"turns":4},{"damage":4,"enemies":"Jaw Worm Horde","floor":39,"turns":6},{"damage":29,"enemies":"Nemesis","floor":40,"turns":9},{"damage":14,"enemies":"Reptomancer","floor":44,"turns":8},{"damage":2,"enemies":"Nemesis","floor":46,"turns":5},{"damage":45,"enemies":"Donu and Deca","floor":50,"turns":8},{"damage":23,"enemies":"Awakened One","floor":51,"turns":21},{"damage":10,"enemies":"Shield and Spear","floor":55,"turns":3},{"damage":87,"enemies":"The Heart","floor":56,"turns":9}],"seed_played":"-7189227921909079709","potions_obtained":[{"floor":1,"key":"GamblersBrew"},{"floor":2,"key":"SteroidPotion"},{"floor":8,"key":"Poison Potion"},{"floor":10,"key":"FairyPotion"},{"floor":16,"key":"Swift Potion"},{"floor":27,"key":"SpeedPotion"},{"floor":39,"key":"GamblersBrew"},{"floor":46,"key":"Ancient Potion"}],"is_trial":false,"path_per_floor":["M","M","M","M","M","E","R","E","T","E","?","R","E","M","R","B",null,"M","?","?","$","M","R","E","R","T","E","R","$","R","E","R","B",null,"M","?","?","M","M","E","R","?","T","E","?","E","R","?","R","B","B",null,"R","$","E","B",null],"character_chosen":"DEFECT","items_purchased":["OrangePellets","Singing Bowl","Frozen Egg 2","Mummified Hand"],"campfire_rested":6,"item_purchase_floors":[21,21,21,54],"current_hp_per_floor":[78,78,74,68,50,44,44,34,34,28,28,51,49,43,43,24,65,65,65,78,78,72,72,68,68,68,44,70,70,70,47,73,71,83,82,82,82,84,82,55,83,83,83,69,69,69,69,69,97,52,29,80,97,97,89,2],"gold":57,"neow_bonus":"ONE_RARE_RELIC","is_prod":false,"is_daily":false,"chose_seed":false,"campfire_upgraded":5,"win_rate":0,"timestamp":1562417529,"path_taken":["M","M","M","M","?","E","R","E","T","E","?","R","E","M","R","BOSS","M","?","?","$","M","R","E","R","T","E","R","$","R","E","R","BOSS","M","?","?","M","M","E","R","?","T","E","?","E","R","?","R","BOSS","BOSS","R","$","E","BOSS"],"build_version":"2019-07-03","purchased_purges":2,"victory":true,"max_hp_per_floor":[78,78,78,78,78,78,78,78,78,78,78,78,78,78,78,78,78,78,78,78,78,78,78,85,85,85,87,87,87,87,87,87,87,87,89,89,89,91,93,95,95,95,95,95,95,97,97,97,97,97,97,97,97,97,99,99],"card_choices":[{"not_picked":["Tempest","Rebound","Coolheaded"],"picked":"SKIP","floor":1},{"not_picked":["Hello World","Go for the Eyes"],"picked":"Barrage","floor":2},{"not_picked":["Hologram","Coolheaded"],"picked":"Melter","floor":3},{"not_picked":["Barrage","Streamline"],"picked":"Cold Snap","floor":4},{"not_picked":["Steam","Skim"],"picked":"Chill","floor":5},{"not_picked":["Redo","Tempest"],"picked":"Coolheaded","floor":6},{"not_picked":["Sweeping Beam","Ball Lightning"],"picked":"Seek","floor":8},{"not_picked":["Barrage","Conserve Battery"],"picked":"Sweeping Beam","floor":10},{"not_picked":["Rebound","Force Field"],"picked":"FTL","floor":13},{"not_picked":["Barrage","Gash"],"picked":"Sweeping Beam","floor":14},{"not_picked":["Electrodynamics","Hyperbeam"],"picked":"Biased Cognition","floor":16},{"not_picked":["Redo","Leap"],"picked":"Rip and Tear","floor":18},{"not_picked":["Double Energy","Chill"],"picked":"Genetic Algorithm","floor":22},{"not_picked":["Beam Cell","Genetic Algorithm"],"picked":"Defragment+1","floor":24},{"not_picked":["Hologram","Barrage","Streamline+1"],"picked":"Singing Bowl","floor":27},{"not_picked":["Coolheaded+1","Streamline"],"picked":"Creative AI+1","floor":31},{"not_picked":["Amplify","Core Surge"],"picked":"Echo Form+1","floor":33},{"not_picked":["Conserve Battery","Go for the Eyes+1","Barrage+1"],"picked":"Singing Bowl","floor":35},{"not_picked":["Lockon","Compile Driver+1","Ball Lightning"],"picked":"Singing Bowl","floor":38},{"not_picked":["Aggregate","Steam Power+1","Consume"],"picked":"Singing Bowl","floor":39},{"not_picked":["Defragment+1","Coolheaded","Reinforced Body"],"picked":"Singing Bowl","floor":40},{"not_picked":["Creative AI+1","Steam"],"picked":"Storm+1","floor":44},{"not_picked":["Thunder Strike","Hello World+1","Steam"],"picked":"Singing Bowl","floor":46},{"not_picked":["Go for the Eyes","Sweeping Beam","Hello World+1"],"picked":"Singing Bowl","floor":55}],"player_experience":1815763,"relics_obtained":[{"floor":6,"key":"MawBank"},{"floor":8,"key":"Oddly Smooth Stone"},{"floor":9,"key":"WingedGreaves"},{"floor":10,"key":"Old Coin"},{"floor":13,"key":"Shuriken"},{"floor":24,"key":"Strawberry"},{"floor":26,"key":"Juzu Bracelet"},{"floor":27,"key":"Gremlin Horn"},{"floor":31,"key":"Dead Branch"},{"floor":40,"key":"PreservedInsect"},{"floor":42,"key":"Lantern"},{"floor":44,"key":"Bag of Marbles"},{"floor":46,"key":"Bag of Preparation"},{"floor":55,"key":"Whetstone"}],"event_choices":[{"cards_removed":["Strike_B"],"damage_healed":0,"gold_gain":0,"player_choice":"Card Removal","damage_taken":0,"max_hp_gain":0,"max_hp_loss":0,"event_name":"The Cleric","floor":11,"gold_loss":75},{"damage_healed":0,"gold_gain":0,"player_choice":"Simplicity","damage_taken":0,"max_hp_gain":0,"max_hp_loss":0,"event_name":"Back to Basics","floor":19,"gold_loss":0,"cards_upgraded":["Strike_B","Strike_B","Strike_B","Defend_B","Defend_B","Defend_B","Defend_B"]},{"damage_healed":13,"gold_gain":0,"player_choice":"Full Heal","damage_taken":0,"max_hp_gain":0,"max_hp_loss":0,"event_name":"Wheel of Change","floor":20,"gold_loss":0},{"damage_healed":0,"gold_gain":0,"player_choice":"Trade","damage_taken":0,"relics_obtained":["SsserpentHead"],"max_hp_gain":0,"max_hp_loss":0,"event_name":"FaceTrader","floor":36,"gold_loss":0},{"damage_healed":0,"gold_gain":0,"player_choice":"Ignored","damage_taken":0,"max_hp_gain":0,"max_hp_loss":0,"event_name":"Tomb of Lord Red Mask","floor":37,"gold_loss":0},{"damage_healed":0,"gold_gain":0,"player_choice":"Relic","damage_taken":0,"max_hp_gain":0,"max_hp_loss":0,"event_name":"Wheel of Change","floor":42,"gold_loss":0},{"cards_removed":["Melter"],"damage_healed":0,"gold_gain":0,"player_choice":"Upgrade and Remove","damage_taken":0,"max_hp_gain":0,"max_hp_loss":0,"event_name":"Designer","floor":45,"gold_loss":110,"cards_upgraded":["Cold Snap"]},{"cards_removed":["Rip and Tear"],"damage_healed":0,"gold_gain":0,"player_choice":"Purged","damage_taken":0,"max_hp_gain":0,"max_hp_loss":0,"event_name":"Purifier","floor":48,"gold_loss":0}],"is_beta":true,"boss_relics":[{"not_picked":["Tiny House","Busted Crown"],"picked":"Nuclear Battery"},{"not_picked":["White Beast Statue","Orrery"],"picked":"Empty Cage"}],"items_purged_floors":[29,54],"is_endless":false,"potions_floor_spawned":[1,2,8,10,16,18,27,39,46],"ascension_level":20}