{"gold_per_floor":[114,127,52,72,89,89,121,133,159,159,159,159,173,24,24,127,127,145,160,176,32,43,43,74,74,74,74,74,93,41,72,72,177,227,242,73,73,51,151,151,163,163],"floor_reached":42,"playtime":2560,"items_purged":["Strike_G","Shame"],"score":617,"play_id":"960b0065-670f-4f2d-ac97-689d1507bbc6","local_time":"20190321232215","is_ascension_mode":true,"campfire_choices":[{"floor":6,"key":"REST"},{"floor":10,"key":"REST"},{"floor":15,"key":"REST"},{"floor":23,"key":"REST"},{"floor":25,"key":"REST"},{"floor":28,"key":"REST"},{"floor":32,"key":"REST"},{"floor":40,"key":"REST"}],"neow_cost":"NONE","seed_source_timestamp":781158681484005,"circlet_count":0,"master_deck":["Defend_G","Defend_G","Defend_G+1","Defend_G","Defend_G+1","Strike_G+1","Strike_G","Strike_G","Strike_G","Survivor","Neutralize+1","Dagger Throw","PiercingWail","Predator+1","Heel Hook+1","Eviscerate+1","Underhanded Strike+1","Finisher+1","Venomology","Infinite Blades","Predator+1","Glass Knife+1","Backflip","Corpse Explosion","Distraction+1","Dagger Spray+1","Infinite Blades","Wraith Form v2","Footwork","Crippling Poison","Infinite Blades","Madness","Madness","Prepared","Outmaneuver"],"relics":["Fusion Hammer","Molten Egg 2","Pen Nib","Whetstone","Lizard Tail","Bag of Marbles","Snake Skull","Pear","Art of War","Blood Vial","Tiny House","Thread and Needle"],"potions_floor_usage":[16,19,19,20,22,24,24,24,31,33,33,33,39,41,42,42,42],"damage_taken":[{"damage":1,"enemies":"Jaw Worm","floor":1,"turns":5},{"damage":0,"enemies":"Cultist","floor":2,"turns":4},{"damage":0,"enemies":"2 Louse","floor":4,"turns":3},{"damage":0,"enemies":"2 Fungi Beasts","floor":5,"turns":4},{"damage":25,"enemies":"Gremlin Nob","floor":7,"turns":4},{"damage":1,"enemies":"3 Louse","floor":8,"turns":6},{"damage":6,"enemies":"Looter","floor":13,"turns":3},{"damage":27,"enemies":"The Guardian","floor":16,"turns":13},{"damage":11,"enemies":"Spheric Guardian","floor":18,"turns":3},{"damage":0,"enemies":"Chosen","floor":19,"turns":3},{"damage":9,"enemies":"Snake Plant","floor":20,"turns":3},{"damage":26,"enemies":"Cultist and Chosen","floor":22,"turns":5},{"damage":11,"enemies":"Gremlin Leader","floor":24,"turns":4},{"damage":23,"enemies":"Sentry and Sphere","floor":29,"turns":4},{"damage":27,"enemies":"Book of Stabbing","floor":31,"turns":4},{"damage":81,"enemies":"Collector","floor":33,"turns":9},{"damage":19,"enemies":"Orb Walker","floor":35,"turns":4},{"damage":12,"enemies":"Mind Bloom Boss Battle","floor":39,"turns":4},{"damage":3,"enemies":"3 Shapes","floor":41,"turns":5},{"damage":79,"enemies":"Giant Head","floor":42,"turns":7}],"seed_played":"-828929229992784570","potions_obtained":[{"floor":5,"key":"LiquidBronze"},{"floor":8,"key":"FearPotion"},{"floor":16,"key":"SteroidPotion"},{"floor":18,"key":"Block Potion"},{"floor":22,"key":"Fire Potion"},{"floor":24,"key":"SpeedPotion"},{"floor":29,"key":"SpeedPotion"},{"floor":34,"key":"Fire Potion"},{"floor":41,"key":"Block Potion"}],"is_trial":false,"path_per_floor":["M","M","$","M","M","R","E","M","T","R","?","?","M","$","R","B",null,"M","M","M","$","M","R","E","R","T","?","R","M","$","E","R","B",null,"M","$","?","$","?","R","M","E"],"character_chosen":"THE_SILENT","items_purchased":["Whetstone","Bag of Marbles","Dagger Spray+1","Infinite Blades","Prepared"],"campfire_rested":8,"item_purchase_floors":[14,21,30,36,38],"current_hp_per_floor":[62,62,62,62,62,70,45,44,44,65,51,51,45,45,66,39,62,51,51,42,42,16,37,26,47,57,57,80,57,57,30,54,40,75,58,58,47,47,37,62,61,0],"gold":163,"neow_bonus":"BOSS_RELIC","is_prod":false,"is_daily":false,"chose_seed":false,"campfire_upgraded":0,"win_rate":0,"timestamp":1553235735,"path_taken":["M","M","$","M","M","R","E","M","T","R","?","?","M","$","R","BOSS","M","M","M","$","M","R","E","R","T","?","R","M","$","E","R","BOSS","M","$","?","$","?","R","M","E"],"build_version":"2019-01-23","purchased_purges":2,"victory":false,"max_hp_per_floor":[70,70,70,70,70,70,70,70,70,70,70,70,70,70,70,70,70,70,70,70,70,70,70,70,70,80,80,80,80,80,80,80,80,85,85,85,85,85,85,85,85,85],"card_choices":[{"not_picked":["Flying Knee","Blur"],"picked":"Dagger Throw","floor":1},{"not_picked":["Outmaneuver","Cloak And Dagger"],"picked":"PiercingWail","floor":2},{"not_picked":["Endless Agony","Outmaneuver"],"picked":"Predator","floor":4},{"not_picked":["Flying Knee","Concentrate"],"picked":"Heel Hook","floor":5},{"not_picked":["Setup","Slice"],"picked":"Eviscerate","floor":7},{"not_picked":["Prepared","Expertise"],"picked":"Underhanded Strike+1","floor":8},{"not_picked":["Blade Dance","Distraction"],"picked":"Finisher+1","floor":13},{"not_picked":["Tools of the Trade","Grand Finale+1"],"picked":"Venomology","floor":16},{"not_picked":["Dash+1","Deadly Poison+1"],"picked":"Infinite Blades","floor":18},{"not_picked":["Flying Knee+1","PiercingWail"],"picked":"Predator+1","floor":19},{"not_picked":["Endless Agony+1","Deadly Poison"],"picked":"Glass Knife+1","floor":20},{"not_picked":["PiercingWail+1","Caltrops"],"picked":"Backflip","floor":22},{"not_picked":["Underhanded Strike+1","Cloak And Dagger"],"picked":"Corpse Explosion","floor":24},{"not_picked":["Cloak And Dagger","Sucker Punch+1"],"picked":"Distraction+1","floor":29},{"not_picked":["Backflip","PiercingWail"],"picked":"Infinite Blades","floor":31},{"not_picked":["A Thousand Cuts","Malaise"],"picked":"Wraith Form v2","floor":33},{"not_picked":["Sucker Punch+1","Slice+1"],"picked":"Footwork","floor":34},{"not_picked":["Quick Slash+1","Caltrops+1"],"picked":"Crippling Poison","floor":35},{"not_picked":["Sucker Punch+1","Quick Slash+1"],"picked":"Outmaneuver","floor":39},{"not_picked":["Deadly Poison","Cloak And Dagger+1","Poisoned Stab+1"],"picked":"SKIP","floor":41}],"player_experience":194677,"relics_obtained":[{"floor":7,"key":"Molten Egg 2"},{"floor":9,"key":"Pen Nib"},{"floor":24,"key":"Snake Skull"},{"floor":26,"key":"Pear"},{"floor":31,"key":"Blood Vial"},{"floor":39,"key":"Thread and Needle"}],"event_choices":[{"damage_healed":0,"gold_gain":0,"player_choice":"Entered Light","damage_taken":14,"max_hp_gain":0,"max_hp_loss":0,"event_name":"Shining Light","floor":11,"gold_loss":0,"cards_upgraded":["Defend_G","Defend_G"]},{"damage_healed":0,"gold_gain":0,"player_choice":"Upgraded","damage_taken":0,"max_hp_gain":0,"max_hp_loss":0,"event_name":"Upgrade Shrine","floor":12,"gold_loss":0,"cards_upgraded":["Neutralize"]},{"damage_healed":0,"gold_gain":0,"player_choice":"Stole Relic","damage_taken":0,"relics_obtained":["Art of War"],"max_hp_gain":0,"max_hp_loss":0,"event_name":"Addict","floor":27,"gold_loss":0,"cards_obtained":["Shame"]},{"damage_healed":0,"gold_gain":0,"player_choice":"Embrace Madness","damage_taken":11,"max_hp_gain":0,"max_hp_loss":0,"event_name":"Winding Halls","floor":37,"gold_loss":0,"cards_obtained":["Madness","Madness"]},{"damage_healed":0,"gold_gain":0,"player_choice":"Fight","damage_taken":0,"max_hp_gain":0,"max_hp_loss":0,"event_name":"MindBloom","floor":39,"gold_loss":0}],"is_beta":false,"boss_relics":[{"not_picked":["HoveringKite","Pandora\u0027s Box"],"picked":"Lizard Tail"},{"not_picked":["Orrery","Cursed Key"],"picked":"Tiny House"}],"items_purged_floors":[3,36],"is_endless":false,"potions_floor_spawned":[5,8,16,18,22,24,29,41],"killed_by":"Giant Head","ascension_level":6}