{"gold_per_floor":[110,16,27,37,18,45,45,78,117,129,151,163,205,227,239,323,335,367,379,405,8,8,42,42,42],"floor_reached":25,"playtime":2159,"items_purged":["Writhe"],"score":482,"play_id":"9506a642-6fc1-41c8-9adb-5bc1b3639edc","local_time":"20190803090816","is_ascension_mode":true,"campfire_choices":[{"data":"Dagger Spray","floor":7.0,"key":"SMITH"},{"floor":10.0,"key":"REST"},{"data":"Noxious Fumes","floor":12.0,"key":"SMITH"},{"floor":15.0,"key":"REST"},{"floor":24,"key":"REST"}],"neow_cost":"NONE","seed_source_timestamp":110273947794400,"circlet_count":0,"master_deck":["AscendersBane","Strike_G","Strike_G","Strike_G","Strike_G","Strike_G","Defend_G","Defend_G","Defend_G","Defend_G","Defend_G","Survivor","Neutralize","Dagger Spray+1","Well Laid Plans","Slice","Footwork","Noxious Fumes+1","Catalyst","Dodge and Roll","Leg Sweep","Poisoned Stab","Tools of the Trade","Deflect","Footwork","Escape Plan","Deadly Poison"],"special_seed":0,"relics":["Ring of the Snake","Snake Skull","Art of War","MawBank","Lantern","Strawberry","Velvet Choker","Dodecahedron","Lee\u0027s Waffle","Enchiridion","Question Card"],"potions_floor_usage":[23,25],"damage_taken":[{"damage":1.0,"enemies":"Cultist","floor":1.0,"turns":5.0},{"damage":5.0,"enemies":"2 Louse","floor":3.0,"turns":3.0},{"damage":3.0,"enemies":"Small Slimes","floor":4.0,"turns":4.0},{"damage":4.0,"enemies":"Exordium Thugs","floor":5.0,"turns":5.0},{"damage":8.0,"enemies":"Gremlin Nob","floor":6.0,"turns":3.0},{"damage":21.0,"enemies":"3 Sentries","floor":8.0,"turns":7.0},{"damage":5.0,"enemies":"Lots of Slimes","floor":11.0,"turns":4.0},{"damage":22.0,"enemies":"Gremlin Nob","floor":13.0,"turns":4.0},{"damage":3.0,"enemies":"Looter","floor":14.0,"turns":5.0},{"damage":32.0,"enemies":"Slime Boss","floor":16.0,"turns":7.0},{"damage":6.0,"enemies":"Chosen","floor":18.0,"turns":6.0},{"damage":8.0,"enemies":"3 Byrds","floor":20.0,"turns":4.0},{"damage":31,"enemies":"Book of Stabbing","floor":23,"turns":7},{"damage":55,"enemies":"Slavers","floor":25,"turns":3}],"seed_played":"-7713742344899441840","potions_obtained":[{"floor":1.0,"key":"AttackPotion"},{"floor":6.0,"key":"Swift Potion"},{"floor":8.0,"key":"Swift Potion"},{"floor":11.0,"key":"Fire Potion"},{"floor":16.0,"key":"SteroidPotion"},{"floor":23,"key":"LiquidBronze"}],"is_trial":false,"path_per_floor":["M","$","M","M","M","E","R","E","T","R","M","R","E","M","R","B",null,"M","?","M","$","?","E","R","E"],"character_chosen":"THE_SILENT","items_purchased":["Well Laid Plans","FearPotion","Footwork","Escape Plan","Lee\u0027s Waffle"],"campfire_rested":3,"item_purchase_floors":[2,2,21,21,21],"current_hp_per_floor":[58,58,53,50,46,38,38,17,17,36,31,31,16,13,34,2,55,49,49,41,80,59,28,52,0],"gold":42,"neow_bonus":"RANDOM_COMMON_RELIC","is_prod":false,"is_daily":false,"chose_seed":false,"campfire_upgraded":2,"win_rate":0,"timestamp":1564848496,"path_taken":["M","$","M","?","M","E","R","E","T","R","M","R","E","M","R","BOSS","M","?","M","$","?","E","R","E"],"build_version":"2019-07-17","purchased_purges":1,"victory":false,"max_hp_per_floor":[66,66,66,66,66,66,66,66,66,66,66,66,73,73,73,73,73,73,73,73,80,80,80,80,80],"card_choices":[{"not_picked":["Leg Sweep","Dagger Throw"],"picked":"Dagger Spray","floor":1.0},{"not_picked":["Leg Sweep","Expertise"],"picked":"Slice","floor":3.0},{"not_picked":["Deflect","Flying Knee"],"picked":"Footwork","floor":4.0},{"not_picked":["Deadly Poison","Sucker Punch"],"picked":"Noxious Fumes","floor":5.0},{"not_picked":["Storm of Steel","Acrobatics","Outmaneuver"],"picked":"SKIP","floor":6.0},{"not_picked":["Flying Knee","Outmaneuver"],"picked":"Catalyst","floor":8.0},{"not_picked":["Tactician","Outmaneuver"],"picked":"Dodge and Roll","floor":11.0},{"not_picked":["Distraction","Bullet Time"],"picked":"Leg Sweep","floor":13.0},{"not_picked":["Deflect","Sucker Punch"],"picked":"Poisoned Stab","floor":14.0},{"not_picked":["Storm of Steel","Bullet Time"],"picked":"Tools of the Trade","floor":16.0},{"not_picked":["Outmaneuver","Reflex"],"picked":"Deflect","floor":18.0},{"not_picked":["Flying Knee","Caltrops","Outmaneuver"],"picked":"SKIP","floor":20.0},{"not_picked":["Glass Knife","Slice"],"picked":"Deadly Poison","floor":23}],"player_experience":1187575,"relics_obtained":[{"floor":6.0,"key":"Art of War"},{"floor":8.0,"key":"MawBank"},{"floor":9.0,"key":"Lantern"},{"floor":13.0,"key":"Strawberry"},{"floor":22.0,"key":"Enchiridion"},{"floor":23,"key":"Question Card"}],"event_choices":[{"damage_healed":0.0,"max_hp_gain":0.0,"max_hp_loss":0.0,"gold_gain":0.0,"event_name":"The Mausoleum","player_choice":"Opened","floor":19.0,"gold_loss":0.0,"damage_taken":0.0,"relics_obtained":["Dodecahedron"],"cards_obtained":["Writhe"]},{"damage_healed":0.0,"max_hp_gain":0.0,"max_hp_loss":0.0,"gold_gain":0.0,"event_name":"Cursed Tome","player_choice":"Obtained Book","floor":22.0,"gold_loss":0.0,"damage_taken":21.0}],"is_beta":false,"boss_relics":[{"not_picked":["Orrery","Lizard Tail"],"picked":"Velvet Choker"}],"items_purged_floors":[21],"is_endless":false,"potions_floor_spawned":[1,6,8,11,16,23],"killed_by":"Slavers","ascension_level":20}