{"gold_per_floor":[115,115,115,129,139,139,167,167,167,200,200,275,308,308,308,382,382,398,323,323,343,343,377,407,27,27,27,55,55,55,73,73,144,144,156,176,276,276,13,13,43,43,43,43,75,75,104,119,119,119,119],"floor_reached":51,"playtime":1444,"items_purged":["Strike_B"],"score":1466,"play_id":"8f7f8291-f536-413b-bb6b-947706ef2e1e","local_time":"20190803225006","is_ascension_mode":true,"campfire_choices":[{"data":"Beam Cell","floor":6.0,"key":"SMITH"},{"data":"Coolheaded","floor":8.0,"key":"SMITH"},{"data":"Rainbow","floor":15.0,"key":"SMITH"},{"data":"Conserve Battery","floor":27.0,"key":"SMITH"},{"data":"Dualcast","floor":29.0,"key":"SMITH"},{"data":"Darkness","floor":32.0,"key":"SMITH"},{"data":"1","floor":40.0,"key":"LIFT"},{"floor":42.0,"key":"REST"},{"data":"2","floor":44.0,"key":"LIFT"},{"floor":46.0,"key":"REST"},{"data":"3","floor":49.0,"key":"LIFT"}],"neow_cost":"NONE","seed_source_timestamp":36875088881913,"circlet_count":0,"master_deck":["AscendersBane","Defend_B+1","Defend_B","Defend_B","Defend_B+1","Zap+1","Dualcast+1","Ball Lightning","Beam Cell+1","Coolheaded+1","Sweeping Beam","Conserve Battery+1","Rainbow+1","Multi-Cast+1","Stack","Cold Snap","Glacier","Self Repair","Rainbow","Darkness+1","Echo Form","Sweeping Beam"],"special_seed":0,"relics":["Cracked Core","Meat on the Bone","Bag of Marbles","War Paint","Pantograph","Pen Nib","Sozu","Ancient Tea Set","Red Mask","Chemical X","StoneCalendar","Dodecahedron","Busted Crown","Girya","Mummified Hand","Oddly Smooth Stone","Bottled Tornado","The Courier","Potion Belt"],"potions_floor_usage":[],"damage_taken":[{"damage":0.0,"enemies":"Jaw Worm","floor":1.0,"turns":3.0},{"damage":0.0,"enemies":"Small Slimes","floor":4.0,"turns":2.0},{"damage":0.0,"enemies":"Cultist","floor":5.0,"turns":3.0},{"damage":36.0,"enemies":"Lagavulin","floor":7.0,"turns":7.0},{"damage":16.0,"enemies":"3 Sentries","floor":10.0,"turns":6.0},{"damage":9.0,"enemies":"Gremlin Nob","floor":13.0,"turns":3.0},{"damage":25.0,"enemies":"Slime Boss","floor":16.0,"turns":7.0},{"damage":21.0,"enemies":"2 Thieves","floor":18.0,"turns":4.0},{"damage":11.0,"enemies":"Shell Parasite","floor":21.0,"turns":6.0},{"damage":2.0,"enemies":"Book of Stabbing","floor":23.0,"turns":4.0},{"damage":10.0,"enemies":"Masked Bandits","floor":24.0,"turns":3.0},{"damage":1.0,"enemies":"Slavers","floor":28.0,"turns":4.0},{"damage":16.0,"enemies":"Snake Plant","floor":31.0,"turns":3.0},{"damage":48.0,"enemies":"Champ","floor":33.0,"turns":14.0},{"damage":2.0,"enemies":"Orb Walker","floor":35.0,"turns":3.0},{"damage":11.0,"enemies":"3 Shapes","floor":36.0,"turns":5.0},{"damage":0.0,"enemies":"Mind Bloom Boss Battle","floor":37.0,"turns":3.0},{"damage":63.0,"enemies":"Giant Head","floor":41.0,"turns":6.0},{"damage":20.0,"enemies":"Nemesis","floor":45.0,"turns":7.0},{"damage":8.0,"enemies":"Reptomancer","floor":47.0,"turns":6.0},{"damage":5.0,"enemies":"3 Darklings","floor":48.0,"turns":5.0},{"damage":23.0,"enemies":"Donu and Deca","floor":50.0,"turns":8.0},{"damage":88,"enemies":"Time Eater","floor":51,"turns":9}],"seed_played":"4658769095940588064","potions_obtained":[{"floor":1.0,"key":"Swift Potion"},{"floor":10.0,"key":"LiquidBronze"},{"floor":16.0,"key":"Fire Potion"}],"is_trial":false,"path_per_floor":["M","?","?","M","M","R","E","R","T","E","?","?","E","T","R","B",null,"M","?","?","M","?","E","?","$","T","R","E","R","$","M","R","B",null,"M","M","?","?","$","R","E","R","T","R","E","R","E","M","R","B","B"],"character_chosen":"DEFECT","items_purchased":["Chemical X","Self Repair","Mummified Hand"],"campfire_rested":2,"item_purchase_floors":[25,25,39],"current_hp_per_floor":[64,69,69,69,69,69,33,33,33,29,22,11,14,14,14,26,64,43,43,43,44,44,42,44,44,44,44,50,50,50,53,53,47,69,67,63,76,72,72,72,21,42,42,42,41,62,61,70,70,56,0],"gold":119,"neow_bonus":"UPGRADE_CARD","is_prod":false,"is_daily":false,"chose_seed":false,"campfire_upgraded":6,"win_rate":0,"timestamp":1564865406,"path_taken":["M","?","?","?","M","R","E","R","T","E","?","?","E","?","R","BOSS","M","?","?","?","?","E","?","$","T","R","E","R","$","M","R","BOSS","M","M","?","?","?","R","E","R","T","R","E","R","E","M","R","BOSS","BOSS"],"build_version":"2019-07-18","purchased_purges":1,"victory":false,"max_hp_per_floor":[71,76,76,76,76,76,76,76,76,76,76,76,76,76,76,76,76,76,76,76,76,76,76,76,76,76,76,76,76,76,76,76,76,76,76,76,76,72,72,72,72,72,72,72,72,72,72,72,72,72,72],"card_choices":[{"not_picked":["Turbo","Beam Cell"],"picked":"Ball Lightning","floor":1.0},{"not_picked":["Gash","Barrage"],"picked":"Coolheaded","floor":4.0},{"not_picked":["Coolheaded","Leap"],"picked":"Sweeping Beam","floor":5.0},{"not_picked":["Consume","Blizzard","Storm"],"picked":"SKIP","floor":7.0},{"not_picked":["Coolheaded","Redo"],"picked":"Conserve Battery","floor":10.0},{"not_picked":["Conserve Battery","Self Repair"],"picked":"Rainbow","floor":13.0},{"not_picked":["All For One","Seek"],"picked":"Multi-Cast","floor":16.0},{"not_picked":["Stack","Gash","Barrage"],"picked":"SKIP","floor":18.0},{"not_picked":["Gash","Barrage"],"picked":"Stack","floor":18.0},{"not_picked":["Recycle","Go for the Eyes"],"picked":"Cold Snap","floor":21.0},{"not_picked":["Aggregate","Streamline","Amplify"],"picked":"SKIP","floor":23.0},{"not_picked":["Ball Lightning","Leap"],"picked":"Glacier","floor":24.0},{"not_picked":["Gash","Barrage"],"picked":"Rainbow","floor":28.0},{"not_picked":["Redo","Turbo"],"picked":"Darkness","floor":31.0},{"not_picked":["Multi-Cast","Amplify"],"picked":"Echo Form","floor":33.0},{"not_picked":["Aggregate"],"picked":"SKIP","floor":35.0},{"not_picked":["Recycle"],"picked":"SKIP","floor":36.0},{"not_picked":["Streamline+1"],"picked":"SKIP","floor":41.0},{"not_picked":["Leap"],"picked":"SKIP","floor":45.0},{"not_picked":["Go for the Eyes"],"picked":"SKIP","floor":47.0},{"not_picked":[],"picked":"Sweeping Beam","floor":48.0}],"player_experience":1953421,"relics_obtained":[{"floor":7.0,"key":"Meat on the Bone"},{"floor":9.0,"key":"Bag of Marbles"},{"floor":10.0,"key":"War Paint"},{"floor":13.0,"key":"Pantograph"},{"floor":14.0,"key":"Pen Nib"},{"floor":23.0,"key":"Ancient Tea Set"},{"floor":24.0,"key":"Red Mask"},{"floor":26.0,"key":"StoneCalendar"},{"floor":28.0,"key":"Dodecahedron"},{"floor":37.0,"key":"Girya"},{"floor":41.0,"key":"Oddly Smooth Stone"},{"floor":43.0,"key":"Bottled Tornado"},{"floor":45.0,"key":"The Courier"},{"floor":47.0,"key":"Potion Belt"}],"event_choices":[{"damage_healed":0.0,"max_hp_gain":5.0,"max_hp_loss":0.0,"gold_gain":0.0,"event_name":"Big Fish","player_choice":"Donut","floor":2.0,"gold_loss":0.0,"damage_taken":0.0},{"damage_healed":0.0,"max_hp_gain":0.0,"max_hp_loss":0.0,"gold_gain":0.0,"cards_transformed":["Strike_B"],"event_name":"Transmorgrifier","player_choice":"Transformed","floor":3.0,"gold_loss":0.0,"damage_taken":0.0,"cards_obtained":["Beam Cell"]},{"cards_removed":["Strike_B"],"damage_healed":0.0,"max_hp_gain":0.0,"max_hp_loss":0.0,"gold_gain":0.0,"event_name":"Golden Wing","player_choice":"Card Removal","floor":11.0,"gold_loss":0.0,"damage_taken":7.0},{"damage_healed":0.0,"max_hp_gain":0.0,"max_hp_loss":0.0,"gold_gain":75.0,"event_name":"World of Goop","player_choice":"Gather Gold","floor":12.0,"gold_loss":0.0,"damage_taken":11.0},{"cards_removed":["Strike_B"],"damage_healed":0.0,"max_hp_gain":0.0,"max_hp_loss":0.0,"gold_gain":0.0,"event_name":"Beggar","player_choice":"Gave Gold","floor":19.0,"gold_loss":75.0,"damage_taken":0.0},{"damage_healed":0.0,"max_hp_gain":0.0,"max_hp_loss":0.0,"gold_gain":0.0,"event_name":"Upgrade Shrine","player_choice":"Upgraded","floor":20.0,"gold_loss":0.0,"damage_taken":0.0,"cards_upgraded":["Multi-Cast"]},{"damage_healed":0.0,"max_hp_gain":0.0,"max_hp_loss":0.0,"gold_gain":0.0,"event_name":"Vampires","player_choice":"Ignored","floor":22.0,"gold_loss":0.0,"damage_taken":0.0},{"damage_healed":0.0,"max_hp_gain":0.0,"max_hp_loss":0.0,"gold_gain":0.0,"event_name":"Masked Bandits","player_choice":"Fought Bandits","floor":24.0,"gold_loss":0.0,"damage_taken":0.0},{"damage_healed":0.0,"max_hp_gain":0.0,"max_hp_loss":0.0,"gold_gain":0.0,"event_name":"MindBloom","player_choice":"Fight","floor":37.0,"gold_loss":0.0,"damage_taken":0.0},{"damage_healed":0.0,"max_hp_gain":0.0,"max_hp_loss":4.0,"gold_gain":0.0,"event_name":"Winding Halls","player_choice":"Max HP","floor":38.0,"gold_loss":0.0,"damage_taken":0.0}],"is_beta":true,"boss_relics":[{"not_picked":["Eternal Feather","Nuclear Battery"],"picked":"Sozu"},{"not_picked":["Pandora\u0027s Box","Orrery"],"picked":"Busted Crown"}],"items_purged_floors":[25],"is_endless":false,"potions_floor_spawned":[1,10,16,21,23,28,35,37,41,45],"killed_by":"Time Eater","ascension_level":20}