{"gold_per_floor":[365,48,48,63,63,63,83,7,7,26,39,60,86,99,99,176,226,245,245,257,257,73,73,103,103,103,3,18,34,34,46,46,125,125,143,143,143,143,189,189,216,216,216,216,116,116,129,155,155,155,155,155,155,25,58,58],"floor_reached":57,"playtime":2699,"items_purged":["Strike_G","Strike_G+1","Strike_G+1"],"score":3202,"play_id":"86adbfbc-84c0-482e-a26a-8ae7743aa208","local_time":"20190809045837","is_ascension_mode":true,"campfire_choices":[{"data":"Well Laid Plans","floor":6.0,"key":"SMITH"},{"data":"Bouncing Flask","floor":15.0,"key":"SMITH"},{"data":"Calculated Gamble","floor":23.0,"key":"SMITH"},{"data":"Acrobatics","floor":30.0,"key":"SMITH"},{"data":"Tactician","floor":32.0,"key":"SMITH"},{"data":"Apotheosis","floor":40.0,"key":"SMITH"},{"data":"Acrobatics","floor":44.0,"key":"SMITH"},{"floor":49.0,"key":"RECALL"},{"data":"Burst","floor":53.0,"key":"SMITH"}],"neow_cost":"PERCENT_DAMAGE","seed_source_timestamp":229834972511719,"circlet_count":0,"master_deck":["AscendersBane","Defend_G","Defend_G","Defend_G","Defend_G","Defend_G","Survivor","Neutralize+1","Well Laid Plans+1","Burst+1","Deadly Poison","Calculated Gamble+1","Tactician+1","Acrobatics+1","Catalyst","Malaise","Skewer","Apotheosis+1","Acrobatics+1","Purity","Escape Plan","Impatience"],"special_seed":0,"relics":["Ring of the Snake","Juzu Bracelet","Whetstone","Odd Mushroom","Anchor","Tiny House","Ornamental Fan","Eternal Feather","Snake Skull","Shuriken","The Courier","Centennial Puzzle","Tingsha"],"potions_floor_usage":[56,56],"damage_taken":[{"damage":5.0,"enemies":"Cultist","floor":1.0,"turns":6.0},{"damage":1.0,"enemies":"2 Louse","floor":4.0,"turns":4.0},{"damage":8.0,"enemies":"Small Slimes","floor":7.0,"turns":6.0},{"damage":0.0,"enemies":"Looter","floor":10.0,"turns":4.0},{"damage":0.0,"enemies":"Blue Slaver","floor":11.0,"turns":4.0},{"damage":24.0,"enemies":"The Mushroom Lair","floor":12.0,"turns":6.0},{"damage":5.0,"enemies":"Gremlin Nob","floor":13.0,"turns":3.0},{"damage":0.0,"enemies":"Large Slime","floor":14.0,"turns":4.0},{"damage":0.0,"enemies":"Hexaghost","floor":16.0,"turns":7.0},{"damage":10.0,"enemies":"2 Thieves","floor":18.0,"turns":3.0},{"damage":0.0,"enemies":"Spheric Guardian","floor":20.0,"turns":2.0},{"damage":0.0,"enemies":"Gremlin Leader","floor":24.0,"turns":5.0},{"damage":14.0,"enemies":"Shelled Parasite and Fungi","floor":28.0,"turns":4.0},{"damage":9.0,"enemies":"Snake Plant","floor":29.0,"turns":4.0},{"damage":3.0,"enemies":"Centurion and Healer","floor":31.0,"turns":6.0},{"damage":0.0,"enemies":"Automaton","floor":33.0,"turns":6.0},{"damage":9.0,"enemies":"3 Shapes","floor":35.0,"turns":4.0},{"damage":24.0,"enemies":"Giant Head","floor":41.0,"turns":7.0},{"damage":0.0,"enemies":"3 Darklings","floor":47.0,"turns":2.0},{"damage":9.0,"enemies":"Nemesis","floor":48.0,"turns":5.0},{"damage":28.0,"enemies":"Donu and Deca","floor":50.0,"turns":7.0},{"damage":0.0,"enemies":"Time Eater","floor":51.0,"turns":5.0},{"damage":0.0,"enemies":"Shield and Spear","floor":55.0,"turns":6.0},{"damage":31,"enemies":"The Heart","floor":56,"turns":8}],"seed_played":"-4378973792106735489","potions_obtained":[{"floor":7.0,"key":"FearPotion"},{"floor":11.0,"key":"SkillPotion"},{"floor":12.0,"key":"PowerPotion"},{"floor":13.0,"key":"Fire Potion"},{"floor":14.0,"key":"Weak Potion"},{"floor":17.0,"key":"Energy Potion"},{"floor":18.0,"key":"GhostInAJar"},{"floor":24.0,"key":"LiquidBronze"},{"floor":28.0,"key":"Energy Potion"},{"floor":31.0,"key":"Energy Potion"},{"floor":35.0,"key":"Ancient Potion"},{"floor":42.0,"key":"Poison Potion"}],"is_trial":false,"path_per_floor":["M","$","?","M","$","R","M","$","T","M","M","?","E","M","R","B",null,"M","?","M","?","$","R","E","?","T","$","M","M","R","M","R","B",null,"M","?","?","?","T","R","E","?","T","R","$","?","M","E","R","B","B",null,"R","$","E","B",null],"character_chosen":"THE_SILENT","items_purchased":["Juzu Bracelet","Well Laid Plans","Calculated Gamble","Apotheosis","Impatience","Dexterity Potion"],"campfire_rested":0,"item_purchase_floors":[2,2,8,22,54,54],"current_hp_per_floor":[39,39,39,38,38,38,30,30,30,30,30,6,1,1,1,1,55,45,45,45,45,45,45,45,45,45,45,31,22,22,19,19,19,58,49,49,49,49,49,61,37,37,37,49,49,49,49,40,52,24,24,59,71,71,71,40],"gold":58,"neow_bonus":"TWO_FIFTY_GOLD","is_prod":false,"is_daily":false,"chose_seed":false,"campfire_upgraded":8,"win_rate":0,"timestamp":1565294317,"path_taken":["M","$","?","M","$","R","M","?","T","M","M","?","E","M","R","BOSS","M","?","M","?","$","R","E","?","T","$","M","M","R","M","R","BOSS","M","?","?","?","?","R","E","?","T","R","$","?","M","E","R","BOSS","BOSS","R","$","E","BOSS"],"build_version":"2019-07-17","purchased_purges":3,"victory":true,"max_hp_per_floor":[66,66,66,66,66,66,66,66,66,66,66,66,66,66,66,66,71,71,71,71,71,71,71,71,71,71,71,71,71,71,71,71,71,71,71,71,71,71,71,71,71,71,71,71,71,71,71,71,71,71,71,71,71,71,71,71],"card_choices":[{"not_picked":["Quick Slash","Poisoned Stab","Flying Knee"],"picked":"SKIP","floor":1.0},{"not_picked":["Deflect","Setup"],"picked":"Burst","floor":4.0},{"not_picked":["Accuracy","Caltrops"],"picked":"Deadly Poison","floor":7.0},{"not_picked":["Dodge and Roll","Escape Plan"],"picked":"Bouncing Flask","floor":10.0},{"not_picked":["Flying Knee","Dodge and Roll","Dagger Throw"],"picked":"SKIP","floor":11.0},{"not_picked":["Blade Dance","Backflip"],"picked":"Tactician","floor":13.0},{"not_picked":["PiercingWail","Finisher"],"picked":"Acrobatics","floor":14.0},{"not_picked":["Infinite Blades","Underhanded Strike"],"picked":"Catalyst","floor":18.0},{"not_picked":["Deflect","Quick Slash","Flying Knee"],"picked":"SKIP","floor":20.0},{"not_picked":["Flying Knee","Skewer","Eviscerate"],"picked":"SKIP","floor":24.0},{"not_picked":["Accuracy+1","Blade Dance+1","Dagger Throw"],"picked":"SKIP","floor":28.0},{"not_picked":["Deadly Poison","Distraction","Quick Slash"],"picked":"SKIP","floor":29.0},{"not_picked":["Outmaneuver","Caltrops+1"],"picked":"Acrobatics","floor":31.0},{"not_picked":["Blur","Terror","Flying Knee"],"picked":"SKIP","floor":35.0},{"not_picked":["Bane","Burst","Heel Hook"],"picked":"SKIP","floor":41.0},{"not_picked":["Madness","The Bomb"],"picked":"Purity","floor":46.0},{"not_picked":["Skewer","All Out Attack"],"picked":"Escape Plan","floor":47.0},{"not_picked":["Flechettes","Underhanded Strike","Storm of Steel"],"picked":"SKIP","floor":48.0},{"not_picked":["Endless Agony","Dagger Spray","Expertise"],"picked":"SKIP","floor":55.0}],"player_experience":826078,"relics_obtained":[{"floor":9.0,"key":"Whetstone"},{"floor":12.0,"key":"Odd Mushroom"},{"floor":13.0,"key":"Anchor"},{"floor":24.0,"key":"Ornamental Fan"},{"floor":39.0,"key":"Snake Skull"},{"floor":41.0,"key":"Shuriken"},{"floor":43.0,"key":"The Courier"},{"floor":48.0,"key":"Centennial Puzzle"},{"floor":55.0,"key":"Tingsha"}],"event_choices":[{"damage_healed":0.0,"max_hp_gain":0.0,"max_hp_loss":0.0,"gold_gain":0.0,"event_name":"WeMeetAgain","player_choice":"Ignored","floor":3.0,"gold_loss":0.0,"damage_taken":0.0},{"damage_healed":0.0,"max_hp_gain":0.0,"max_hp_loss":0.0,"gold_gain":0.0,"event_name":"Mushrooms","player_choice":"Fought Mushrooms","floor":12.0,"gold_loss":0.0,"damage_taken":0.0},{"damage_healed":0.0,"max_hp_gain":0.0,"max_hp_loss":0.0,"gold_gain":0.0,"event_name":"Cursed Tome","player_choice":"Ignored","floor":19.0,"gold_loss":0.0,"damage_taken":0.0},{"damage_healed":0.0,"max_hp_gain":0.0,"max_hp_loss":0.0,"gold_gain":0.0,"cards_transformed":["Strike_G","Strike_G"],"event_name":"Drug Dealer","player_choice":"Became Test Subject","floor":21.0,"gold_loss":0.0,"damage_taken":0.0,"cards_obtained":["Malaise","Skewer"]},{"damage_healed":0.0,"max_hp_gain":0.0,"max_hp_loss":0.0,"gold_gain":0.0,"event_name":"The Mausoleum","player_choice":"Ignored","floor":25.0,"gold_loss":0.0,"damage_taken":0.0},{"damage_healed":0.0,"max_hp_gain":0.0,"max_hp_loss":0.0,"gold_gain":0.0,"event_name":"Mysterious Sphere","player_choice":"Ignored","floor":36.0,"gold_loss":0.0,"damage_taken":0.0},{"damage_healed":0.0,"max_hp_gain":0.0,"max_hp_loss":0.0,"gold_gain":0.0,"event_name":"Tomb of Lord Red Mask","player_choice":"Ignored","floor":37.0,"gold_loss":0.0,"damage_taken":0.0},{"cards_removed":["Bouncing Flask"],"damage_healed":0.0,"max_hp_gain":0.0,"max_hp_loss":0.0,"gold_gain":0.0,"event_name":"Falling","player_choice":"Removed Skill","floor":38.0,"gold_loss":0.0,"damage_taken":0.0},{"damage_healed":0.0,"max_hp_gain":0.0,"max_hp_loss":0.0,"gold_gain":0.0,"event_name":"Lab","player_choice":"Got Potions","floor":42.0,"gold_loss":0.0,"damage_taken":0.0},{"damage_healed":0.0,"max_hp_gain":0.0,"max_hp_loss":0.0,"gold_gain":0.0,"event_name":"SensoryStone","player_choice":"Memory 1","floor":46.0,"gold_loss":0.0,"damage_taken":0.0}],"is_beta":false,"boss_relics":[{"not_picked":["White Beast Statue","Fusion Hammer"],"picked":"Tiny House"},{"not_picked":["Ring of the Serpent","Lizard Tail"],"picked":"Eternal Feather"}],"items_purged_floors":[2,27,45],"is_endless":false,"potions_floor_spawned":[7,11,12,13,14,16,18,24,28,31,35,47],"ascension_level":20}