{"gold_per_floor":[116,136,63,81,91,91,91,123,199,219,244,244,261,277,277,376,376,387,404,415,76,76,76],"floor_reached":23,"playtime":1148,"items_purged":["Strike_B"],"score":277,"play_id":"8e15c17a-04b1-4dfa-a95a-37867159f739","local_time":"20190702020909","is_ascension_mode":true,"campfire_choices":[{"data":"Go for the Eyes","floor":6,"key":"SMITH"},{"floor":12,"key":"REST"},{"data":"Zap","floor":15,"key":"SMITH"}],"neow_cost":"TEN_PERCENT_HP_LOSS","seed_source_timestamp":25559724392547,"circlet_count":0,"master_deck":["Strike_B","Strike_B","Defend_B","Defend_B+1","Zap+1","Dualcast","Tempest","Melter","Leap","Leap","Capacitor","Reboot","Go for the Eyes+1","Conserve Battery","Electrodynamics","Redo+1","Conserve Battery+1","Coolheaded+1","Good Instincts","Stack"],"relics":["Cracked Core","Torii","Smiling Mask","Cursed Key","War Paint"],"potions_floor_usage":[8,11,11,16,23,23],"damage_taken":[{"damage":0,"enemies":"Cultist","floor":1,"turns":2},{"damage":6,"enemies":"2 Louse","floor":2,"turns":2},{"damage":0,"enemies":"Jaw Worm","floor":4,"turns":3},{"damage":10,"enemies":"Exordium Thugs","floor":5,"turns":4},{"damage":11,"enemies":"3 Sentries","floor":8,"turns":5},{"damage":7,"enemies":"3 Louse","floor":10,"turns":3},{"damage":21,"enemies":"Gremlin Nob","floor":11,"turns":4},{"damage":1,"enemies":"Looter","floor":13,"turns":3},{"damage":1,"enemies":"2 Fungi Beasts","floor":14,"turns":3},{"damage":6,"enemies":"Hexaghost","floor":16,"turns":11},{"damage":1,"enemies":"Chosen","floor":18,"turns":4},{"damage":8,"enemies":"Shell Parasite","floor":19,"turns":4},{"damage":26,"enemies":"Snake Plant","floor":20,"turns":5},{"damage":23,"enemies":"Book of Stabbing","floor":23,"turns":4}],"seed_played":"-8407778909538140545","potions_obtained":[{"floor":1,"key":"AttackPotion"},{"floor":4,"key":"PowerPotion"},{"floor":8,"key":"Dexterity Potion"},{"floor":11,"key":"Explosive Potion"},{"floor":13,"key":"FearPotion"},{"floor":20,"key":"SteroidPotion"}],"is_trial":false,"path_per_floor":["M","M","$","M","M","R","?","E","T","M","E","R","M","M","R","B",null,"M","M","M","$","?","E"],"character_chosen":"DEFECT","items_purchased":["Capacitor","Good Instincts","War Paint","Stack"],"campfire_rested":1,"item_purchase_floors":[3,21,21,21],"current_hp_per_floor":[68,62,62,62,52,52,52,41,41,34,13,33,32,31,31,25,57,56,48,22,22,22,0],"gold":76,"neow_bonus":"TRANSFORM_TWO_CARDS","is_prod":false,"is_daily":false,"chose_seed":false,"campfire_upgraded":2,"win_rate":0,"timestamp":1562000949,"path_taken":["M","M","$","?","M","R","?","E","T","M","E","R","M","M","R","BOSS","M","?","M","$","?","E"],"build_version":"2019-01-23","purchased_purges":1,"victory":false,"max_hp_per_floor":[68,68,68,68,68,68,68,68,68,68,68,68,68,68,68,68,68,68,68,68,68,68,68],"card_choices":[{"not_picked":["White Noise","Barrage"],"picked":"Leap","floor":1},{"not_picked":["Static Discharge","Lockon"],"picked":"Leap","floor":2},{"not_picked":["Recycle","Beam Cell"],"picked":"Reboot","floor":4},{"not_picked":["Aggregate","Beam Cell"],"picked":"Go for the Eyes","floor":5},{"not_picked":["Scrape","Sweeping Beam","Hyperbeam"],"picked":"SKIP","floor":8},{"not_picked":["Cold Snap","Go for the Eyes","Streamline"],"picked":"SKIP","floor":10},{"not_picked":["Ball Lightning","Sweeping Beam"],"picked":"Conserve Battery","floor":11},{"not_picked":["Hologram","Sweeping Beam","Aggregate"],"picked":"SKIP","floor":13},{"not_picked":["Scrape","Chaos","Hologram"],"picked":"SKIP","floor":14},{"not_picked":["Creative AI","Multi-Cast"],"picked":"Electrodynamics","floor":16},{"not_picked":["Beam Cell+1","Scrape+1"],"picked":"Redo+1","floor":18},{"not_picked":["Ball Lightning+1","Streamline+1"],"picked":"Conserve Battery","floor":19},{"not_picked":["Sweeping Beam","Rebound"],"picked":"Coolheaded+1","floor":20}],"player_experience":131494,"relics_obtained":[{"floor":8,"key":"Torii"},{"floor":11,"key":"Smiling Mask"}],"event_choices":[{"cards_removed":["Strike_B"],"damage_healed":0,"gold_gain":0,"player_choice":"Card Removal","damage_taken":0,"max_hp_gain":0,"max_hp_loss":0,"event_name":"Wheel of Change","floor":7,"gold_loss":0},{"damage_healed":0,"gold_gain":0,"player_choice":"Ignored","damage_taken":0,"max_hp_gain":0,"max_hp_loss":0,"event_name":"The Mausoleum","floor":22,"gold_loss":0}],"is_beta":false,"boss_relics":[{"not_picked":["Eternal Feather","Fusion Hammer"],"picked":"Cursed Key"}],"items_purged_floors":[21],"is_endless":false,"potions_floor_spawned":[1,4,8,11,13,20],"killed_by":"Book of Stabbing","ascension_level":7}