{"gold_per_floor":[210,135,146,156,156,156,206,206,206,231,246,279,279,313,313,391,391,411,411,46,57,57,57,84,84,84,84,115,135,135,145,145,220,220,239,239],"floor_reached":36,"playtime":1156,"items_purged":["Strike_B"],"score":836,"play_id":"4a3c85c7-6a34-4b99-9d13-f4a341f6be19","local_time":"20190620221321","is_ascension_mode":true,"campfire_choices":[{"data":"Sweeping Beam","floor":6,"key":"SMITH"},{"data":"Glacier","floor":8,"key":"SMITH"},{"data":"Defragment","floor":15,"key":"SMITH"},{"data":"Darkness","floor":23,"key":"SMITH"},{"floor":27,"key":"REST"},{"data":"Coolheaded","floor":30,"key":"SMITH"},{"floor":32,"key":"REST"}],"neow_cost":"NONE","seed_source_timestamp":5909078788526,"circlet_count":0,"master_deck":["AscendersBane","Strike_B","Strike_B","Defend_B","Defend_B","Defend_B","Defend_B","Zap+1","Dualcast","Sweeping Beam+1","Self Repair","Glacier+1","Genetic Algorithm","Auto Shields","Defragment+1","Defragment+1","Electrodynamics+1","Darkness+1","Necronomicurse","Capacitor+1","Defragment+1","Tempest","Coolheaded+1","Hologram","Multi-Cast"],"relics":["Cracked Core","Blue Candle","Pen Nib","Boot","Gremlin Horn","Frozen Egg 2","Nuclear Battery","Necronomicon","OrangePellets","Du-Vu Doll","Mercury Hourglass","WingedGreaves","Runic Pyramid"],"potions_floor_usage":[10,16,16,28,29],"damage_taken":[{"damage":10,"enemies":"Small Slimes","floor":1,"turns":3},{"damage":2,"enemies":"2 Louse","floor":3,"turns":3},{"damage":1,"enemies":"Cultist","floor":4,"turns":4},{"damage":43,"enemies":"Gremlin Nob","floor":10,"turns":5},{"damage":3,"enemies":"Blue Slaver","floor":11,"turns":4},{"damage":19,"enemies":"Lagavulin","floor":12,"turns":12},{"damage":1,"enemies":"3 Sentries","floor":14,"turns":10},{"damage":17,"enemies":"Slime Boss","floor":16,"turns":15},{"damage":0,"enemies":"Spheric Guardian","floor":18,"turns":5},{"damage":0,"enemies":"Shell Parasite","floor":21,"turns":6},{"damage":25,"enemies":"Slavers","floor":24,"turns":4},{"damage":26,"enemies":"Book of Stabbing","floor":28,"turns":5},{"damage":0,"enemies":"Snake Plant","floor":29,"turns":3},{"damage":2,"enemies":"Chosen and Byrds","floor":31,"turns":4},{"damage":15,"enemies":"Automaton","floor":33,"turns":12},{"damage":49,"enemies":"3 Darklings","floor":35,"turns":5},{"damage":22,"enemies":"Orb Walker","floor":36,"turns":2}],"seed_played":"-8646017085264802980","potions_obtained":[{"floor":3,"key":"PowerPotion"},{"floor":10,"key":"Dexterity Potion"},{"floor":11,"key":"SneckoOil"},{"floor":18,"key":"FearPotion"},{"floor":24,"key":"LiquidBronze"},{"floor":28,"key":"Fire Potion"}],"is_trial":false,"path_per_floor":["M","?","M","M","?","R","?","R","T","E","M","E","?","E","R","B",null,"M","?","$","M","?","R","E","?","T","R","E","M","R","M","R","B",null,"M","M"],"character_chosen":"DEFECT","items_purchased":["Capacitor+1","OrangePellets"],"campfire_rested":2,"item_purchase_floors":[20,20],"current_hp_per_floor":[54,54,52,58,58,58,58,58,58,22,26,14,14,20,20,3,54,61,40,40,47,47,47,29,29,29,50,31,31,31,29,50,42,64,22,0],"gold":239,"neow_bonus":"HUNDRED_GOLD","is_prod":false,"is_daily":false,"chose_seed":false,"campfire_upgraded":5,"win_rate":0,"timestamp":1561061601,"path_taken":["M","?","M","M","?","R","?","R","T","E","?","E","?","E","R","BOSS","M","?","$","M","?","R","E","?","T","R","E","M","R","M","R","BOSS","M","M"],"build_version":"2019-06-19","purchased_purges":1,"victory":false,"max_hp_per_floor":[71,71,71,71,71,71,71,71,71,71,71,71,71,71,71,71,71,71,71,71,71,71,71,71,71,71,71,71,71,71,71,71,71,71,71,71],"card_choices":[{"not_picked":["Hologram","Lockon"],"picked":"Sweeping Beam","floor":1},{"not_picked":["Beam Cell","Hologram"],"picked":"Self Repair","floor":3},{"not_picked":["Cold Snap","Melter"],"picked":"Glacier","floor":4},{"not_picked":["Creative AI","Auto Shields"],"picked":"Genetic Algorithm","floor":10},{"not_picked":["Streamline","Turbo"],"picked":"Auto Shields","floor":11},{"not_picked":["Static Discharge","Creative AI"],"picked":"Defragment","floor":12},{"not_picked":["Ball Lightning","Beam Cell"],"picked":"Defragment","floor":14},{"not_picked":["Machine Learning+1","Rainbow"],"picked":"Electrodynamics+1","floor":16},{"not_picked":["Stack","Force Field+1","Darkness"],"picked":"SKIP","floor":18},{"not_picked":["Stack","Force Field+1"],"picked":"Darkness","floor":18},{"not_picked":["Sweeping Beam","Leap+1"],"picked":"Defragment+1","floor":21},{"not_picked":["Darkness","Turbo","Ball Lightning+1"],"picked":"SKIP","floor":24},{"not_picked":["Go for the Eyes","Scrape"],"picked":"Tempest","floor":28},{"not_picked":["Sweeping Beam","Turbo"],"picked":"Coolheaded","floor":29},{"not_picked":["BootSequence","Reboot"],"picked":"Hologram","floor":31},{"not_picked":["Buffer+1","Electrodynamics+1"],"picked":"Multi-Cast","floor":33},{"not_picked":["Doom and Gloom+1","Beam Cell","Leap"],"picked":"SKIP","floor":35}],"player_experience":1748581,"relics_obtained":[{"floor":9,"key":"Blue Candle"},{"floor":10,"key":"Pen Nib"},{"floor":12,"key":"Boot"},{"floor":14,"key":"Frozen Egg 2"},{"floor":19,"key":"Necronomicon"},{"floor":24,"key":"Du-Vu Doll"},{"floor":26,"key":"Mercury Hourglass"},{"floor":28,"key":"WingedGreaves"}],"event_choices":[{"cards_removed":["Strike_B"],"damage_healed":0,"gold_gain":0,"player_choice":"Card Removal","damage_taken":0,"max_hp_gain":0,"max_hp_loss":0,"event_name":"The Cleric","floor":2,"gold_loss":75},{"damage_healed":0,"gold_gain":0,"player_choice":"Grow","damage_taken":0,"max_hp_gain":0,"max_hp_loss":0,"event_name":"Living Wall","floor":5,"gold_loss":0,"cards_upgraded":["Zap"]},{"damage_healed":0,"gold_gain":50,"player_choice":"Pray","damage_taken":0,"max_hp_gain":0,"max_hp_loss":0,"event_name":"Golden Shrine","floor":7,"gold_loss":0},{"damage_healed":0,"gold_gain":0,"player_choice":"Searched \u00271\u0027 times","damage_taken":0,"relics_obtained":["Gremlin Horn"],"max_hp_gain":0,"max_hp_loss":0,"event_name":"Dead Adventurer","floor":13,"gold_loss":0},{"damage_healed":0,"gold_gain":0,"player_choice":"Obtained Book","damage_taken":21,"max_hp_gain":0,"max_hp_loss":0,"event_name":"Cursed Tome","floor":19,"gold_loss":0},{"damage_healed":0,"gold_gain":0,"player_choice":"Ignored","damage_taken":0,"max_hp_gain":0,"max_hp_loss":0,"event_name":"The Mausoleum","floor":22,"gold_loss":0},{"damage_healed":0,"gold_gain":0,"player_choice":"Ignored","damage_taken":0,"max_hp_gain":0,"max_hp_loss":0,"event_name":"Vampires","floor":25,"gold_loss":0}],"is_beta":true,"boss_relics":[{"not_picked":["Runic Dome","Lizard Tail"],"picked":"Nuclear Battery"},{"not_picked":["Snecko Eye","Philosopher\u0027s Stone"],"picked":"Runic Pyramid"}],"items_purged_floors":[20],"is_endless":false,"potions_floor_spawned":[3,10,11,12,18,24,28],"killed_by":"Orb Walker","ascension_level":20}