{"gold_per_floor":[119,294,311,236,253,253,281,281,281,281,281,281,281,307,307,307],"floor_reached":16,"playtime":933,"items_purged":["Doubt"],"score":122,"play_id":"7401d482-0eca-43c5-ad58-f5924816a684","local_time":"20190801163826","is_ascension_mode":true,"campfire_choices":[{"data":"Neutralize","floor":6,"key":"SMITH"},{"data":"Well Laid Plans","floor":8,"key":"SMITH"},{"data":"Blur","floor":11,"key":"SMITH"},{"data":"Malaise","floor":15,"key":"SMITH"}],"neow_cost":"NONE","seed_source_timestamp":218841667177100,"circlet_count":0,"master_deck":["Strike_G","Strike_G","Strike_G","Strike_G","Defend_G","Defend_G","Defend_G","Defend_G","Defend_G","Survivor","Neutralize+1","Die Die Die","Blur+1","Well Laid Plans+1","Finisher","Dagger Spray+1","Malaise+1"],"relics":["Ring of the Snake","Dodecahedron","Juzu Bracelet","Pantograph","Dream Catcher"],"potions_floor_usage":[16],"damage_taken":[{"damage":0,"enemies":"Jaw Worm","floor":1,"turns":4},{"damage":4,"enemies":"2 Louse","floor":3,"turns":3},{"damage":0,"enemies":"Small Slimes","floor":5,"turns":3},{"damage":12,"enemies":"3 Sentries","floor":7,"turns":8},{"damage":20,"enemies":"Gremlin Nob","floor":14,"turns":5},{"damage":54,"enemies":"Hexaghost","floor":16,"turns":21}],"seed_played":"7456560832856715103","potions_obtained":[{"floor":1,"key":"PowerPotion"},{"floor":5,"key":"SkillPotion"},{"floor":7,"key":"Dexterity Potion"}],"is_trial":false,"path_per_floor":["M","?","M","$","M","R","E","R","T","?","R","?","?","E","R","B"],"character_chosen":"THE_SILENT","items_purchased":[],"campfire_rested":0,"item_purchase_floors":[],"current_hp_per_floor":[70,70,66,66,66,66,54,54,54,51,51,51,44,24,24,0],"gold":307,"neow_bonus":"ONE_RANDOM_RARE_CARD","is_prod":false,"is_daily":false,"chose_seed":false,"campfire_upgraded":4,"win_rate":0,"timestamp":1564691906,"path_taken":["M","?","M","$","M","R","E","R","T","?","R","?","?","E","R","BOSS"],"build_version":"2019-07-18","purchased_purges":1,"victory":false,"max_hp_per_floor":[70,70,70,70,70,70,70,70,70,70,70,70,70,70,70,70],"card_choices":[{"not_picked":["Bane","Infinite Blades"],"picked":"Blur","floor":1},{"not_picked":["Dodge and Roll","Backflip"],"picked":"Well Laid Plans","floor":3},{"not_picked":["Poisoned Stab","Concentrate"],"picked":"Finisher","floor":5},{"not_picked":["PiercingWail","Underhanded Strike"],"picked":"Dagger Spray","floor":7},{"not_picked":["Bane","Sucker Punch"],"picked":"Malaise","floor":14}],"player_experience":271720,"relics_obtained":[{"floor":7,"key":"Dodecahedron"},{"floor":9,"key":"Juzu Bracelet"},{"floor":14,"key":"Dream Catcher"}],"event_choices":[{"damage_healed":0,"gold_gain":175,"player_choice":"AGREE","damage_taken":0,"max_hp_gain":0,"max_hp_loss":0,"event_name":"Liars Game","floor":2,"gold_loss":0,"cards_obtained":["Doubt"]},{"damage_healed":0,"gold_gain":0,"player_choice":"Success","damage_taken":3,"relics_obtained":["Pantograph"],"max_hp_gain":0,"max_hp_loss":0,"event_name":"Scrap Ooze","floor":10,"gold_loss":0},{"damage_healed":0,"gold_gain":0,"player_choice":"Grow","damage_taken":0,"max_hp_gain":0,"max_hp_loss":0,"event_name":"Living Wall","floor":12,"gold_loss":0,"cards_upgraded":["Dagger Spray"]},{"cards_removed":["Strike_G"],"damage_healed":0,"gold_gain":0,"player_choice":"Card Removal","damage_taken":7,"max_hp_gain":0,"max_hp_loss":0,"event_name":"Golden Wing","floor":13,"gold_loss":0}],"is_beta":true,"boss_relics":[],"items_purged_floors":[4],"is_endless":false,"potions_floor_spawned":[1,5,7],"killed_by":"Hexaghost","ascension_level":3}