{"gold_per_floor":[119,119,19,32,107,107,107,124,124,124,142,152,169,180,180,275,275,293,293,304,319,319,319,244,244,244,44,44,44,59,59,59,164,214,226,243,243,74,85,85,21,32,32,60,60,80,80,80,80,80],"floor_reached":50,"playtime":7652,"items_purged":["Strike_B","Strike_B+1"],"score":487,"play_id":"8405cb0b-1fce-41fd-9920-c4191d88e2c1","local_time":"20190806143437","is_ascension_mode":true,"campfire_choices":[{"data":"Dualcast","floor":6,"key":"SMITH"},{"data":"Conserve Battery","floor":10,"key":"SMITH"},{"floor":15,"key":"REST"},{"data":"Coolheaded","floor":23,"key":"SMITH"},{"data":"Machine Learning","floor":25,"key":"SMITH"},{"data":"Go for the Eyes","floor":28,"key":"SMITH"},{"floor":32,"key":"REST"},{"data":"Glacier","floor":40,"key":"SMITH"},{"floor":45,"key":"RECALL"},{"floor":47,"key":"REST"},{"data":"J.A.X.","floor":49,"key":"SMITH"}],"neow_cost":"NONE","seed_source_timestamp":116733959528200,"circlet_count":0,"master_deck":["Strike_B+1","Defend_B+1","Defend_B+1","Defend_B+1","Zap+1","Dualcast+1","Conserve Battery+1","Coolheaded","Steam+1","Go for the Eyes+1","Gash","Coolheaded+1","Glacier+1","Gash","Machine Learning+1","Skim","J.A.X.+1","Skim+1","Coolheaded+1","Echo Form+1","Gash","Echo Form+1","Stack+1","FTL","Capacitor+1","Rebound+1","Hologram+1"],"relics":["Cracked Core","NeowsBlessing","Philosopher\u0027s Stone","Frozen Egg 2","Tiny House","Vajra","Molten Egg 2","Blood Vial"],"potions_floor_usage":[21,33,33,42,48,50],"damage_taken":[{"damage":0,"enemies":"Small Slimes","floor":1,"turns":1},{"damage":0,"enemies":"Cultist","floor":4,"turns":1},{"damage":0,"enemies":"2 Louse","floor":8,"turns":1},{"damage":0,"enemies":"Looter","floor":11,"turns":3},{"damage":32,"enemies":"Gremlin Gang","floor":12,"turns":4},{"damage":5,"enemies":"Exordium Thugs","floor":13,"turns":4},{"damage":0,"enemies":"Large Slime","floor":14,"turns":7},{"damage":2,"enemies":"The Guardian","floor":16,"turns":15},{"damage":1,"enemies":"Spheric Guardian","floor":18,"turns":6},{"damage":3,"enemies":"Shell Parasite","floor":20,"turns":6},{"damage":30,"enemies":"Cultist and Chosen","floor":21,"turns":10},{"damage":16,"enemies":"Centurion and Healer","floor":30,"turns":5},{"damage":14,"enemies":"Automaton","floor":33,"turns":9},{"damage":12,"enemies":"3 Darklings","floor":35,"turns":6},{"damage":3,"enemies":"Orb Walker","floor":36,"turns":4},{"damage":11,"enemies":"Spire Growth","floor":39,"turns":7},{"damage":3,"enemies":"Writhing Mass","floor":42,"turns":11},{"damage":9,"enemies":"Nemesis","floor":44,"turns":7},{"damage":6,"enemies":"Maw","floor":46,"turns":7},{"damage":0,"enemies":"Sphere and 2 Shapes","floor":48,"turns":3},{"damage":75,"enemies":"Time Eater","floor":50,"turns":16}],"seed_played":"-1304715846953761315","potions_obtained":[{"floor":1,"key":"EssenceOfSteel"},{"floor":12,"key":"LiquidBronze"},{"floor":14,"key":"SmokeBomb"},{"floor":30,"key":"SkillPotion"},{"floor":33,"key":"FearPotion"},{"floor":34,"key":"Weak Potion"},{"floor":44,"key":"AttackPotion"},{"floor":46,"key":"Regen Potion"}],"is_trial":false,"path_per_floor":["M","?","$","M","?","R","?","M","T","R","M","M","M","M","R","B",null,"M","?","M","M","?","R","?","R","T","$","R","?","M","$","R","B",null,"M","M","?","$","M","R","?","M","T","E","R","M","R","M","R","B"],"character_chosen":"DEFECT","items_purchased":["Coolheaded","Echo Form+1","Gash","Capacitor+1"],"campfire_rested":3,"item_purchase_floors":[3,27,27,38],"current_hp_per_floor":[75,75,75,75,64,64,64,64,64,64,64,32,27,27,49,47,75,74,74,71,41,41,41,41,41,41,41,41,41,25,25,47,33,80,68,65,65,65,54,54,54,51,51,42,42,38,62,64,64,0],"gold":80,"neow_bonus":"THREE_ENEMY_KILL","is_prod":false,"is_daily":false,"chose_seed":false,"campfire_upgraded":7,"win_rate":0,"timestamp":1565069677,"path_taken":["M","?","$","?","?","R","?","?","T","R","M","M","M","M","R","BOSS","M","?","M","M","?","R","?","R","T","$","R","?","M","$","R","BOSS","M","M","?","$","M","R","?","?","T","E","R","M","R","M","R","BOSS"],"build_version":"2019-07-17","purchased_purges":2,"victory":false,"max_hp_per_floor":[75,75,75,75,75,75,75,75,75,75,75,75,75,75,75,75,75,75,75,75,75,75,75,75,75,75,75,75,75,75,75,75,75,80,80,80,80,80,80,80,80,80,80,80,80,80,80,80,80,80],"card_choices":[{"not_picked":["Reinforced Body","Recycle"],"picked":"Conserve Battery","floor":1},{"not_picked":["Rebound","Streamline"],"picked":"Steam","floor":4},{"not_picked":["Barrage","Leap"],"picked":"Go for the Eyes","floor":8},{"not_picked":["Rebound","Beam Cell"],"picked":"Gash","floor":11},{"not_picked":["Hologram","Go for the Eyes"],"picked":"Coolheaded","floor":12},{"not_picked":["Redo","Double Energy"],"picked":"Glacier","floor":13},{"not_picked":["Tempest","Core Surge"],"picked":"Gash","floor":14},{"not_picked":["Buffer","Multi-Cast"],"picked":"Machine Learning","floor":16},{"not_picked":["Steam","Gash"],"picked":"Skim","floor":18},{"not_picked":["Hello World","Redo"],"picked":"Skim+1","floor":20},{"not_picked":["Heatsinks","Steam"],"picked":"Coolheaded+1","floor":21},{"not_picked":["Redo","Steam","Aggregate"],"picked":"SKIP","floor":30},{"not_picked":["Core Surge","Biased Cognition+1"],"picked":"Echo Form+1","floor":33},{"not_picked":["Force Field","Fusion+1"],"picked":"Stack+1","floor":34},{"not_picked":["Steam Power","Compile Driver","Redo"],"picked":"SKIP","floor":35},{"not_picked":["Doom and Gloom","Streamline"],"picked":"FTL","floor":36},{"not_picked":["Recycle+1","Compile Driver"],"picked":"Rebound+1","floor":39},{"not_picked":["Steam+1","Gash"],"picked":"Hologram+1","floor":42},{"not_picked":["Coolheaded+1","Leap+1","Genetic Algorithm"],"picked":"SKIP","floor":44},{"not_picked":["Barrage+1","Sweeping Beam+1","Static Discharge+1"],"picked":"SKIP","floor":46}],"player_experience":185246,"relics_obtained":[{"floor":26,"key":"Frozen Egg 2"},{"floor":43,"key":"Molten Egg 2"},{"floor":44,"key":"Blood Vial"}],"event_choices":[{"damage_healed":0,"gold_gain":0,"player_choice":"Forge","damage_taken":0,"max_hp_gain":0,"max_hp_loss":0,"event_name":"Accursed Blacksmith","floor":2,"gold_loss":0,"cards_upgraded":["Zap"]},{"damage_healed":0,"gold_gain":75,"player_choice":"Gather Gold","damage_taken":11,"max_hp_gain":0,"max_hp_loss":0,"event_name":"World of Goop","floor":5,"gold_loss":0},{"cards_removed":["Defend_B"],"damage_healed":0,"gold_gain":0,"player_choice":"Offered Basic","damage_taken":0,"max_hp_gain":0,"max_hp_loss":0,"event_name":"Bonfire Elementals","floor":7,"gold_loss":0},{"damage_healed":0,"gold_gain":0,"player_choice":"Obtain J.A.X.","damage_taken":0,"max_hp_gain":0,"max_hp_loss":0,"event_name":"Drug Dealer","floor":19,"gold_loss":0,"cards_obtained":["J.A.X."]},{"damage_healed":0,"gold_gain":0,"player_choice":"Simplicity","damage_taken":0,"max_hp_gain":0,"max_hp_loss":0,"event_name":"Back to Basics","floor":22,"gold_loss":0,"cards_upgraded":["Strike_B","Strike_B","Strike_B","Defend_B","Defend_B","Defend_B"]},{"cards_removed":["Strike_B"],"damage_healed":0,"gold_gain":0,"player_choice":"Gave Gold","damage_taken":0,"max_hp_gain":0,"max_hp_loss":0,"event_name":"Beggar","floor":24,"gold_loss":75},{"damage_healed":0,"gold_gain":0,"player_choice":"Ignored","damage_taken":0,"max_hp_gain":0,"max_hp_loss":0,"event_name":"NoteForYourself","floor":29,"gold_loss":0},{"damage_healed":0,"gold_gain":0,"player_choice":"Ignored","damage_taken":0,"max_hp_gain":0,"max_hp_loss":0,"event_name":"Tomb of Lord Red Mask","floor":37,"gold_loss":0},{"damage_healed":0,"gold_gain":0,"player_choice":"Paid Gold","damage_taken":0,"relics_obtained":["Vajra"],"max_hp_gain":0,"max_hp_loss":0,"event_name":"WeMeetAgain","floor":41,"gold_loss":64}],"is_beta":false,"boss_relics":[{"not_picked":["Runic Dome","Velvet Choker"],"picked":"Philosopher\u0027s Stone"},{"not_picked":["Pandora\u0027s Box","Snecko Eye"],"picked":"Tiny House"}],"items_purged_floors":[3,38],"is_endless":false,"potions_floor_spawned":[1,12,14,16,30,33,35,44,46],"killed_by":"Time Eater","ascension_level":1}