{"gold_per_floor":[112,37,37,53,73,106,106,139,139,39,39,39,68,81,81,152,152,167,167,178,178,158,192,192,4,4,20,53,53,53,84,84,161,161,171,171,46,46,64,64,64,93,170,195,8,58,58,85,85,85,85],"floor_reached":51,"playtime":4952,"items_purged":["Shame","Pain","Shame"],"score":1631,"play_id":"67f8aab8-7600-4f5f-a826-03f7962e1c3a","local_time":"20190805233243","is_ascension_mode":true,"campfire_choices":[{"data":"Uppercut","floor":7.0,"key":"SMITH"},{"floor":11.0,"key":"REST"},{"data":"Immolate","floor":15.0,"key":"SMITH"},{"data":"Offering","floor":24.0,"key":"SMITH"},{"floor":29.0,"key":"REST"},{"data":"Pommel Strike","floor":32.0,"key":"SMITH"},{"floor":40.0,"key":"REST"},{"floor":49.0,"key":"REST"}],"neow_cost":"CURSE","seed_source_timestamp":332035243101200,"circlet_count":0,"master_deck":["AscendersBane","Strike_R","Strike_R+1","Defend_R","Defend_R","Defend_R","Bash","Uppercut+1","Twin Strike+1","Perfected Strike","Feel No Pain+1","Uppercut","Shrug It Off","Iron Wave","Immolate+1","Offering+1","Pummel","Spot Weakness","Pommel Strike+1","Spot Weakness","Metallicize+1","Battle Trance","Feel No Pain+1","Combust+1","Shame","Dual Wield","Demon Form+1","Burning Pact+1","Iron Wave","Flame Barrier","Shockwave","Injury","Disarm","Feel No Pain+1","Corruption+1","Intimidate","True Grit","Doubt","Battle Trance"],"special_seed":0,"relics":["Burning Blood","StoneCalendar","Frozen Egg 2","Bottled Flame","Blood Vial","Ornamental Fan","WarpedTongs","Pen Nib","Cursed Key","PreservedInsect","Lantern","Paper Frog","Incense Burner","Runic Dome","The Courier","Blue Candle","Unceasing Top","Charon\u0027s Ashes","Whetstone","Potion Belt"],"potions_floor_usage":[],"damage_taken":[{"damage":2.0,"enemies":"2 Louse","floor":1.0,"turns":3.0},{"damage":7.0,"enemies":"Cultist","floor":4.0,"turns":4.0},{"damage":4.0,"enemies":"Small Slimes","floor":5.0,"turns":4.0},{"damage":40.0,"enemies":"3 Sentries","floor":6.0,"turns":7.0},{"damage":42.0,"enemies":"Lagavulin","floor":8.0,"turns":6.0},{"damage":20.0,"enemies":"3 Sentries","floor":13.0,"turns":7.0},{"damage":10.0,"enemies":"3 Louse","floor":14.0,"turns":5.0},{"damage":19.0,"enemies":"Hexaghost","floor":16.0,"turns":7.0},{"damage":5.0,"enemies":"Shell Parasite","floor":18.0,"turns":3.0},{"damage":6.0,"enemies":"3 Byrds","floor":20.0,"turns":1.0},{"damage":8.0,"enemies":"Gremlin Leader","floor":23.0,"turns":4.0},{"damage":15.0,"enemies":"Sentry and Sphere","floor":27.0,"turns":6.0},{"damage":15.0,"enemies":"Slavers","floor":28.0,"turns":3.0},{"damage":0.0,"enemies":"Gremlin Leader","floor":31.0,"turns":1.0},{"damage":21.0,"enemies":"Automaton","floor":33.0,"turns":8.0},{"damage":30.0,"enemies":"3 Shapes","floor":35.0,"turns":5.0},{"damage":25.0,"enemies":"3 Darklings","floor":39.0,"turns":3.0},{"damage":20.0,"enemies":"Nemesis","floor":42.0,"turns":5.0},{"damage":29.0,"enemies":"Giant Head","floor":44.0,"turns":6.0},{"damage":21.0,"enemies":"2 Orb Walkers","floor":46.0,"turns":3.0},{"damage":25.0,"enemies":"Reptomancer","floor":48.0,"turns":6.0},{"damage":28.0,"enemies":"Donu and Deca","floor":50.0,"turns":6.0},{"damage":26,"enemies":"Awakened One","floor":51,"turns":4}],"seed_played":"7913974117733909141","potions_obtained":[{"floor":6.0,"key":"BloodPotion"},{"floor":8.0,"key":"Block Potion"},{"floor":14.0,"key":"Energy Potion"},{"floor":16.0,"key":"SteroidPotion"},{"floor":20.0,"key":"Energy Potion"},{"floor":28.0,"key":"Weak Potion"},{"floor":31.0,"key":"Poison Potion"},{"floor":42.0,"key":"FairyPotion"},{"floor":44.0,"key":"SteroidPotion"}],"is_trial":false,"path_per_floor":["M","$","?","M","M","E","R","E","T","$","R","?","E","M","R","B",null,"M","?","M","?","?","E","R","$","T","M","E","R","?","E","R","B",null,"M","?","$","?","M","R","$","E","T","E","$","?","T","E","R","B","B"],"character_chosen":"IRONCLAD","items_purchased":["Uppercut","Shrug It Off","Battle Trance","Feel No Pain+1","Corruption+1","Intimidate"],"campfire_rested":4,"item_purchase_floors":[10,10,25,45,45,45],"current_hp_per_floor":[72,72,72,71,73,39,39,21,21,21,43,43,31,29,29,18,61,64,43,45,45,45,45,45,45,45,38,31,55,55,63,63,50,73,51,51,51,51,34,58,58,46,46,25,25,12,12,13,37,17,0],"gold":85,"neow_bonus":"ONE_RARE_RELIC","is_prod":false,"is_daily":false,"chose_seed":false,"campfire_upgraded":4,"win_rate":0,"timestamp":1565073163,"path_taken":["M","$","?","?","M","E","R","E","T","$","R","?","E","?","R","BOSS","M","?","M","?","?","E","R","$","T","?","E","R","?","E","R","BOSS","M","?","$","?","?","R","$","E","T","E","$","?","?","E","R","BOSS","BOSS"],"build_version":"2019-07-17","purchased_purges":3,"victory":false,"max_hp_per_floor":[75,75,75,75,75,75,75,75,75,75,75,75,75,75,75,75,75,75,80,80,80,80,80,80,80,80,80,80,80,80,80,80,80,80,80,80,80,80,80,80,80,80,80,80,80,80,80,80,80,80,80],"card_choices":[{"not_picked":["Seeing Red","Thunderclap"],"picked":"Carnage","floor":1.0},{"not_picked":["Heavy Blade","Flex"],"picked":"Uppercut","floor":4.0},{"not_picked":["Pummel","Sword Boomerang"],"picked":"Twin Strike","floor":5.0},{"not_picked":["Entrench","Twin Strike"],"picked":"Perfected Strike","floor":6.0},{"not_picked":["Disarm","Shrug It Off"],"picked":"Feel No Pain+1","floor":8.0},{"not_picked":["Cleave","Body Slam"],"picked":"Iron Wave","floor":13.0},{"not_picked":["Sword Boomerang","Body Slam"],"picked":"Immolate","floor":14.0},{"not_picked":["Dark Embrace+1","Berserk+1"],"picked":"Offering","floor":16.0},{"not_picked":["Thunderclap","Fire Breathing+1"],"picked":"Pummel","floor":18.0},{"not_picked":["Heavy Blade+1","Pommel Strike"],"picked":"Spot Weakness","floor":20.0},{"not_picked":["Seeing Red","Blood for Blood"],"picked":"Metallicize+1","floor":23.0},{"not_picked":["Iron Wave","Armaments"],"picked":"Feel No Pain+1","floor":27.0},{"not_picked":["Bloodletting","Infernal Blade"],"picked":"Combust+1","floor":28.0},{"not_picked":["Heavy Blade","Brutality+1"],"picked":"Dual Wield","floor":31.0},{"not_picked":["Feed","Barricade+1"],"picked":"Demon Form+1","floor":33.0},{"not_picked":["Clothesline","Thunderclap"],"picked":"Burning Pact+1","floor":35.0},{"not_picked":["Headbutt+1","Clothesline"],"picked":"Flame Barrier","floor":39.0},{"not_picked":["Wild Strike","Pommel Strike"],"picked":"Shockwave","floor":42.0},{"not_picked":["Second Wind","Body Slam+1"],"picked":"Disarm","floor":44.0},{"not_picked":["Rage","Whirlwind"],"picked":"True Grit","floor":46.0},{"not_picked":["Pummel+1","Sever Soul+1"],"picked":"Battle Trance","floor":48.0}],"player_experience":1275057,"relics_obtained":[{"floor":6.0,"key":"Bottled Flame"},{"floor":8.0,"key":"Blood Vial"},{"floor":9.0,"key":"Ornamental Fan"},{"floor":13.0,"key":"Pen Nib"},{"floor":23.0,"key":"PreservedInsect"},{"floor":28.0,"key":"Lantern"},{"floor":31.0,"key":"Incense Burner"},{"floor":42.0,"key":"The Courier"},{"floor":43.0,"key":"Blue Candle"},{"floor":44.0,"key":"Unceasing Top"},{"floor":46.0,"key":"Charon\u0027s Ashes"},{"floor":47.0,"key":"Whetstone"},{"floor":48.0,"key":"Potion Belt"}],"event_choices":[{"cards_removed":["Carnage"],"damage_healed":0.0,"max_hp_gain":0.0,"max_hp_loss":0.0,"gold_gain":0.0,"event_name":"WeMeetAgain","player_choice":"Gave Card","floor":3.0,"gold_loss":0.0,"damage_taken":0.0,"relics_obtained":["Frozen Egg 2"]},{"damage_healed":0.0,"max_hp_gain":0.0,"max_hp_loss":0.0,"gold_gain":0.0,"event_name":"Accursed Blacksmith","player_choice":"Rummage","floor":12.0,"gold_loss":0.0,"damage_taken":0.0,"relics_obtained":["WarpedTongs"],"cards_obtained":["Pain"]},{"damage_healed":0.0,"max_hp_gain":5.0,"max_hp_loss":0.0,"gold_gain":0.0,"event_name":"Forgotten Altar","player_choice":"Shed Blood","floor":19.0,"gold_loss":0.0,"damage_taken":26.0},{"damage_healed":0.0,"max_hp_gain":0.0,"max_hp_loss":0.0,"gold_gain":0.0,"cards_transformed":["Strike_R","Strike_R"],"event_name":"Drug Dealer","player_choice":"Became Test Subject","floor":21.0,"gold_loss":0.0,"damage_taken":0.0,"cards_obtained":["Pommel Strike","Spot Weakness"]},{"damage_healed":0.0,"max_hp_gain":0.0,"max_hp_loss":0.0,"gold_gain":0.0,"event_name":"The Woman in Blue","player_choice":"Bought 1 Potion","floor":22.0,"gold_loss":0.0,"damage_taken":0.0},{"damage_healed":0.0,"max_hp_gain":0.0,"max_hp_loss":0.0,"gold_gain":0.0,"event_name":"Addict","player_choice":"Stole Relic","floor":30.0,"gold_loss":0.0,"damage_taken":0.0,"relics_obtained":["Paper Frog"],"cards_obtained":["Shame"]},{"cards_removed":["Defend_R"],"damage_healed":0.0,"max_hp_gain":0.0,"max_hp_loss":0.0,"gold_gain":0.0,"event_name":"Falling","player_choice":"Removed Skill","floor":36.0,"gold_loss":0.0,"damage_taken":0.0},{"damage_healed":0.0,"max_hp_gain":0.0,"max_hp_loss":0.0,"gold_gain":0.0,"cards_transformed":["Strike_R"],"event_name":"Transmorgrifier","player_choice":"Transformed","floor":38.0,"gold_loss":0.0,"damage_taken":0.0,"cards_obtained":["Iron Wave"]},{"damage_healed":0.0,"max_hp_gain":0.0,"max_hp_loss":0.0,"gold_gain":0.0,"event_name":"Mysterious Sphere","player_choice":"Fight","floor":46.0,"gold_loss":0.0,"damage_taken":0.0}],"is_beta":false,"boss_relics":[{"not_picked":["Busted Crown","Eternal Feather"],"picked":"Cursed Key"},{"not_picked":["Calling Bell","Coffee Dripper"],"picked":"Runic Dome"}],"items_purged_floors":[2,25,37],"is_endless":false,"potions_floor_spawned":[6,8,14,16,20,27,28,31,42,44],"killed_by":"Awakened One","ascension_level":20}