{"gold_per_floor":[110,60,60,73,73,73,100,112,124,167,179,191,74,88,88,187,187,204,216,236,14,30,30,56,331,331,345,345,31,31,56,56,159,159,177,10,25,37,47,81,81,81,160,59,59,59,73,73,73,73],"floor_reached":51,"playtime":2518,"items_purged":["Strike_R","Defend_R","Strike_R"],"score":1220,"play_id":"44128749-e79c-46bf-93e5-88079a5244c2","local_time":"20190706225804","is_ascension_mode":true,"campfire_choices":[{"floor":6,"key":"REST"},{"data":"Bash","floor":8,"key":"SMITH"},{"data":"Spot Weakness","floor":11,"key":"SMITH"},{"data":"Uppercut","floor":15,"key":"SMITH"},{"data":"Limit Break","floor":23,"key":"SMITH"},{"floor":30,"key":"REST"},{"data":"Disarm","floor":32,"key":"SMITH"},{"floor":45,"key":"REST"},{"floor":49,"key":"REST"}],"neow_cost":"","seed_source_timestamp":2076735066199300,"circlet_count":0,"master_deck":["Strike_R+1","Defend_R","Defend_R","Defend_R","Bash+1","Cleave+1","Armaments+1","Anger","Rampage","Spot Weakness+1","Iron Wave","Uppercut+1","Limit Break+1","Shrug It Off+1","Disarm+1","Feed","Battle Trance+1","Exhume","Heavy Blade+1","Metallicize","Parasite"],"relics":["Burning Blood","Nunchaku","Membership Card","MawBank","The Courier","Thread and Needle","Bronze Scales","Philosopher\u0027s Stone","Centennial Puzzle","Blood Vial","Toy Ornithopter","Ancient Tea Set","Mercury Hourglass","Pear","Paper Frog","ClockworkSouvenir","Question Card","Fusion Hammer","HandDrill","Red Skull","Mummified Hand","Bottled Lightning","Anchor"],"potions_floor_usage":[16,16,24,31,50,50,50],"damage_taken":[{"damage":0,"enemies":"Small Slimes","floor":1,"turns":3},{"damage":2,"enemies":"Jaw Worm","floor":4,"turns":4},{"damage":12,"enemies":"Lagavulin","floor":7,"turns":7},{"damage":18,"enemies":"Gremlin Nob","floor":10,"turns":4},{"damage":0,"enemies":"2 Louse","floor":14,"turns":1},{"damage":20,"enemies":"Hexaghost","floor":16,"turns":6},{"damage":18,"enemies":"Spheric Guardian","floor":18,"turns":4},{"damage":3,"enemies":"2 Thieves","floor":19,"turns":3},{"damage":15,"enemies":"3 Cultists","floor":20,"turns":4},{"damage":15,"enemies":"Shelled Parasite and Fungi","floor":22,"turns":3},{"damage":19,"enemies":"Slavers","floor":24,"turns":4},{"damage":19,"enemies":"Centurion and Healer","floor":27,"turns":4},{"damage":15,"enemies":"Gremlin Leader","floor":31,"turns":4},{"damage":47,"enemies":"Champ","floor":33,"turns":8},{"damage":21,"enemies":"3 Shapes","floor":35,"turns":2},{"damage":13,"enemies":"3 Darklings","floor":37,"turns":3},{"damage":9,"enemies":"Writhing Mass","floor":38,"turns":4},{"damage":19,"enemies":"Spire Growth","floor":39,"turns":4},{"damage":27,"enemies":"Nemesis","floor":40,"turns":5},{"damage":5,"enemies":"Transient","floor":47,"turns":5},{"damage":36,"enemies":"Time Eater","floor":50,"turns":5}],"seed_played":"-3651165326035072365","potions_obtained":[{"floor":10,"key":"LiquidBronze"},{"floor":14,"key":"Poison Potion"},{"floor":16,"key":"FairyPotion"},{"floor":18,"key":"FearPotion"},{"floor":22,"key":"Fire Potion"},{"floor":27,"key":"EssenceOfSteel"},{"floor":37,"key":"Swift Potion"},{"floor":40,"key":"Dexterity Potion"}],"is_trial":false,"path_per_floor":["M","?","?","M","?","R","E","R","T","E","R","?","$","M","R","B",null,"M","M","M","$","M","R","E","?","T","M","?","$","R","E","R","B",null,"M","$","M","M","M","E","?","?","T","$","R","T","M","?","R","B",null],"character_chosen":"IRONCLAD","items_purchased":["Membership Card","Cleave","Armaments","Anger","Bronze Scales","Iron Wave","Centennial Puzzle","Blood Vial","Block Potion","Toy Ornithopter","Pear","Feed","Paper Frog","ClockworkSouvenir","Metallicize","HandDrill","Bottled Lightning"],"campfire_rested":4,"item_purchase_floors":[0,0,0,0,13,13,21,21,21,21,29,29,29,29,36,36,44],"current_hp_per_floor":[41,41,41,45,29,53,47,47,47,35,35,35,35,41,41,27,80,68,71,62,62,55,55,49,49,49,38,38,48,75,73,73,34,90,78,78,73,72,61,42,42,42,42,42,68,68,71,71,88,63],"gold":73,"neow_bonus":"","is_prod":false,"is_daily":false,"chose_seed":false,"campfire_upgraded":5,"win_rate":0,"timestamp":1562471884,"path_taken":["M","?","?","M","?","R","E","R","T","E","R","?","$","M","R","BOSS","M","?","M","$","M","R","E","?","T","?","?","$","R","E","R","BOSS","M","$","M","M","?","E","?","?","T","$","R","?","M","?","R","BOSS"],"build_version":"2019-07-05","purchased_purges":3,"victory":true,"max_hp_per_floor":[80,80,80,80,80,80,80,80,80,80,80,80,80,80,80,80,80,80,80,80,80,80,80,80,80,80,80,80,90,90,90,90,90,90,93,93,93,93,93,93,93,88,88,88,88,88,88,88,88,88],"card_choices":[{"not_picked":["Corruption","Entrench"],"picked":"Rampage","floor":1},{"not_picked":["Pummel","Cleave","Iron Wave"],"picked":"SKIP","floor":4},{"not_picked":["Wild Strike","Flex","Rage"],"picked":"SKIP","floor":7},{"not_picked":["Sword Boomerang","Perfected Strike"],"picked":"Spot Weakness","floor":10},{"not_picked":["Thunderclap","Seeing Red"],"picked":"Uppercut","floor":14},{"not_picked":["Juggernaut","Demon Form"],"picked":"Limit Break","floor":16},{"not_picked":["Flex+1","Armaments"],"picked":"Shrug It Off+1","floor":18},{"not_picked":["Havoc","Reckless Charge","Spot Weakness+1"],"picked":"SKIP","floor":19},{"not_picked":["Seeing Red","True Grit","Sever Soul+1"],"picked":"SKIP","floor":20},{"not_picked":["Pommel Strike","True Grit","Pummel+1"],"picked":"SKIP","floor":22},{"not_picked":["Headbutt","Armaments"],"picked":"Disarm","floor":24},{"not_picked":["Whirlwind","Wild Strike","Second Wind+1"],"picked":"SKIP","floor":27},{"not_picked":["Evolve","Perfected Strike"],"picked":"Battle Trance","floor":31},{"not_picked":["Offering","Dark Embrace","Berserk"],"picked":"Exhume","floor":33},{"not_picked":["Feel No Pain","Combust+1","Anger+1"],"picked":"Heavy Blade+1","floor":35},{"not_picked":["Combust","Seeing Red+1","Heavy Blade+1","Ghostly Armor"],"picked":"SKIP","floor":37},{"not_picked":["Iron Wave","Bloodletting+1","Armaments","Infernal Blade"],"picked":"SKIP","floor":38},{"not_picked":["Headbutt","Clothesline","Warcry+1","Shrug It Off+1"],"picked":"SKIP","floor":39},{"not_picked":["Havoc","Clash","Exhume","Wild Strike"],"picked":"SKIP","floor":40},{"not_picked":["Infernal Blade","Thunderclap+1","Inflame","Power Through+1"],"picked":"SKIP","floor":47}],"player_experience":390108,"relics_obtained":[{"floor":7,"key":"MawBank"},{"floor":9,"key":"The Courier"},{"floor":10,"key":"Thread and Needle"},{"floor":24,"key":"Ancient Tea Set"},{"floor":26,"key":"Mercury Hourglass"},{"floor":31,"key":"Question Card"},{"floor":40,"key":"Red Skull"},{"floor":43,"key":"Mummified Hand"},{"floor":46,"key":"Anchor"}],"event_choices":[{"cards_removed":["Strike_R"],"damage_healed":0,"gold_gain":0,"player_choice":"Card Removal","damage_taken":0,"max_hp_gain":0,"max_hp_loss":0,"event_name":"The Cleric","floor":2,"gold_loss":50},{"damage_healed":0,"gold_gain":0,"player_choice":"Grow","damage_taken":0,"max_hp_gain":0,"max_hp_loss":0,"event_name":"Living Wall","floor":3,"gold_loss":0,"cards_upgraded":["Armaments"]},{"damage_healed":0,"gold_gain":0,"player_choice":"Entered Light","damage_taken":16,"max_hp_gain":0,"max_hp_loss":0,"event_name":"Shining Light","floor":5,"gold_loss":0,"cards_upgraded":["Strike_R","Cleave"]},{"cards_removed":["Strike_R"],"damage_healed":0,"gold_gain":0,"player_choice":"Offered Basic","damage_taken":0,"max_hp_gain":0,"max_hp_loss":0,"event_name":"Bonfire Elementals","floor":12,"gold_loss":0},{"damage_healed":0,"gold_gain":275,"player_choice":"Desecrate","damage_taken":0,"max_hp_gain":0,"max_hp_loss":0,"event_name":"Golden Shrine","floor":25,"gold_loss":0,"cards_obtained":["Regret"]},{"cards_removed":["Regret"],"damage_healed":0,"gold_gain":0,"player_choice":"Purged","damage_taken":0,"max_hp_gain":0,"max_hp_loss":0,"event_name":"Purifier","floor":28,"gold_loss":0},{"damage_healed":0,"gold_gain":0,"player_choice":"Ignored","damage_taken":0,"max_hp_gain":0,"max_hp_loss":0,"event_name":"Mysterious Sphere","floor":41,"gold_loss":0},{"damage_healed":0,"gold_gain":0,"player_choice":"Max HP","damage_taken":0,"max_hp_gain":0,"max_hp_loss":5,"event_name":"Winding Halls","floor":42,"gold_loss":0},{"damage_healed":0,"gold_gain":0,"player_choice":"Upgraded","damage_taken":0,"max_hp_gain":0,"max_hp_loss":0,"event_name":"Upgrade Shrine","floor":48,"gold_loss":0,"cards_upgraded":["Battle Trance"]}],"is_beta":false,"boss_relics":[{"not_picked":["Pandora\u0027s Box","Runic Dome"],"picked":"Philosopher\u0027s Stone"},{"not_picked":["Runic Cube","Empty Cage"],"picked":"Fusion Hammer"}],"items_purged_floors":[0,13,36],"is_endless":false,"potions_floor_spawned":[10,14,16,18,22,27,37,40],"ascension_level":4}