{"gold_per_floor":[215,233,233,248,4,38,38,38,61,97,17,48,48,64,64,159,159,179,162,162,186,21,21,54,54,81,116,131,131],"floor_reached":29,"playtime":2572,"items_purged":["Strike_R"],"score":562,"play_id":"f3efe18f-86b2-4308-94a1-9308bfec1572","local_time":"20190809171003","is_ascension_mode":true,"campfire_choices":[{"data":"Bash","floor":8.0,"key":"SMITH"},{"data":"Juggernaut","floor":13.0,"key":"SMITH"},{"data":"Carnage","floor":15.0,"key":"SMITH"},{"data":"Immolate","floor":23.0,"key":"SMITH"},{"data":"Feel No Pain","floor":25.0,"key":"SMITH"}],"neow_cost":"NONE","seed_source_timestamp":657336800798800,"circlet_count":0,"master_deck":["AscendersBane","Strike_R","Strike_R","Strike_R","Strike_R","Defend_R","Defend_R","Defend_R","Defend_R","Bash+1","Cleave","Anger","Juggernaut+1","Feel No Pain+1","Iron Wave","Metallicize","Carnage+1","Second Wind","Headbutt","Sentinel","Demon Form","Shrug It Off","Immolate+1","Havoc","Fiend Fire","Intimidate","Corruption","Disarm"],"special_seed":0,"relics":["Burning Blood","Golden Idol","Centennial Puzzle","Omamori","Bird Faced Urn","Darkstone Periapt","Philosopher\u0027s Stone","Pen Nib","Bag of Marbles","Bottled Flame"],"potions_floor_usage":[28],"damage_taken":[{"damage":7.0,"enemies":"Cultist","floor":1.0,"turns":4.0},{"damage":7.0,"enemies":"Small Slimes","floor":2.0,"turns":3.0},{"damage":7.0,"enemies":"Jaw Worm","floor":4.0,"turns":2.0},{"damage":22.0,"enemies":"3 Sentries","floor":6.0,"turns":7.0},{"damage":29.0,"enemies":"Lagavulin","floor":10.0,"turns":5.0},{"damage":7.0,"enemies":"3 Sentries","floor":12.0,"turns":7.0},{"damage":6.0,"enemies":"Looter","floor":14.0,"turns":3.0},{"damage":9.0,"enemies":"Hexaghost","floor":16.0,"turns":8.0},{"damage":10.0,"enemies":"3 Byrds","floor":18.0,"turns":3.0},{"damage":19.0,"enemies":"2 Thieves","floor":19.0,"turns":4.0},{"damage":14.0,"enemies":"Centurion and Healer","floor":21.0,"turns":5.0},{"damage":29.0,"enemies":"Gremlin Leader","floor":24.0,"turns":6.0},{"damage":45.0,"enemies":"Slavers","floor":27.0,"turns":5.0},{"damage":3,"enemies":"Cultist and Chosen","floor":28,"turns":3},{"damage":25,"enemies":"Shelled Parasite and Fungi","floor":29,"turns":1}],"seed_played":"8326017289521457606","potions_obtained":[{"floor":1.0,"key":"SteroidPotion"},{"floor":12.0,"key":"Block Potion"},{"floor":14.0,"key":"Fire Potion"},{"floor":21.0,"key":"SpeedPotion"},{"floor":27.0,"key":"AttackPotion"}],"is_trial":false,"path_per_floor":["M","M","?","M","$","E","?","R","T","E","$","E","R","M","R","B",null,"M","M","?","M","$","R","E","R","T","E","M","M"],"character_chosen":"IRONCLAD","items_purchased":["Feel No Pain","Iron Wave","Fire Potion","Second Wind","Fiend Fire"],"campfire_rested":0,"item_purchase_floors":[5,5,5,11,22],"current_hp_per_floor":[67,66,66,65,65,49,49,49,49,26,26,31,31,31,31,34,60,58,49,63,61,61,61,42,42,42,9,12,0],"gold":131,"neow_bonus":"HUNDRED_GOLD","is_prod":false,"is_daily":false,"chose_seed":false,"campfire_upgraded":5,"win_rate":0,"timestamp":1565395803,"path_taken":["M","M","?","M","$","E","?","R","T","E","$","E","R","?","R","BOSS","M","M","?","M","$","R","E","R","T","E","M","M"],"build_version":"2019-07-17","purchased_purges":1,"victory":false,"max_hp_per_floor":[75,75,68,68,68,68,68,68,68,68,68,68,68,68,68,68,68,68,68,68,68,68,68,68,68,68,68,68,68],"card_choices":[{"not_picked":["Ghostly Armor","Body Slam"],"picked":"Cleave","floor":1.0},{"not_picked":["Heavy Blade","Armaments"],"picked":"Anger","floor":2.0},{"not_picked":["Warcry","Thunderclap"],"picked":"Juggernaut","floor":4.0},{"not_picked":["Searing Blow","Cleave"],"picked":"Metallicize","floor":6.0},{"not_picked":["Clash","Feel No Pain"],"picked":"Carnage","floor":10.0},{"not_picked":["Iron Wave","Clothesline"],"picked":"Headbutt","floor":12.0},{"not_picked":["Headbutt","Iron Wave"],"picked":"Sentinel","floor":14.0},{"not_picked":["Exhume","Feed"],"picked":"Demon Form","floor":16.0},{"not_picked":["Anger","Body Slam"],"picked":"Shrug It Off","floor":18.0},{"not_picked":["Clash","Perfected Strike+1"],"picked":"Immolate","floor":19.0},{"not_picked":["Uppercut","Thunderclap+1"],"picked":"Havoc","floor":21.0},{"not_picked":["Infernal Blade","Flex"],"picked":"Intimidate","floor":24.0},{"not_picked":["Pommel Strike","Spot Weakness"],"picked":"Corruption","floor":27.0},{"not_picked":["Heavy Blade","True Grit"],"picked":"Disarm","floor":28}],"player_experience":1336777,"relics_obtained":[{"floor":6.0,"key":"Centennial Puzzle"},{"floor":9.0,"key":"Omamori"},{"floor":10.0,"key":"Bird Faced Urn"},{"floor":12.0,"key":"Darkstone Periapt"},{"floor":24.0,"key":"Pen Nib"},{"floor":26.0,"key":"Bag of Marbles"},{"floor":27.0,"key":"Bottled Flame"}],"event_choices":[{"damage_healed":0.0,"max_hp_gain":0.0,"max_hp_loss":7.0,"gold_gain":0.0,"event_name":"Golden Idol","player_choice":"Lose Max HP","floor":3.0,"gold_loss":0.0,"damage_taken":0.0,"relics_obtained":["Golden Idol"]},{"damage_healed":0.0,"max_hp_gain":0.0,"max_hp_loss":0.0,"gold_gain":0.0,"event_name":"Liars Game","player_choice":"Ignored","floor":7.0,"gold_loss":0.0,"damage_taken":0.0},{"damage_healed":14.0,"max_hp_gain":0.0,"max_hp_loss":0.0,"gold_gain":0.0,"event_name":"The Library","player_choice":"Heal","floor":20.0,"gold_loss":0.0,"damage_taken":0.0}],"is_beta":false,"boss_relics":[{"not_picked":["Tiny House","Velvet Choker"],"picked":"Philosopher\u0027s Stone"}],"items_purged_floors":[5],"is_endless":false,"potions_floor_spawned":[1,6,12,14,21,27],"killed_by":"Shelled Parasite and Fungi","ascension_level":20}