{"gold_per_floor":[116,134,148,164,176,176,195,15,70,70,129,129,129,167,167,167],"floor_reached":16,"playtime":393,"items_purged":[],"score":274,"play_id":"e0258d10-1e12-4273-b280-4bb4e1269dde","local_time":"20190621173305","is_ascension_mode":true,"campfire_choices":[{"data":"Darkness","floor":6,"key":"SMITH"},{"data":"HandOfGreed","floor":10,"key":"SMITH"},{"data":"Coolheaded","floor":15,"key":"SMITH"}],"neow_cost":"NONE","seed_source_timestamp":16953602208916,"circlet_count":0,"master_deck":["AscendersBane","Strike_B","Strike_B","Strike_B","Defend_B","Defend_B","Defend_B","Defend_B","Zap","Dualcast","Ball Lightning","Conserve Battery","Darkness+1","Coolheaded+1","Sweeping Beam","HandOfGreed+1","Genetic Algorithm","Seek"],"relics":["Cracked Core","Blood Vial","Tiny Chest","PreservedInsect","Golden Idol","Smiling Mask"],"potions_floor_usage":[5,11,14,14],"damage_taken":[{"damage":3,"enemies":"2 Louse","floor":1,"turns":3},{"damage":0,"enemies":"Small Slimes","floor":2,"turns":2},{"damage":2,"enemies":"Jaw Worm","floor":3,"turns":3},{"damage":12,"enemies":"Lots of Slimes","floor":4,"turns":4},{"damage":0,"enemies":"Large Slime","floor":5,"turns":6},{"damage":2,"enemies":"Looter","floor":7,"turns":4},{"damage":24,"enemies":"Gremlin Nob","floor":11,"turns":4},{"damage":0,"enemies":"Lagavulin","floor":14,"turns":4},{"damage":36,"enemies":"Hexaghost","floor":16,"turns":8}],"seed_played":"-1606957340839459808","potions_obtained":[{"floor":1,"key":"Weak Potion"},{"floor":3,"key":"SteroidPotion"},{"floor":4,"key":"FocusPotion"},{"floor":5,"key":"Weak Potion"},{"floor":11,"key":"SteroidPotion"}],"is_trial":false,"path_per_floor":["M","M","M","M","M","R","M","$","T","R","E","?","?","E","R","B"],"character_chosen":"DEFECT","items_purchased":["HandOfGreed"],"campfire_rested":0,"item_purchase_floors":[8],"current_hp_per_floor":[63,65,65,55,57,57,57,57,57,57,35,28,28,30,30,0],"gold":167,"neow_bonus":"RANDOM_COMMON_RELIC","is_prod":false,"is_daily":false,"chose_seed":false,"campfire_upgraded":3,"win_rate":0,"timestamp":1561131185,"path_taken":["M","M","M","M","M","R","M","$","T","R","E","?","?","E","R","BOSS"],"build_version":"2019-06-19","purchased_purges":0,"victory":false,"max_hp_per_floor":[71,71,71,71,71,71,71,71,71,71,71,71,64,64,64,64],"card_choices":[{"not_picked":["Aggregate","Rebound"],"picked":"Ball Lightning","floor":1},{"not_picked":["Loop","Coolheaded"],"picked":"Conserve Battery","floor":2},{"not_picked":["Steam","Tempest"],"picked":"Darkness","floor":3},{"not_picked":["Redo","Turbo"],"picked":"Coolheaded","floor":4},{"not_picked":["Coolheaded","Auto Shields"],"picked":"Sweeping Beam","floor":5},{"not_picked":["Barrage","Coolheaded","Aggregate"],"picked":"SKIP","floor":7},{"not_picked":["Hello World","Storm"],"picked":"Genetic Algorithm","floor":11},{"not_picked":["Streamline","Consume"],"picked":"Seek","floor":14}],"player_experience":1752114,"relics_obtained":[{"floor":9,"key":"Tiny Chest"},{"floor":11,"key":"PreservedInsect"},{"floor":14,"key":"Smiling Mask"}],"event_choices":[{"cards_removed":["Strike_B"],"damage_healed":0,"gold_gain":0,"player_choice":"Card Removal","damage_taken":7,"max_hp_gain":0,"max_hp_loss":0,"event_name":"Golden Wing","floor":12,"gold_loss":0},{"damage_healed":0,"gold_gain":0,"player_choice":"Lose Max HP","damage_taken":0,"relics_obtained":["Golden Idol"],"max_hp_gain":0,"max_hp_loss":7,"event_name":"Golden Idol","floor":13,"gold_loss":0}],"is_beta":true,"boss_relics":[],"items_purged_floors":[],"is_endless":false,"potions_floor_spawned":[1,3,4,5,11],"killed_by":"Hexaghost","ascension_level":20}