{"gold_per_floor":[118,137,4,4,24,24,56,74,97,117,167,197,209,234,234,312,312,327,327,327,338,352,384,384,412,412,412,429,458,100,118,118,194,194,209,227,327,345,365,365,391,403,415,454,480,492,557,113,113,113,113,113,113,34,61,61],"floor_reached":57,"playtime":6852,"items_purged":["Strike_R","Strike_R"],"score":2830,"play_id":"fb27873a-dde7-497a-922a-795cd013dd90","local_time":"20190802190901","is_ascension_mode":true,"campfire_choices":[{"data":"Bash","floor":6.0,"key":"SMITH"},{"data":"Armaments","floor":15.0,"key":"SMITH"},{"data":"Disarm","floor":24.0,"key":"SMITH"},{"data":"Corruption","floor":27.0,"key":"SMITH"},{"data":"Barricade","floor":32.0,"key":"SMITH"},{"floor":40.0,"key":"RECALL"},{"floor":42.0,"key":"REST"},{"floor":49.0,"key":"REST"},{"data":"Feel No Pain","floor":53.0,"key":"SMITH"}],"neow_cost":"NONE","seed_source_timestamp":54814370513900,"circlet_count":0,"master_deck":["AscendersBane","Strike_R","Strike_R","Strike_R","Defend_R","Defend_R","Defend_R","Defend_R","Bash+1","Iron Wave","Disarm+1","Pummel","Twin Strike","Anger","Armaments+1","Exhume","Battle Trance","Second Wind","Exhume","Flame Barrier","Flame Barrier","Entrench","Metallicize","Corruption+1","Seeing Red","Spot Weakness","Barricade+1","Impervious","Ghostly Armor+1","Headbutt","Sentinel+1","Intimidate+1","Uppercut","Armaments+1","Dual Wield+1","Feel No Pain+1","Shrug It Off","Heavy Blade"],"special_seed":0,"relics":["Burning Blood","NeowsBlessing","Centennial Puzzle","Anchor","PreservedInsect","Odd Mushroom","Peace Pipe","Pear","Philosopher\u0027s Stone","Pantograph","Red Skull","Bronze Scales","Strawberry","Juzu Bracelet","Shuriken","Runic Pyramid","Thread and Needle","MawBank","Meat on the Bone","Vajra","OrangePellets","Happy Flower"],"potions_floor_usage":[56,56],"damage_taken":[{"damage":0.0,"enemies":"Jaw Worm","floor":1.0,"turns":1.0},{"damage":0.0,"enemies":"Cultist","floor":2.0,"turns":1.0},{"damage":0.0,"enemies":"Small Slimes","floor":5.0,"turns":1.0},{"damage":23.0,"enemies":"3 Sentries","floor":7.0,"turns":9.0},{"damage":6.0,"enemies":"Blue Slaver","floor":8.0,"turns":3.0},{"damage":1.0,"enemies":"The Mushroom Lair","floor":10.0,"turns":4.0},{"damage":8.0,"enemies":"Gremlin Nob","floor":12.0,"turns":3.0},{"damage":4.0,"enemies":"Red Slaver","floor":13.0,"turns":3.0},{"damage":8.0,"enemies":"Lagavulin","floor":14.0,"turns":5.0},{"damage":26.0,"enemies":"Slime Boss","floor":16.0,"turns":8.0},{"damage":34.0,"enemies":"Spheric Guardian","floor":18.0,"turns":6.0},{"damage":21.0,"enemies":"Shell Parasite","floor":21.0,"turns":7.0},{"damage":22.0,"enemies":"Snecko","floor":22.0,"turns":10.0},{"damage":2.0,"enemies":"Book of Stabbing","floor":23.0,"turns":7.0},{"damage":7.0,"enemies":"Slavers","floor":25.0,"turns":6.0},{"damage":13.0,"enemies":"Shelled Parasite and Fungi","floor":28.0,"turns":6.0},{"damage":11.0,"enemies":"Gremlin Leader","floor":29.0,"turns":5.0},{"damage":23.0,"enemies":"Cultist and Chosen","floor":31.0,"turns":8.0},{"damage":55.0,"enemies":"Collector","floor":33.0,"turns":10.0},{"damage":9.0,"enemies":"Orb Walker","floor":35.0,"turns":5.0},{"damage":16.0,"enemies":"3 Shapes","floor":36.0,"turns":8.0},{"damage":16.0,"enemies":"Mind Bloom Boss Battle","floor":37.0,"turns":9.0},{"damage":5.0,"enemies":"Writhing Mass","floor":38.0,"turns":7.0},{"damage":0.0,"enemies":"Sphere and 2 Shapes","floor":39.0,"turns":8.0},{"damage":59.0,"enemies":"Reptomancer","floor":41.0,"turns":6.0},{"damage":20.0,"enemies":"Giant Head","floor":44.0,"turns":8.0},{"damage":21.0,"enemies":"Spire Growth","floor":45.0,"turns":6.0},{"damage":0.0,"enemies":"Donu and Deca","floor":50.0,"turns":12.0},{"damage":5.0,"enemies":"Time Eater","floor":51.0,"turns":15.0},{"damage":26.0,"enemies":"Shield and Spear","floor":55.0,"turns":11.0},{"damage":79,"enemies":"The Heart","floor":56,"turns":10}],"seed_played":"-6274128003670740715","potions_obtained":[{"floor":5.0,"key":"Fire Potion"},{"floor":7.0,"key":"Block Potion"},{"floor":12.0,"key":"Weak Potion"},{"floor":13.0,"key":"FearPotion"},{"floor":14.0,"key":"AttackPotion"},{"floor":18.0,"key":"PowerPotion"},{"floor":23.0,"key":"Explosive Potion"},{"floor":29.0,"key":"Block Potion"},{"floor":31.0,"key":"Explosive Potion"},{"floor":37.0,"key":"Strength Potion"},{"floor":39.0,"key":"Ancient Potion"},{"floor":44.0,"key":"Weak Potion"}],"is_trial":false,"path_per_floor":["M","M","$","?","M","R","E","M","T","?","?","E","M","E","R","B",null,"M","T","?","M","M","E","R","E","T","R","M","E","$","M","R","B",null,"M","M","?","M","M","R","E","R","T","E","M","?","T","$","R","B","B",null,"R","$","E","B",null],"character_chosen":"IRONCLAD","items_purchased":["Pummel","Fire Potion","Shuriken","Feel No Pain","OrangePellets","Shrug It Off","EssenceOfSteel"],"campfire_rested":2,"item_purchase_floors":[3,3,30,48,48,48,54],"current_hp_per_floor":[74,75,75,75,75,75,58,58,58,63,56,54,56,64,64,44,75,47,47,95,80,64,68,68,67,74,74,67,62,62,45,45,21,82,79,69,84,85,91,91,38,68,68,54,51,51,51,51,81,102,102,102,102,102,82,41],"gold":61,"neow_bonus":"THREE_ENEMY_KILL","is_prod":false,"is_daily":false,"chose_seed":false,"campfire_upgraded":6,"win_rate":0,"timestamp":1564798141,"path_taken":["M","M","$","?","?","R","E","M","T","?","?","E","M","E","R","BOSS","M","?","?","M","?","E","R","E","T","R","?","E","$","M","R","BOSS","M","M","?","M","M","R","E","R","T","E","M","?","?","$","R","BOSS","BOSS","R","$","E","BOSS"],"build_version":"2019-07-17","purchased_purges":2,"victory":true,"max_hp_per_floor":[75,75,75,75,75,75,75,75,75,75,75,75,75,85,85,85,85,85,85,95,95,95,95,95,95,102,102,102,102,102,102,102,102,102,102,102,102,102,102,102,102,102,102,102,102,102,102,102,102,102,102,102,102,102,102,102],"card_choices":[{"not_picked":["Flex","Reckless Charge"],"picked":"Iron Wave","floor":1.0},{"not_picked":["Rampage","Iron Wave"],"picked":"Disarm","floor":2.0},{"not_picked":["Perfected Strike","Havoc"],"picked":"Twin Strike","floor":5.0},{"not_picked":["Armaments","Flex"],"picked":"Anger","floor":7.0},{"not_picked":["Sword Boomerang","Perfected Strike"],"picked":"Armaments","floor":8.0},{"not_picked":["Dual Wield","Cleave"],"picked":"Exhume","floor":10.0},{"not_picked":["Corruption","Heavy Blade"],"picked":"Offering","floor":12.0},{"not_picked":["Iron Wave","Clash"],"picked":"Battle Trance","floor":13.0},{"not_picked":["Perfected Strike","Sword Boomerang"],"picked":"Second Wind","floor":14.0},{"not_picked":["Juggernaut","Impervious"],"picked":"Exhume","floor":16.0},{"not_picked":["Reckless Charge","Sever Soul+1"],"picked":"Flame Barrier","floor":18.0},{"not_picked":["Body Slam","Shrug It Off"],"picked":"Flame Barrier","floor":21.0},{"not_picked":["Pommel Strike","Headbutt"],"picked":"Entrench","floor":22.0},{"not_picked":["Havoc","Body Slam"],"picked":"Metallicize","floor":23.0},{"not_picked":["Blood for Blood","Iron Wave+1"],"picked":"Corruption","floor":25.0},{"not_picked":["Anger","Perfected Strike"],"picked":"Seeing Red","floor":28.0},{"not_picked":["Hemokinesis+1","Carnage"],"picked":"Spot Weakness","floor":29.0},{"not_picked":["Iron Wave","Battle Trance"],"picked":"Barricade","floor":31.0},{"not_picked":["Berserk","Barricade"],"picked":"Impervious","floor":33.0},{"not_picked":["Wild Strike","Perfected Strike+1"],"picked":"Ghostly Armor+1","floor":35.0},{"not_picked":["Wild Strike","Havoc"],"picked":"Headbutt","floor":36.0},{"not_picked":["Shrug It Off+1","Sword Boomerang+1"],"picked":"Sentinel+1","floor":37.0},{"not_picked":["Corruption","Pommel Strike"],"picked":"Intimidate+1","floor":38.0},{"not_picked":["True Grit","Rupture+1","Wild Strike+1"],"picked":"SKIP","floor":39.0},{"not_picked":["Wild Strike","Rupture"],"picked":"Uppercut","floor":41.0},{"not_picked":["Bloodletting","Disarm"],"picked":"Armaments+1","floor":44.0},{"not_picked":["Bludgeon","Twin Strike"],"picked":"Dual Wield+1","floor":45.0},{"not_picked":["Wild Strike","Iron Wave"],"picked":"Heavy Blade","floor":55.0}],"player_experience":1170497,"relics_obtained":[{"floor":7.0,"key":"Anchor"},{"floor":9.0,"key":"PreservedInsect"},{"floor":10.0,"key":"Odd Mushroom"},{"floor":12.0,"key":"Peace Pipe"},{"floor":14.0,"key":"Pear"},{"floor":19.0,"key":"Pantograph"},{"floor":23.0,"key":"Red Skull"},{"floor":25.0,"key":"Bronze Scales"},{"floor":26.0,"key":"Strawberry"},{"floor":29.0,"key":"Juzu Bracelet"},{"floor":37.0,"key":"Thread and Needle"},{"floor":41.0,"key":"MawBank"},{"floor":44.0,"key":"Meat on the Bone"},{"floor":47.0,"key":"Vajra"},{"floor":55.0,"key":"Happy Flower"}],"event_choices":[{"damage_healed":0.0,"max_hp_gain":0.0,"max_hp_loss":0.0,"gold_gain":0.0,"event_name":"WeMeetAgain","player_choice":"Gave Potion","floor":4.0,"gold_loss":0.0,"damage_taken":0.0,"relics_obtained":["Centennial Puzzle"]},{"damage_healed":0.0,"max_hp_gain":0.0,"max_hp_loss":0.0,"gold_gain":0.0,"event_name":"Mushrooms","player_choice":"Fought Mushrooms","floor":10.0,"gold_loss":0.0,"damage_taken":0.0},{"damage_healed":0.0,"max_hp_gain":0.0,"max_hp_loss":0.0,"gold_gain":50.0,"event_name":"FaceTrader","player_choice":"Touch","floor":11.0,"gold_loss":0.0,"damage_taken":7.0},{"cards_removed":["Offering"],"damage_healed":38.0,"max_hp_gain":10.0,"max_hp_loss":0.0,"gold_gain":0.0,"event_name":"Bonfire Elementals","player_choice":"Offered Rare","floor":20.0,"gold_loss":0.0,"damage_taken":0.0},{"damage_healed":0.0,"max_hp_gain":0.0,"max_hp_loss":0.0,"gold_gain":0.0,"event_name":"MindBloom","player_choice":"Fight","floor":37.0,"gold_loss":0.0,"damage_taken":0.0},{"damage_healed":0.0,"max_hp_gain":0.0,"max_hp_loss":0.0,"gold_gain":0.0,"event_name":"Tomb of Lord Red Mask","player_choice":"Ignored","floor":46.0,"gold_loss":0.0,"damage_taken":0.0}],"is_beta":false,"boss_relics":[{"not_picked":["Sozu","Tiny House"],"picked":"Philosopher\u0027s Stone"},{"not_picked":["Runic Dome","White Beast Statue"],"picked":"Runic Pyramid"}],"items_purged_floors":[30,48],"is_endless":false,"potions_floor_spawned":[5,7,12,13,14,18,21,23,29,31,37,39,44,45],"ascension_level":20}