{"gold_per_floor":[114,114,39,39,51,51,77,96,123,123,135,164,164,182,182,283,283,303,318,318,335,349,380,380,305,305,305,376,395,421,421,421,521,521,531,22,33,47,62,62,76,76,76],"floor_reached":43,"playtime":2605,"items_purged":["Strike_R","Strike_R"],"score":851,"play_id":"b44a47f4-6adf-4aa9-b08d-98ad4fa5a805","local_time":"20190803221856","is_ascension_mode":true,"campfire_choices":[{"floor":6.0,"key":"REST"},{"data":"Combust","floor":10.0,"key":"SMITH"},{"data":"Flame Barrier","floor":15.0,"key":"SMITH"},{"data":"Demon Form","floor":24.0,"key":"SMITH"},{"floor":32.0,"key":"REST"},{"floor":40,"key":"REST"}],"neow_cost":"","seed_source_timestamp":0,"circlet_count":0,"master_deck":["Strike_R+1","Strike_R+1","Defend_R","Defend_R","Defend_R","Defend_R","Bash","Combust+1","Anger","Shrug It Off","Ghostly Armor","Flame Barrier+1","Demon Form+1","Rupture","Clothesline+1","Decay","Spot Weakness","Limit Break","Heavy Blade+1"],"special_seed":0,"relics":["Burning Blood","Bird Faced Urn","Dream Catcher","Blood Vial","Happy Flower","Velvet Choker","MutagenicStrength","Mango","Gremlin Horn","Shuriken","Juzu Bracelet","White Beast Statue","Self Forming Clay","Pen Nib"],"potions_floor_usage":[38,38,39,41,43],"damage_taken":[{"damage":15.0,"enemies":"Jaw Worm","floor":1.0,"turns":4.0},{"damage":14.0,"enemies":"Small Slimes","floor":5.0,"turns":2.0},{"damage":33.0,"enemies":"Gremlin Nob","floor":7.0,"turns":4.0},{"damage":0.0,"enemies":"Cultist","floor":8.0,"turns":3.0},{"damage":12.0,"enemies":"2 Fungi Beasts","floor":11.0,"turns":3.0},{"damage":9.0,"enemies":"3 Sentries","floor":12.0,"turns":5.0},{"damage":1.0,"enemies":"Looter","floor":14.0,"turns":3.0},{"damage":53.0,"enemies":"The Guardian","floor":16.0,"turns":14.0},{"damage":8.0,"enemies":"Shell Parasite","floor":18.0,"turns":5.0},{"damage":5.0,"enemies":"Chosen","floor":19.0,"turns":5.0},{"damage":26.0,"enemies":"Shelled Parasite and Fungi","floor":21.0,"turns":6.0},{"damage":14.0,"enemies":"3 Cultists","floor":22.0,"turns":4.0},{"damage":32.0,"enemies":"Book of Stabbing","floor":23.0,"turns":6.0},{"damage":21.0,"enemies":"Sentry and Sphere","floor":29.0,"turns":6.0},{"damage":43.0,"enemies":"Gremlin Leader","floor":30.0,"turns":7.0},{"damage":61.0,"enemies":"Champ","floor":33.0,"turns":9.0},{"damage":17,"enemies":"3 Shapes","floor":35,"turns":9},{"damage":50,"enemies":"3 Darklings","floor":37,"turns":6},{"damage":14,"enemies":"Jaw Worm Horde","floor":38,"turns":5},{"damage":36,"enemies":"Maw","floor":39,"turns":7},{"damage":38,"enemies":"Spire Growth","floor":41,"turns":6},{"damage":61,"enemies":"Time Eater","floor":43,"turns":3}],"seed_played":"7889813806094894634","potions_obtained":[{"floor":5.0,"key":"Dexterity Potion"},{"floor":11.0,"key":"Explosive Potion"},{"floor":12.0,"key":"SkillPotion"},{"floor":13.0,"key":"BloodPotion"},{"floor":13.0,"key":"Fire Potion"},{"floor":16.0,"key":"Swift Potion"},{"floor":19.0,"key":"AttackPotion"},{"floor":23.0,"key":"BloodPotion"},{"floor":29.0,"key":"PowerPotion"},{"floor":35,"key":"EssenceOfSteel"},{"floor":37,"key":"Fire Potion"},{"floor":38,"key":"LiquidBronze"},{"floor":39,"key":"LiquidBronze"},{"floor":41,"key":"Energy Potion"}],"is_trial":false,"path_per_floor":["M","?","$","?","M","R","E","M","T","R","M","E","?","M","R","B",null,"M","M","?","M","M","E","R","?","T","?","T","M","E","?","R","B",null,"M","$","M","M","M","R","M","?","B"],"character_chosen":"IRONCLAD","items_purchased":["Combust","Anger","Self Forming Clay","Pen Nib"],"campfire_rested":3,"item_purchase_floors":[0,0,36,36],"current_hp_per_floor":[51,35,35,35,29,53,28,34,34,34,32,33,33,42,42,19,65,67,74,74,60,58,54,54,54,54,54,54,45,14,14,42,20,76,73,73,35,33,11,39,13,13,0],"gold":76,"neow_bonus":"","is_prod":false,"is_daily":false,"chose_seed":false,"campfire_upgraded":3,"win_rate":0,"timestamp":1564888736,"path_taken":["M","?","$","?","M","R","E","M","T","R","M","E","?","M","R","BOSS","M","?","?","M","M","E","R","?","T","?","?","M","E","?","R","BOSS","M","$","M","M","M","R","M","?","BOSS"],"build_version":"2019-07-17","purchased_purges":2,"victory":false,"max_hp_per_floor":[80,80,80,80,80,80,80,80,80,80,80,80,80,80,80,80,80,80,80,80,80,80,94,94,94,94,94,94,94,94,94,94,94,94,94,94,94,94,94,94,94,94,94],"card_choices":[{"not_picked":["Anger","Feel No Pain","Havoc"],"picked":"SKIP","floor":1.0},{"not_picked":["Entrench","Headbutt"],"picked":"Shrug It Off","floor":5.0},{"not_picked":["Dropkick","Warcry"],"picked":"Ghostly Armor","floor":7.0},{"not_picked":["Entrench","Impervious","Sentinel"],"picked":"SKIP","floor":11.0},{"not_picked":["Anger","Twin Strike"],"picked":"Flame Barrier","floor":12.0},{"not_picked":["Shrug It Off","Headbutt","Warcry"],"picked":"SKIP","floor":14.0},{"not_picked":["Exhume","Bludgeon"],"picked":"Demon Form","floor":16.0},{"not_picked":["Twin Strike","Carnage","Heavy Blade"],"picked":"SKIP","floor":18.0},{"not_picked":["Bloodletting+1","Anger"],"picked":"Rupture","floor":19.0},{"not_picked":["Perfected Strike","Seeing Red","Warcry"],"picked":"SKIP","floor":21.0},{"not_picked":["Flex","Twin Strike+1"],"picked":"Clothesline+1","floor":22.0},{"not_picked":["Bludgeon","Anger+1","Shrug It Off"],"picked":"SKIP","floor":23.0},{"not_picked":["Body Slam","Wild Strike+1","True Grit+1"],"picked":"SKIP","floor":29.0},{"not_picked":["Limit Break","Wild Strike"],"picked":"Spot Weakness","floor":30.0},{"not_picked":["Offering","Berserk"],"picked":"Limit Break","floor":33.0},{"not_picked":["Blood for Blood","Twin Strike","Rage"],"picked":"SKIP","floor":35},{"not_picked":["Clothesline","Pummel+1","Evolve"],"picked":"SKIP","floor":37},{"not_picked":["Clash+1","Searing Blow"],"picked":"Heavy Blade+1","floor":38},{"not_picked":["Shockwave","Flame Barrier","Armaments"],"picked":"SKIP","floor":39},{"not_picked":["Pommel Strike","Headbutt","Clash"],"picked":"SKIP","floor":41}],"player_experience":451459,"relics_obtained":[{"floor":7.0,"key":"Dream Catcher"},{"floor":9.0,"key":"Blood Vial"},{"floor":12.0,"key":"Happy Flower"},{"floor":23.0,"key":"Mango"},{"floor":26.0,"key":"Gremlin Horn"},{"floor":28.0,"key":"Shuriken"},{"floor":30.0,"key":"Juzu Bracelet"}],"event_choices":[{"damage_healed":0.0,"max_hp_gain":0.0,"max_hp_loss":0.0,"gold_gain":0.0,"event_name":"Shining Light","player_choice":"Entered Light","floor":2.0,"gold_loss":0.0,"damage_taken":16.0,"cards_upgraded":["Strike_R","Strike_R"]},{"damage_healed":0.0,"max_hp_gain":0.0,"max_hp_loss":0.0,"gold_gain":0.0,"event_name":"Golden Wing","player_choice":"Ignored","floor":4.0,"gold_loss":0.0,"damage_taken":0.0},{"damage_healed":0.0,"max_hp_gain":0.0,"max_hp_loss":0.0,"gold_gain":0.0,"event_name":"Lab","player_choice":"Got Potions","floor":13.0,"gold_loss":0.0,"damage_taken":0.0},{"damage_healed":0.0,"max_hp_gain":0.0,"max_hp_loss":0.0,"gold_gain":0.0,"event_name":"Drug Dealer","player_choice":"Inject Mutagens","floor":20.0,"gold_loss":0.0,"damage_taken":0.0,"relics_obtained":["MutagenicStrength"]},{"cards_removed":["Strike_R"],"damage_healed":0.0,"max_hp_gain":0.0,"max_hp_loss":0.0,"gold_gain":0.0,"event_name":"Beggar","player_choice":"Gave Gold","floor":25.0,"gold_loss":75.0,"damage_taken":0.0},{"damage_healed":0.0,"max_hp_gain":0.0,"max_hp_loss":0.0,"gold_gain":0.0,"event_name":"Forgotten Altar","player_choice":"Smashed Altar","floor":27.0,"gold_loss":0.0,"damage_taken":0.0,"cards_obtained":["Decay"]},{"damage_healed":0.0,"max_hp_gain":0.0,"max_hp_loss":0.0,"gold_gain":0.0,"event_name":"The Mausoleum","player_choice":"Ignored","floor":31.0,"gold_loss":0.0,"damage_taken":0.0},{"damage_healed":0,"gold_gain":0,"player_choice":"Took Portal","damage_taken":0,"max_hp_gain":0,"max_hp_loss":0,"event_name":"SecretPortal","floor":42,"gold_loss":0}],"is_beta":false,"boss_relics":[{"not_picked":["Black Blood","Pandora\u0027s Box"],"picked":"Velvet Choker"},{"not_picked":["Black Star","Astrolabe"],"picked":"White Beast Statue"}],"items_purged_floors":[3,36],"is_endless":false,"potions_floor_spawned":[5,11,12,16,19,23,29,35,37,38,39,41],"killed_by":"Time Eater","ascension_level":7}