{"gold_per_floor":[111,131,131,145,70,70,88,88,88,102,102,121,121,21,21,95,95,107,117,129,129,54,54,89,89,89,104,28,28,39,139,139,216,216,235,110,124,124,139,139,169,169,169,194,245,245,245,263,263,263,263,263,263,59,94,94],"floor_reached":57,"playtime":2074,"items_purged":["Strike_G","Defend_G","Corpse Explosion","Defend_G+1"],"score":3190,"play_id":"8a1e350c-9bdd-4571-9b89-38c94d42fdc1","local_time":"20190801055355","is_ascension_mode":true,"campfire_choices":[{"data":"Neutralize","floor":6.0,"key":"SMITH"},{"data":"Well Laid Plans","floor":8.0,"key":"SMITH"},{"floor":15.0,"key":"RECALL"},{"data":"Burst","floor":23.0,"key":"SMITH"},{"data":"Reflex","floor":29.0,"key":"SMITH"},{"data":"Escape Plan","floor":32.0,"key":"SMITH"},{"data":"Acrobatics","floor":40.0,"key":"SMITH"},{"data":"Adrenaline","floor":42,"key":"SMITH"},{"data":"Grand Finale","floor":46,"key":"SMITH"},{"data":"Defend_G","floor":49,"key":"SMITH"},{"data":"PiercingWail","floor":53,"key":"SMITH"}],"neow_cost":"PERCENT_DAMAGE","seed_source_timestamp":299526897619075,"circlet_count":0,"master_deck":["AscendersBane","Survivor+1","Neutralize+1","PiercingWail+1","Well Laid Plans+1","Burst+1","Prepared+1","Heel Hook+1","Reflex+1","Escape Plan+1","Grand Finale+1","Acrobatics+1","Adrenaline+1"],"special_seed":0,"relics":["Ring of the Snake","Ornamental Fan","Astrolabe","Du-Vu Doll","Frozen Egg 2","Tingsha","Bottled Lightning","Orrery","Ice Cream","Meat on the Bone","Gambling Chip","Orichalcum"],"potions_floor_usage":[56,56],"damage_taken":[{"damage":3.0,"enemies":"Cultist","floor":1.0,"turns":5.0},{"damage":2.0,"enemies":"2 Louse","floor":2.0,"turns":3.0},{"damage":3.0,"enemies":"Small Slimes","floor":4.0,"turns":6.0},{"damage":1.0,"enemies":"Blue Slaver","floor":7.0,"turns":8.0},{"damage":2.0,"enemies":"3 Louse","floor":10.0,"turns":6.0},{"damage":0.0,"enemies":"Exordium Wildlife","floor":12.0,"turns":4.0},{"damage":5.0,"enemies":"Hexaghost","floor":16.0,"turns":11.0},{"damage":0.0,"enemies":"Spheric Guardian","floor":18.0,"turns":3.0},{"damage":1.0,"enemies":"3 Byrds","floor":19.0,"turns":4.0},{"damage":9.0,"enemies":"Centurion and Healer","floor":20.0,"turns":5.0},{"damage":0.0,"enemies":"Gremlin Leader","floor":24.0,"turns":4.0},{"damage":0.0,"enemies":"3 Cultists","floor":27.0,"turns":2.0},{"damage":0.0,"enemies":"Cultist and Chosen","floor":30.0,"turns":3.0},{"damage":13.0,"enemies":"Colosseum Slavers","floor":31.0,"turns":3.0},{"damage":1.0,"enemies":"Colosseum Nobs","floor":31.0,"turns":2.0},{"damage":5.0,"enemies":"Automaton","floor":33.0,"turns":3.0},{"damage":0.0,"enemies":"Orb Walker","floor":35.0,"turns":2.0},{"damage":0.0,"enemies":"3 Darklings","floor":37.0,"turns":2.0},{"damage":0.0,"enemies":"Jaw Worm Horde","floor":39.0,"turns":1.0},{"damage":0,"enemies":"Reptomancer","floor":41,"turns":2},{"damage":0,"enemies":"Nemesis","floor":44,"turns":3},{"damage":0,"enemies":"2 Orb Walkers","floor":45,"turns":1},{"damage":0,"enemies":"Transient","floor":48,"turns":1},{"damage":0,"enemies":"Time Eater","floor":50,"turns":3},{"damage":0,"enemies":"Donu and Deca","floor":51,"turns":1},{"damage":0,"enemies":"Shield and Spear","floor":55,"turns":1},{"damage":34,"enemies":"The Heart","floor":56,"turns":5}],"seed_played":"-9030527608531959069","potions_obtained":[{"floor":7.0,"key":"Fruit Juice"},{"floor":12.0,"key":"Explosive Potion"},{"floor":16.0,"key":"Swift Potion"},{"floor":18.0,"key":"SkillPotion"},{"floor":33.0,"key":"Swift Potion"},{"floor":39.0,"key":"FearPotion"},{"floor":44,"key":"Weak Potion"}],"is_trial":false,"path_per_floor":["M","M","?","M","$","R","M","R","T","M","?","M","?","$","R","B",null,"M","M","M","?","?","R","E","$","T","M","$","R","M","?","R","B",null,"M","$","M","$","M","R","E","R","T","E","?","R","?","M","R","B","B",null,"R","$","E","B",null],"character_chosen":"THE_SILENT","items_purchased":["Reflex","PowerPotion"],"campfire_rested":0,"item_purchase_floors":[28,54],"current_hp_per_floor":[41,39,39,36,36,36,40,40,40,38,17,17,10,10,10,5,55,55,54,45,45,45,45,45,45,45,45,45,45,45,31,31,26,60,60,60,60,60,60,60,60,60,60,60,60,60,60,60,60,60,60,68,68,68,68,46],"gold":94,"neow_bonus":"REMOVE_TWO","is_prod":false,"is_daily":false,"chose_seed":false,"campfire_upgraded":10,"win_rate":0,"timestamp":1564606435,"path_taken":["M","?","?","?","$","R","M","R","T","M","?","M","?","$","R","BOSS","M","M","M","?","?","R","E","?","T","M","$","R","M","?","R","BOSS","M","$","M","?","M","R","E","R","T","E","?","R","?","M","R","BOSS","BOSS","R","$","E","BOSS"],"build_version":"2019-07-17","purchased_purges":4,"victory":true,"max_hp_per_floor":[66,66,66,66,66,66,71,71,71,71,71,71,71,71,71,71,71,71,71,71,71,71,71,71,71,71,71,71,71,71,71,71,71,71,71,71,71,71,71,71,71,71,71,71,71,71,71,71,71,71,71,71,71,71,71,71],"card_choices":[{"not_picked":["Dagger Throw","Dagger Spray"],"picked":"PiercingWail","floor":1.0},{"not_picked":["Backflip","Bane","Cloak And Dagger"],"picked":"SKIP","floor":2.0},{"not_picked":["Riddle With Holes","Sucker Punch","Endless Agony"],"picked":"SKIP","floor":4.0},{"not_picked":["Leg Sweep","Predator"],"picked":"Well Laid Plans","floor":7.0},{"not_picked":["Backstab","Escape Plan"],"picked":"Deadly Poison","floor":10.0},{"not_picked":["Leg Sweep","Underhanded Strike","Cloak And Dagger"],"picked":"SKIP","floor":12.0},{"not_picked":["Night Terror","Phantasmal Killer"],"picked":"Burst","floor":16.0},{"not_picked":["Dodge and Roll","Prepared","Dash"],"picked":"SKIP","floor":18.0},{"not_picked":["Outmaneuver+1","Blade Dance","Backflip"],"picked":"SKIP","floor":19.0},{"not_picked":["Dagger Throw","Slice"],"picked":"Corpse Explosion","floor":20.0},{"not_picked":["Prepared","Infinite Blades","Backflip"],"picked":"SKIP","floor":24.0},{"not_picked":["Blur","Underhanded Strike","Slice"],"picked":"SKIP","floor":27.0},{"not_picked":["Deadly Poison","All Out Attack","PiercingWail"],"picked":"SKIP","floor":30.0},{"not_picked":["Deadly Poison","Underhanded Strike"],"picked":"Escape Plan","floor":31.0},{"not_picked":["Wraith Form v2+1","Phantasmal Killer"],"picked":"Grand Finale","floor":33.0},{"not_picked":["Deadly Poison","Flying Knee","Dagger Spray"],"picked":"SKIP","floor":35.0},{"not_picked":["Deflect","Flying Knee"],"picked":"Acrobatics","floor":37.0},{"not_picked":["A Thousand Cuts+1","Outmaneuver","Backflip"],"picked":"SKIP","floor":39.0},{"not_picked":["Prepared","Poisoned Stab+1"],"picked":"Adrenaline","floor":41},{"not_picked":["Crippling Poison","Prepared+1","Unload"],"picked":"SKIP","floor":44},{"not_picked":["Infinite Blades+1","Bouncing Flask","Backstab+1"],"picked":"SKIP","floor":48},{"not_picked":["Deflect","Flying Knee","Bouncing Flask"],"picked":"SKIP","floor":55}],"player_experience":717206,"relics_obtained":[{"floor":9.0,"key":"Ornamental Fan"},{"floor":24.0,"key":"Du-Vu Doll"},{"floor":26.0,"key":"Frozen Egg 2"},{"floor":31.0,"key":"Tingsha"},{"floor":31.0,"key":"Bottled Lightning"},{"floor":41,"key":"Ice Cream"},{"floor":44,"key":"Meat on the Bone"},{"floor":45,"key":"Gambling Chip"},{"floor":55,"key":"Orichalcum"}],"event_choices":[{"cards_removed":["Strike_G"],"damage_healed":0.0,"max_hp_gain":0.0,"max_hp_loss":0.0,"gold_gain":0.0,"event_name":"Purifier","player_choice":"Purged","floor":3.0,"gold_loss":0.0,"damage_taken":0.0},{"damage_healed":0.0,"max_hp_gain":0.0,"max_hp_loss":0.0,"gold_gain":0.0,"event_name":"Shining Light","player_choice":"Entered Light","floor":11.0,"gold_loss":0.0,"damage_taken":21.0,"cards_upgraded":["Deadly Poison","Survivor"]},{"cards_removed":["Strike_G"],"damage_healed":0.0,"max_hp_gain":0.0,"max_hp_loss":0.0,"gold_gain":0.0,"event_name":"Golden Wing","player_choice":"Card Removal","floor":13.0,"gold_loss":0.0,"damage_taken":7.0},{"damage_healed":0.0,"max_hp_gain":0.0,"max_hp_loss":0.0,"gold_gain":0.0,"event_name":"Cursed Tome","player_choice":"Ignored","floor":21.0,"gold_loss":0.0,"damage_taken":0.0},{"cards_removed":["Infinite Blades"],"damage_healed":0.0,"max_hp_gain":0.0,"max_hp_loss":0.0,"gold_gain":0.0,"event_name":"Beggar","player_choice":"Gave Gold","floor":22.0,"gold_loss":75.0,"damage_taken":0.0},{"damage_healed":0.0,"max_hp_gain":0.0,"max_hp_loss":0.0,"gold_gain":0.0,"event_name":"Colosseum","player_choice":"Fight","floor":31.0,"gold_loss":0.0,"damage_taken":0.0},{"damage_healed":0.0,"max_hp_gain":0.0,"max_hp_loss":0.0,"gold_gain":0.0,"event_name":"Colosseum","player_choice":"Fought Nobs","floor":31.0,"gold_loss":0.0,"damage_taken":0.0},{"damage_healed":0,"gold_gain":0,"player_choice":"Fight","damage_taken":0,"max_hp_gain":0,"max_hp_loss":0,"event_name":"Mysterious Sphere","floor":45,"gold_loss":0},{"cards_removed":["Deadly Poison"],"damage_healed":0,"gold_gain":0,"player_choice":"Removed Skill","damage_taken":0,"max_hp_gain":0,"max_hp_loss":0,"event_name":"Falling","floor":47,"gold_loss":0}],"is_beta":false,"boss_relics":[{"not_picked":["Calling Bell","Snecko Eye"],"picked":"Astrolabe"},{"not_picked":["WristBlade","Ring of the Serpent"],"picked":"Orrery"}],"items_purged_floors":[5,14,36,54],"is_endless":false,"potions_floor_spawned":[7,12,16,18,30,31,33,39,44,45,55],"ascension_level":20}