{"gold_per_floor":[110,74,74,89,164,164,192,192,192,202,232,5,5,5],"floor_reached":14,"playtime":397,"items_purged":["Defend_B"],"score":134,"play_id":"ccdfe1d2-c34c-4ebe-bb5e-5bacffae0274","local_time":"20190801114020","is_ascension_mode":true,"campfire_choices":[{"floor":6,"key":"REST"},{"floor":8,"key":"REST"}],"neow_cost":"PERCENT_DAMAGE","seed_source_timestamp":202627837629057,"circlet_count":0,"master_deck":["Strike_B","Strike_B","Strike_B","Defend_B","Zap","Dualcast","Streamline","Melter","Defragment","Cold Snap","BootSequence"],"relics":["Cracked Core","Shuriken","Ornamental Fan","Pen Nib","Anchor"],"potions_floor_usage":[10,11,14],"damage_taken":[{"damage":12,"enemies":"Small Slimes","floor":1,"turns":2},{"damage":2,"enemies":"2 Louse","floor":4,"turns":2},{"damage":30,"enemies":"Lagavulin","floor":7,"turns":6},{"damage":2,"enemies":"Jaw Worm","floor":10,"turns":3},{"damage":22,"enemies":"3 Sentries","floor":11,"turns":6},{"damage":0,"enemies":"Lagavulin","floor":14,"turns":2}],"seed_played":"6596839023145744767","potions_obtained":[{"floor":4,"key":"Explosive Potion"},{"floor":7,"key":"EssenceOfSteel"},{"floor":11,"key":"Fire Potion"}],"is_trial":false,"path_per_floor":["M","$","?","M","?","R","E","R","T","M","E","$","$","E"],"character_chosen":"DEFECT","items_purchased":["Defragment","Anchor"],"campfire_rested":2,"item_purchase_floors":[2,12],"current_hp_per_floor":[38,38,31,29,18,40,10,32,32,30,8,8,8,8],"gold":5,"neow_bonus":"TRANSFORM_TWO_CARDS","is_prod":false,"is_daily":false,"chose_seed":false,"campfire_upgraded":0,"win_rate":0,"timestamp":1564627220,"path_taken":["M","$","?","M","?","R","E","R","T","M","E","?","$","E"],"build_version":"2019-07-17","purchased_purges":1,"victory":false,"max_hp_per_floor":[75,75,75,75,75,75,75,75,75,75,75,75,75,75],"card_choices":[{"not_picked":["Stack","Melter","Ball Lightning"],"picked":"SKIP","floor":1},{"not_picked":["Aggregate","Turbo","Beam Cell"],"picked":"SKIP","floor":4},{"not_picked":["Aggregate","Leap"],"picked":"Cold Snap","floor":7},{"not_picked":["Sweeping Beam","Conserve Battery"],"picked":"BootSequence","floor":10},{"not_picked":["Fusion","Stack","Turbo"],"picked":"SKIP","floor":11}],"player_experience":176120,"relics_obtained":[{"floor":7,"key":"Shuriken"},{"floor":9,"key":"Ornamental Fan"},{"floor":11,"key":"Pen Nib"}],"event_choices":[{"cards_removed":["Strike_B"],"damage_healed":0,"gold_gain":0,"player_choice":"Card Removal","damage_taken":7,"max_hp_gain":0,"max_hp_loss":0,"event_name":"Golden Wing","floor":3,"gold_loss":0},{"damage_healed":0,"gold_gain":75,"player_choice":"Gather Gold","damage_taken":11,"max_hp_gain":0,"max_hp_loss":0,"event_name":"World of Goop","floor":5,"gold_loss":0}],"is_beta":false,"boss_relics":[],"items_purged_floors":[12],"is_endless":false,"potions_floor_spawned":[4,7,11],"killed_by":"Lagavulin","ascension_level":8}