{"gold_per_floor":[109,34,57,57,11,41,53,83,83,116,132,145,145,162,162,265,265,283,283,283,18,37,65,65,65,65,65,26,26,26,43,43,148,148,168,168,128,142,142,142,142,153,153,153,165,96,96,122,122,122],"floor_reached":50,"playtime":2431,"items_purged":["Strike_R"],"score":987,"play_id":"af703877-4704-4218-aeef-5bccdf9de7a3","local_time":"20190811224306","is_ascension_mode":true,"campfire_choices":[{"floor":6.0,"key":"DIG"},{"floor":13.0,"key":"REST"},{"data":"Whirlwind","floor":15.0,"key":"SMITH"},{"floor":24,"key":"REST"},{"data":"Demon Form","floor":29,"key":"SMITH"},{"floor":32,"key":"DIG"},{"floor":41,"key":"DIG"},{"floor":47,"key":"DIG"},{"floor":49,"key":"REST"}],"neow_cost":"","seed_source_timestamp":0,"circlet_count":0,"master_deck":["Defend_R","Defend_R+1","Defend_R","Defend_R+1","Bash+1","Anger","Sword Boomerang","Whirlwind+1","Evolve","Shrug It Off+1","Infernal Blade+1","Ghostly Armor+1","Demon Form+1","Shrug It Off+1","Body Slam+1","Flex+1","Shrug It Off+1","Bite+1","Bite+1","Bite+1","Bite+1","Bite+1","Hemokinesis+1","Burning Pact+1","Impervious+1","Entrench+1","Metallicize+1","Writhe","Ghostly Armor+1"],"special_seed":0,"relics":["Burning Blood","Shovel","Ice Cream","Bag of Marbles","Boot","Tiny Chest","Question Card","Pantograph","Toxic Egg 2","Velvet Choker","Molten Egg 2","Juzu Bracelet","Singing Bowl","Mango","Eternal Feather","Oddly Smooth Stone","Blue Candle","Self Forming Clay","Bottled Lightning"],"potions_floor_usage":[19,23,48,48,50],"damage_taken":[{"damage":6.0,"enemies":"Cultist","floor":1.0,"turns":3.0},{"damage":0.0,"enemies":"2 Louse","floor":7.0,"turns":2.0},{"damage":30.0,"enemies":"Lagavulin","floor":8.0,"turns":6.0},{"damage":5.0,"enemies":"Gremlin Nob","floor":10.0,"turns":3.0},{"damage":7.0,"enemies":"Jaw Worm","floor":11.0,"turns":3.0},{"damage":20.0,"enemies":"Large Slime","floor":12.0,"turns":6.0},{"damage":1.0,"enemies":"Lots of Slimes","floor":14.0,"turns":2.0},{"damage":34.0,"enemies":"Slime Boss","floor":16.0,"turns":7.0},{"damage":16,"enemies":"Spheric Guardian","floor":18,"turns":4},{"damage":0,"enemies":"2 Thieves","floor":19,"turns":1},{"damage":2,"enemies":"3 Cultists","floor":22,"turns":5},{"damage":48,"enemies":"Slavers","floor":23,"turns":5},{"damage":6,"enemies":"Cultist and Chosen","floor":31,"turns":5},{"damage":84,"enemies":"Champ","floor":33,"turns":8},{"damage":24,"enemies":"3 Darklings","floor":35,"turns":4},{"damage":27,"enemies":"3 Shapes","floor":38,"turns":4},{"damage":39,"enemies":"Spire Growth","floor":42,"turns":4},{"damage":0,"enemies":"Jaw Worm Horde","floor":45,"turns":1},{"damage":80,"enemies":"Reptomancer","floor":48,"turns":7},{"damage":116,"enemies":"Time Eater","floor":50,"turns":7}],"seed_played":"-4124471203805717208","potions_obtained":[{"floor":1.0,"key":"LiquidBronze"},{"floor":8.0,"key":"SkillPotion"},{"floor":11.0,"key":"SmokeBomb"},{"floor":33,"key":"PowerPotion"},{"floor":45,"key":"BloodPotion"},{"floor":48,"key":"FearPotion"}],"is_trial":false,"path_per_floor":["M","$","T","?","$","R","M","E","T","E","M","M","R","M","R","B",null,"M","M","?","$","M","E","R","?","T","?","$","R","?","M","R","B",null,"M","$","?","M","?","?","R","M","T","?","M","$","R","E","R","B"],"character_chosen":"IRONCLAD","items_purchased":["Ice Cream","Bag of Marbles","Sword Boomerang","Molten Egg 2","Shrug It Off+1","Hemokinesis+1","Ghostly Armor+1"],"campfire_rested":3,"item_purchase_floors":[0,0,5,21,21,28,46],"current_hp_per_floor":[56,56,56,56,56,56,62,38,38,39,38,24,48,53,53,50,73,63,69,69,69,75,35,59,59,59,59,59,59,59,74,88,37,80,71,71,71,59,59,83,94,69,69,69,77,77,92,56,100,0],"gold":122,"neow_bonus":"","is_prod":false,"is_daily":false,"chose_seed":false,"campfire_upgraded":2,"win_rate":0,"timestamp":1565581386,"path_taken":["M","?","?","?","$","R","?","E","T","E","M","M","R","M","R","BOSS","M","M","?","$","M","E","R","?","T","?","$","R","?","M","R","BOSS","M","$","?","M","?","?","R","M","T","?","M","$","R","E","R","BOSS"],"build_version":"2019-07-17","purchased_purges":1,"victory":false,"max_hp_per_floor":[80,80,80,80,80,80,80,80,80,80,80,80,80,80,80,80,80,80,80,80,80,80,80,80,80,80,80,80,80,80,80,94,94,94,94,94,94,94,94,94,94,96,96,96,98,98,98,100,100,100],"card_choices":[{"not_picked":["Disarm","Rupture"],"picked":"Anger","floor":1.0},{"not_picked":["Wild Strike","Thunderclap"],"picked":"Whirlwind","floor":7.0},{"not_picked":["Feel No Pain","Heavy Blade"],"picked":"Rage","floor":8.0},{"not_picked":["Corruption","Cleave","Havoc"],"picked":"Evolve","floor":10.0},{"not_picked":["Wild Strike","Thunderclap","Clothesline"],"picked":"Shrug It Off+1","floor":11.0},{"not_picked":["Perfected Strike","Sever Soul","Sword Boomerang"],"picked":"Infernal Blade+1","floor":12.0},{"not_picked":["True Grit+1","Feed","Flex+1"],"picked":"Ghostly Armor+1","floor":14.0},{"not_picked":["Double Tap+1","Impervious+1","Limit Break+1"],"picked":"Demon Form","floor":16.0},{"not_picked":["Searing Blow","Iron Wave","Sword Boomerang","Cleave"],"picked":"SKIP","floor":18},{"not_picked":["Sword Boomerang+1","Thunderclap+1","Combust+1"],"picked":"Body Slam+1","floor":22},{"not_picked":["Perfected Strike+1","Fiend Fire+1","Heavy Blade+1"],"picked":"Flex+1","floor":23},{"not_picked":["Uppercut+1","Evolve+1","Warcry+1"],"picked":"Burning Pact+1","floor":31},{"not_picked":["Offering+1","Brutality","Reaper+1"],"picked":"Impervious+1","floor":33},{"not_picked":["Searing Blow+1","Body Slam+1","Anger+1"],"picked":"Entrench+1","floor":35},{"not_picked":["Twin Strike+1","Dropkick+1","Clothesline+1"],"picked":"Metallicize+1","floor":38},{"not_picked":["Carnage+1","Perfected Strike+1","Warcry+1","Second Wind+1"],"picked":"Singing Bowl","floor":42},{"not_picked":["Clothesline+1","Sever Soul+1","Havoc+1","Shrug It Off+1"],"picked":"Singing Bowl","floor":45},{"not_picked":["Dual Wield+1","Inflame","Pommel Strike+1","Pummel+1"],"picked":"Singing Bowl","floor":48}],"player_experience":496980,"relics_obtained":[{"floor":3.0,"key":"Boot"},{"floor":6.0,"key":"Tiny Chest"},{"floor":8.0,"key":"Question Card"},{"floor":9.0,"key":"Pantograph"},{"floor":10.0,"key":"Toxic Egg 2"},{"floor":23,"key":"Juzu Bracelet"},{"floor":26,"key":"Singing Bowl"},{"floor":32,"key":"Mango"},{"floor":41,"key":"Oddly Smooth Stone"},{"floor":43,"key":"Blue Candle"},{"floor":47,"key":"Self Forming Clay"},{"floor":48,"key":"Bottled Lightning"}],"event_choices":[{"damage_healed":0.0,"max_hp_gain":0.0,"max_hp_loss":0.0,"gold_gain":0.0,"event_name":"Accursed Blacksmith","player_choice":"Forge","floor":4.0,"gold_loss":0.0,"damage_taken":0.0,"cards_upgraded":["Bash"]},{"damage_healed":0,"gold_gain":0,"player_choice":"Gave Potion","damage_taken":0,"relics_obtained":["Blood Vial"],"max_hp_gain":0,"max_hp_loss":0,"event_name":"WeMeetAgain","floor":20,"gold_loss":0},{"damage_healed":0,"gold_gain":0,"player_choice":"Copied","damage_taken":0,"max_hp_gain":0,"max_hp_loss":0,"event_name":"Duplicator","floor":25,"gold_loss":0,"cards_obtained":["Shrug It Off"]},{"damage_healed":0,"gold_gain":0,"player_choice":"Became a vampire (Vial)","damage_taken":0,"max_hp_gain":0,"max_hp_loss":0,"event_name":"Vampires","floor":27,"relics_lost":["Blood Vial"],"gold_loss":0,"cards_obtained":["Bite","Bite","Bite","Bite","Bite"]},{"damage_healed":0,"gold_gain":0,"player_choice":"Ignored","damage_taken":0,"max_hp_gain":0,"max_hp_loss":0,"event_name":"Ghosts","floor":30,"gold_loss":0},{"damage_healed":0,"gold_gain":0,"player_choice":"Upgraded Two","damage_taken":0,"max_hp_gain":0,"max_hp_loss":0,"event_name":"Designer","floor":37,"gold_loss":40,"cards_upgraded":["Defend_R","Defend_R"]},{"cards_removed":["Rage"],"damage_healed":0,"gold_gain":0,"player_choice":"Removed Skill","damage_taken":0,"max_hp_gain":0,"max_hp_loss":0,"event_name":"Falling","floor":39,"gold_loss":0},{"damage_healed":24,"gold_gain":0,"player_choice":"Writhe","damage_taken":0,"max_hp_gain":0,"max_hp_loss":0,"event_name":"Winding Halls","floor":40,"gold_loss":0,"cards_obtained":["Writhe"]},{"damage_healed":0,"gold_gain":0,"player_choice":"Ignored","damage_taken":0,"max_hp_gain":0,"max_hp_loss":0,"event_name":"Tomb of Lord Red Mask","floor":44,"gold_loss":0}],"is_beta":false,"boss_relics":[{"not_picked":["Snecko Eye","Fusion Hammer"],"picked":"Velvet Choker"},{"not_picked":["Tiny House","Black Star"],"picked":"Eternal Feather"}],"items_purged_floors":[2],"is_endless":false,"potions_floor_spawned":[1,8,11,12,14,18,33,45,48],"killed_by":"Time Eater","ascension_level":9}