{"gold_per_floor":[116,126,201,201,53,83,83,94,118,146,146,146,146,179,179,179],"floor_reached":16,"playtime":839,"items_purged":["Strike_R"],"score":139,"play_id":"edbeb792-9a02-4e4c-9531-428146dde491","local_time":"20190619223741","is_ascension_mode":true,"campfire_choices":[{"data":"Entrench","floor":7,"key":"SMITH"},{"floor":12,"key":"REST"},{"floor":15,"key":"REST"}],"neow_cost":"NONE","seed_source_timestamp":608377490056700,"circlet_count":0,"master_deck":["Strike_R","Strike_R","Strike_R","Strike_R","Defend_R","Defend_R","Defend_R","Defend_R","Bash+1","Ghostly Armor","Entrench+1","Disarm"],"relics":["Burning Blood","Happy Flower","Potion Belt","Mango","Golden Idol","The Courier","Shovel"],"potions_floor_usage":[6,10,16],"damage_taken":[{"damage":1,"enemies":"Cultist","floor":1,"turns":3},{"damage":7,"enemies":"Small Slimes","floor":2,"turns":4},{"damage":25,"enemies":"Gremlin Nob","floor":6,"turns":5},{"damage":3,"enemies":"2 Louse","floor":8,"turns":3},{"damage":45,"enemies":"3 Sentries","floor":10,"turns":18},{"damage":50,"enemies":"Lagavulin","floor":14,"turns":12},{"damage":48,"enemies":"Hexaghost","floor":16,"turns":13}],"seed_played":"3414668856446689771","potions_obtained":[{"floor":1,"key":"SkillPotion"},{"floor":2,"key":"Dexterity Potion"},{"floor":8,"key":"Block Potion"}],"is_trial":false,"path_per_floor":["M","M","?","?","$","E","R","M","T","E","?","R","T","E","R","B"],"character_chosen":"IRONCLAD","items_purchased":["Ghostly Armor"],"campfire_rested":2,"item_purchase_floors":[5],"current_hp_per_floor":[88,87,76,76,76,57,57,60,60,35,35,63,63,19,47,0],"gold":179,"neow_bonus":"TEN_PERCENT_HP_BONUS","is_prod":false,"is_daily":false,"chose_seed":false,"campfire_upgraded":1,"win_rate":0,"timestamp":1561001861,"path_taken":["M","?","?","?","?","E","R","M","T","E","?","R","?","E","R","BOSS"],"build_version":"2019-01-23","purchased_purges":1,"victory":false,"max_hp_per_floor":[88,88,88,88,88,88,88,88,88,102,94,94,94,94,94,94],"card_choices":[{"not_picked":["Infernal Blade","Twin Strike","Carnage"],"picked":"SKIP","floor":1},{"not_picked":["Heavy Blade","Anger","Searing Blow"],"picked":"SKIP","floor":2},{"not_picked":["Burning Pact","Rupture"],"picked":"Entrench","floor":6},{"not_picked":["Fire Breathing","True Grit","Heavy Blade"],"picked":"SKIP","floor":8},{"not_picked":["True Grit","Wild Strike"],"picked":"Disarm","floor":10},{"not_picked":["Evolve","True Grit","Clash"],"picked":"SKIP","floor":14}],"player_experience":353366,"relics_obtained":[{"floor":6,"key":"Happy Flower"},{"floor":9,"key":"Potion Belt"},{"floor":10,"key":"Mango"},{"floor":13,"key":"The Courier"},{"floor":14,"key":"Shovel"}],"event_choices":[{"damage_healed":0,"gold_gain":75,"player_choice":"Gather Gold","damage_taken":11,"max_hp_gain":0,"max_hp_loss":0,"event_name":"World of Goop","floor":3,"gold_loss":0},{"damage_healed":0,"gold_gain":0,"player_choice":"Grow","damage_taken":0,"max_hp_gain":0,"max_hp_loss":0,"event_name":"Living Wall","floor":4,"gold_loss":0,"cards_upgraded":["Bash"]},{"damage_healed":0,"gold_gain":0,"player_choice":"Lose Max HP","damage_taken":0,"relics_obtained":["Golden Idol"],"max_hp_gain":0,"max_hp_loss":8,"event_name":"Golden Idol","floor":11,"gold_loss":0}],"is_beta":false,"boss_relics":[],"items_purged_floors":[5],"is_endless":false,"potions_floor_spawned":[1,2,8],"killed_by":"Hexaghost","ascension_level":4}