{"gold_per_floor":[17,17,17,17,35,35,75,75,75,113,138,138,162,202,202,300,300,316,206,230,78,78,111,111,150,203,23,23,47,47,63,63,162,162,175,190,208,233,233,233,233,233,257,270,15,29,29,54,54,54],"floor_reached":51,"playtime":2738,"items_purged":["Strike_B","Strike_B","Defend_B"],"score":1409,"play_id":"859e3faf-1d96-4702-be11-44389f879f61","local_time":"20190805110826","is_ascension_mode":true,"campfire_choices":[{"data":"Zap","floor":6,"key":"SMITH"},{"data":"Creative AI","floor":8,"key":"SMITH"},{"floor":12,"key":"REST"},{"floor":15,"key":"REST"},{"floor":24,"key":"REST"},{"data":"Buffer","floor":28,"key":"SMITH"},{"data":"Defragment","floor":30,"key":"SMITH"},{"floor":32,"key":"REST"},{"data":"Defragment","floor":40,"key":"SMITH"},{"data":"Defragment","floor":42,"key":"SMITH"},{"data":"Capacitor","floor":49,"key":"SMITH"}],"neow_cost":"NO_GOLD","seed_source_timestamp":8984982753182,"circlet_count":0,"master_deck":["AscendersBane","Defend_B+1","Zap+1","Dualcast+1","BootSequence","Gash","Coolheaded+1","Creative AI+1","Defragment+1","Cold Snap","Defragment+1","Buffer+1","Recycle","Defragment","Defragment+1","Heatsinks","Echo Form","Coolheaded+1","Capacitor+1","Force Field"],"relics":["Cracked Core","Golden Idol","War Paint","Torii","Art of War","Bag of Preparation","Sozu","Mummified Hand","Anchor","Boot","Potion Belt","Coffee Dripper","Vajra"],"potions_floor_usage":[23],"damage_taken":[{"damage":0,"enemies":"2 Louse","floor":1,"turns":1},{"damage":0,"enemies":"Jaw Worm","floor":5,"turns":3},{"damage":4,"enemies":"Lagavulin","floor":7,"turns":8},{"damage":45,"enemies":"Gremlin Nob","floor":10,"turns":5},{"damage":0,"enemies":"Cultist","floor":11,"turns":3},{"damage":3,"enemies":"Large Slime","floor":13,"turns":7},{"damage":1,"enemies":"Lagavulin","floor":14,"turns":6},{"damage":5,"enemies":"Hexaghost","floor":16,"turns":7},{"damage":7,"enemies":"Shell Parasite","floor":18,"turns":5},{"damage":12,"enemies":"2 Thieves","floor":20,"turns":4},{"damage":22,"enemies":"Slavers","floor":23,"turns":5},{"damage":9,"enemies":"Book of Stabbing","floor":25,"turns":6},{"damage":1,"enemies":"3 Cultists","floor":29,"turns":7},{"damage":0,"enemies":"Snecko","floor":31,"turns":6},{"damage":0,"enemies":"Collector","floor":33,"turns":10},{"damage":0,"enemies":"3 Darklings","floor":35,"turns":6},{"damage":0,"enemies":"Orb Walker","floor":36,"turns":5},{"damage":0,"enemies":"Spire Growth","floor":37,"turns":5},{"damage":0,"enemies":"Jaw Worm Horde","floor":38,"turns":4},{"damage":9,"enemies":"Writhing Mass","floor":44,"turns":5},{"damage":0,"enemies":"Transient","floor":46,"turns":5},{"damage":0,"enemies":"Spire Growth","floor":48,"turns":4},{"damage":0,"enemies":"Awakened One","floor":50,"turns":7}],"seed_played":"-7920109242868034044","potions_obtained":[{"floor":11,"key":"Explosive Potion"},{"floor":13,"key":"Fire Potion"},{"floor":14,"key":"GamblersBrew"}],"is_trial":false,"path_per_floor":["M","?","?","?","M","R","E","R","T","E","M","R","M","E","R","B",null,"M","?","M","$","T","E","R","E","T","$","R","M","R","M","R","B",null,"M","M","M","M","?","R","?","R","T","M","$","M","$","M","R","B",null],"character_chosen":"DEFECT","items_purchased":["Defragment","Defragment","Capacitor","Force Field"],"campfire_rested":4,"item_purchase_floors":[21,27,45,45],"current_hp_per_floor":[64,64,53,53,53,53,49,49,49,4,4,23,20,19,38,33,56,49,49,37,37,37,15,34,25,25,25,25,24,24,24,43,43,59,59,59,59,59,59,59,59,59,59,50,50,50,50,50,50,50],"gold":54,"neow_bonus":"TRANSFORM_TWO_CARDS","is_prod":false,"is_daily":false,"chose_seed":false,"campfire_upgraded":7,"win_rate":0,"timestamp":1564970906,"path_taken":["M","?","?","?","M","R","E","R","T","E","M","R","M","E","R","BOSS","M","?","M","$","?","E","R","E","T","$","R","M","R","M","R","BOSS","M","M","M","M","?","R","?","R","T","?","$","M","$","M","R","BOSS"],"build_version":"2019-07-17","purchased_purges":3,"victory":true,"max_hp_per_floor":[71,64,64,64,64,64,64,64,64,64,64,64,64,64,64,64,64,64,64,64,64,64,64,64,64,64,64,64,64,64,64,64,64,64,64,64,64,64,64,64,64,64,64,64,64,64,64,64,64,64],"card_choices":[{"not_picked":["Streamline","Turbo","Redo"],"picked":"SKIP","floor":1},{"not_picked":["Static Discharge","Streamline"],"picked":"Coolheaded","floor":5},{"not_picked":["Hologram","Core Surge"],"picked":"Creative AI","floor":7},{"not_picked":["Redo","BootSequence"],"picked":"Defragment","floor":10},{"not_picked":["Stack","Tempest","Leap"],"picked":"SKIP","floor":11},{"not_picked":["Turbo","Redo"],"picked":"Cold Snap","floor":13},{"not_picked":["Steam","Buffer"],"picked":"Defragment","floor":14},{"not_picked":["Creative AI","Core Surge"],"picked":"Buffer","floor":16},{"not_picked":["Genetic Algorithm","Cold Snap"],"picked":"Recycle","floor":18},{"not_picked":["Ball Lightning","Turbo+1","Streamline"],"picked":"SKIP","floor":20},{"not_picked":["Rip and Tear","Streamline","Ball Lightning"],"picked":"SKIP","floor":23},{"not_picked":["Leap","Rebound","Recycle"],"picked":"SKIP","floor":25},{"not_picked":["Leap","Rebound"],"picked":"Recycle","floor":25},{"not_picked":["Rebound","Beam Cell"],"picked":"Heatsinks","floor":29},{"not_picked":["Streamline","Stack","Rebound"],"picked":"SKIP","floor":31},{"not_picked":["Thunder Strike","Seek"],"picked":"Echo Form","floor":33},{"not_picked":["Beam Cell","Hologram+1"],"picked":"Coolheaded+1","floor":35},{"not_picked":["Doom and Gloom","Lockon","Undo"],"picked":"SKIP","floor":36},{"not_picked":["Reprogram+1","Conserve Battery","Rip and Tear+1"],"picked":"SKIP","floor":37},{"not_picked":["Chill","Sweeping Beam","Steam"],"picked":"SKIP","floor":38},{"not_picked":["Streamline+1","Lockon","Electrodynamics"],"picked":"SKIP","floor":44},{"not_picked":["Rebound","Genetic Algorithm","Conserve Battery"],"picked":"SKIP","floor":46},{"not_picked":["Redo","White Noise","Core Surge"],"picked":"SKIP","floor":48}],"player_experience":237727,"relics_obtained":[{"floor":7,"key":"Torii"},{"floor":10,"key":"Art of War"},{"floor":14,"key":"Bag of Preparation"},{"floor":22,"key":"Mummified Hand"},{"floor":23,"key":"Anchor"},{"floor":25,"key":"Boot"},{"floor":26,"key":"Potion Belt"},{"floor":43,"key":"Vajra"}],"event_choices":[{"damage_healed":0,"gold_gain":0,"player_choice":"Lose Max HP","damage_taken":0,"relics_obtained":["Golden Idol"],"max_hp_gain":0,"max_hp_loss":7,"event_name":"Golden Idol","floor":2,"gold_loss":0},{"damage_healed":0,"gold_gain":0,"player_choice":"Success","damage_taken":11,"relics_obtained":["War Paint"],"max_hp_gain":0,"max_hp_loss":0,"event_name":"Scrap Ooze","floor":3,"gold_loss":0},{"cards_removed":["Strike_B"],"damage_healed":0,"gold_gain":0,"player_choice":"Forget","damage_taken":0,"max_hp_gain":0,"max_hp_loss":0,"event_name":"Living Wall","floor":4,"gold_loss":0},{"cards_removed":["Strike_B"],"damage_healed":0,"gold_gain":0,"player_choice":"Upgrade and Remove","damage_taken":0,"max_hp_gain":0,"max_hp_loss":0,"event_name":"Designer","floor":19,"gold_loss":110,"cards_upgraded":["Coolheaded"]},{"cards_removed":["Recycle"],"damage_healed":0,"gold_gain":0,"player_choice":"Removed Skill","damage_taken":0,"max_hp_gain":0,"max_hp_loss":0,"event_name":"Falling","floor":39,"gold_loss":0},{"damage_healed":0,"gold_gain":0,"player_choice":"Ignored","damage_taken":0,"max_hp_gain":0,"max_hp_loss":0,"event_name":"SecretPortal","floor":41,"gold_loss":0}],"is_beta":false,"boss_relics":[{"not_picked":["Nuclear Battery","Runic Pyramid"],"picked":"Sozu"},{"not_picked":["Empty Cage","Lizard Tail"],"picked":"Coffee Dripper"}],"items_purged_floors":[21,27,45],"is_endless":false,"potions_floor_spawned":[11,13,14,16,18,20,29,35,37],"ascension_level":16}