{"gold_per_floor":[20,20,20,30,30,30,56,68,130,67,26,60,60,87,87,160,160,135,146,71,83,5,5,38,55,82,82,116,41,55,88,88,165,165,180,198,198,98,117,146,146,196,223,6,6,56,66,92,92,92,92],"floor_reached":51,"playtime":1916,"items_purged":["Strike_B","Strike_B+1","Parasite"],"score":1614,"play_id":"db1638b8-9c39-4676-a725-3ec95424a1c5","local_time":"20190801232157","is_ascension_mode":true,"campfire_choices":[{"data":"Defragment","floor":6.0,"key":"SMITH"},{"data":"Biased Cognition","floor":8.0,"key":"SMITH"},{"data":"Zap","floor":13.0,"key":"SMITH"},{"data":"Glacier","floor":15.0,"key":"SMITH"},{"floor":23.0,"key":"REST"},{"floor":27.0,"key":"REST"},{"floor":32.0,"key":"REST"},{"floor":41.0,"key":"REST"},{"floor":49,"key":"REST"}],"neow_cost":"NO_GOLD","seed_source_timestamp":0,"circlet_count":0,"master_deck":["AscendersBane","Defend_B","Defend_B","Defend_B","Zap+1","Dualcast","Steam","Glacier+1","Defragment+1","Biased Cognition+1","Cold Snap+1","Cold Snap","Tempest+1","Rainbow+1","Self Repair","Consume+1","Undo+1","Doom and Gloom","Conserve Battery+1","Ball Lightning","Coolheaded+1","Fission+1","BootSequence+1","Loop+1","Coolheaded+1","Fission+1","Recycle+1","Defragment"],"special_seed":0,"relics":["Cracked Core","MawBank","Orichalcum","Toxic Egg 2","Whetstone","Fusion Hammer","Bottled Flame","Juzu Bracelet","Oddly Smooth Stone","Red Mask","Runic Pyramid","Emotion Chip","Ginger","Bird Faced Urn","Happy Flower"],"potions_floor_usage":[51,51],"damage_taken":[{"damage":0.0,"enemies":"2 Louse","floor":1.0,"turns":2.0},{"damage":0.0,"enemies":"Jaw Worm","floor":4.0,"turns":7.0},{"damage":1.0,"enemies":"Lagavulin","floor":7.0,"turns":11.0},{"damage":9.0,"enemies":"Gremlin Nob","floor":12.0,"turns":5.0},{"damage":0.0,"enemies":"Lagavulin","floor":14.0,"turns":8.0},{"damage":0.0,"enemies":"Slime Boss","floor":16.0,"turns":6.0},{"damage":17.0,"enemies":"2 Thieves","floor":18.0,"turns":4.0},{"damage":4.0,"enemies":"Spheric Guardian","floor":19.0,"turns":4.0},{"damage":21.0,"enemies":"Snake Plant","floor":21.0,"turns":4.0},{"damage":40.0,"enemies":"Slavers","floor":24.0,"turns":5.0},{"damage":22.0,"enemies":"Cultist and Chosen","floor":25.0,"turns":7.0},{"damage":27.0,"enemies":"Gremlin Leader","floor":28.0,"turns":9.0},{"damage":4.0,"enemies":"3 Cultists","floor":30.0,"turns":5.0},{"damage":0.0,"enemies":"Masked Bandits","floor":31.0,"turns":4.0},{"damage":7.0,"enemies":"Automaton","floor":33.0,"turns":12.0},{"damage":1.0,"enemies":"3 Shapes","floor":35.0,"turns":3.0},{"damage":17.0,"enemies":"3 Darklings","floor":36.0,"turns":4.0},{"damage":0.0,"enemies":"Writhing Mass","floor":39.0,"turns":6.0},{"damage":68.0,"enemies":"Giant Head","floor":40.0,"turns":11.0},{"damage":8.0,"enemies":"2 Orb Walkers","floor":42.0,"turns":5.0},{"damage":0,"enemies":"Spire Growth","floor":47,"turns":5},{"damage":26,"enemies":"Nemesis","floor":48,"turns":7},{"damage":37,"enemies":"Time Eater","floor":50,"turns":9},{"damage":64,"enemies":"Awakened One","floor":51,"turns":12}],"seed_played":"-6050923269819663323","potions_obtained":[{"floor":1.0,"key":"Energy Potion"},{"floor":21.0,"key":"Weak Potion"},{"floor":25.0,"key":"Explosive Potion"},{"floor":31.0,"key":"Ancient Potion"},{"floor":33.0,"key":"Energy Potion"},{"floor":36.0,"key":"Dexterity Potion"},{"floor":42.0,"key":"AttackPotion"}],"is_trial":false,"path_per_floor":["M","?","?","M","$","R","E","R","T","?","$","E","R","E","R","B",null,"M","M","$","M","$","R","E","M","T","R","E","?","M","?","R","B",null,"M","M","?","$","M","E","R","?","T","$","T","?","M","E","R","B","B"],"character_chosen":"DEFECT","items_purchased":["Cold Snap","Undo+1","Recycle+1","AttackPotion"],"campfire_rested":5,"item_purchase_floors":[11,22,44,44],"current_hp_per_floor":[78,78,83,83,83,83,82,82,82,82,82,73,73,73,73,73,86,69,72,72,58,58,85,52,37,37,64,44,44,47,54,81,81,88,90,80,80,80,85,24,49,48,48,48,48,48,63,54,78,56,0],"gold":92,"neow_bonus":"TWENTY_PERCENT_HP_BONUS","is_prod":false,"is_daily":false,"chose_seed":false,"campfire_upgraded":4,"win_rate":0,"timestamp":1564694517,"path_taken":["M","?","?","M","$","R","E","R","T","?","?","E","R","E","R","BOSS","M","M","$","M","$","R","E","M","T","R","E","?","M","?","R","BOSS","M","M","?","$","M","E","R","?","T","$","?","?","M","E","R","BOSS","BOSS"],"build_version":"2019-07-18","purchased_purges":3,"victory":false,"max_hp_per_floor":[85,85,90,90,90,90,90,90,90,90,90,90,90,90,90,90,90,90,90,90,90,90,90,90,90,90,90,90,90,90,90,90,90,90,90,90,85,85,85,85,85,85,85,82,82,82,82,82,82,82,82],"card_choices":[{"not_picked":["Consume","Recycle"],"picked":"Steam","floor":1.0},{"not_picked":["Blizzard","Ball Lightning"],"picked":"Defragment","floor":4.0},{"not_picked":["Ball Lightning","Capacitor"],"picked":"Biased Cognition","floor":7.0},{"not_picked":["Turbo","Steam"],"picked":"Cold Snap","floor":12.0},{"not_picked":["Redo+1","Melter"],"picked":"Tempest+1","floor":14.0},{"not_picked":["Seek+1","Machine Learning"],"picked":"Rainbow+1","floor":16.0},{"not_picked":["Ball Lightning","Go for the Eyes"],"picked":"Self Repair","floor":18.0},{"not_picked":["Turbo+1","Stack+1","Streamline"],"picked":"SKIP","floor":19.0},{"not_picked":["Defragment","Beam Cell"],"picked":"Consume+1","floor":21.0},{"not_picked":["Scrape","Self Repair"],"picked":"Doom and Gloom","floor":24.0},{"not_picked":["Leap+1","Aggregate+1","Turbo+1"],"picked":"SKIP","floor":25.0},{"not_picked":["Leap+1","Double Energy+1"],"picked":"Conserve Battery+1","floor":28.0},{"not_picked":["Turbo+1","Fusion+1"],"picked":"Ball Lightning","floor":30.0},{"not_picked":["Beam Cell","Steam+1"],"picked":"Coolheaded+1","floor":31.0},{"not_picked":["Amplify+1","Buffer"],"picked":"Fission+1","floor":33.0},{"not_picked":["Sweeping Beam+1","Hologram+1"],"picked":"BootSequence+1","floor":35.0},{"not_picked":["Beam Cell+1","Reprogram+1"],"picked":"Loop+1","floor":36.0},{"not_picked":["Hologram+1","Sweeping Beam+1"],"picked":"Coolheaded+1","floor":39.0},{"not_picked":["Barrage+1","Sunder","Chaos+1"],"picked":"SKIP","floor":40.0},{"not_picked":["Ball Lightning","Compile Driver"],"picked":"Fission+1","floor":42.0},{"not_picked":["Beam Cell","Barrage"],"picked":"Defragment","floor":47},{"not_picked":["Chaos+1","Steam+1","Beam Cell"],"picked":"SKIP","floor":48}],"player_experience":1942225,"relics_obtained":[{"floor":7.0,"key":"MawBank"},{"floor":9.0,"key":"Orichalcum"},{"floor":12.0,"key":"Toxic Egg 2"},{"floor":14.0,"key":"Whetstone"},{"floor":24.0,"key":"Bottled Flame"},{"floor":26.0,"key":"Juzu Bracelet"},{"floor":28.0,"key":"Oddly Smooth Stone"},{"floor":31.0,"key":"Red Mask"},{"floor":40.0,"key":"Emotion Chip"},{"floor":42.0,"key":"Ginger"},{"floor":45,"key":"Bird Faced Urn"},{"floor":48,"key":"Happy Flower"}],"event_choices":[{"damage_healed":0.0,"max_hp_gain":0.0,"max_hp_loss":0.0,"gold_gain":0.0,"cards_transformed":["Strike_B"],"event_name":"Living Wall","player_choice":"Change","floor":2.0,"gold_loss":0.0,"damage_taken":0.0,"cards_obtained":["Glacier"]},{"damage_healed":0.0,"max_hp_gain":5.0,"max_hp_loss":0.0,"gold_gain":0.0,"event_name":"Big Fish","player_choice":"Donut","floor":3.0,"gold_loss":0.0,"damage_taken":0.0},{"cards_removed":["Defend_B"],"damage_healed":0.0,"max_hp_gain":0.0,"max_hp_loss":0.0,"gold_gain":0.0,"event_name":"The Cleric","player_choice":"Card Removal","floor":10.0,"gold_loss":75.0,"damage_taken":0.0},{"cards_removed":["Strike_B"],"damage_healed":0.0,"max_hp_gain":0.0,"max_hp_loss":0.0,"gold_gain":0.0,"event_name":"Beggar","player_choice":"Gave Gold","floor":29.0,"gold_loss":75.0,"damage_taken":0.0},{"damage_healed":0.0,"max_hp_gain":0.0,"max_hp_loss":0.0,"gold_gain":0.0,"event_name":"Masked Bandits","player_choice":"Fought Bandits","floor":31.0,"gold_loss":0.0,"damage_taken":0.0},{"damage_healed":0.0,"max_hp_gain":0.0,"max_hp_loss":5.0,"gold_gain":0.0,"event_name":"Winding Halls","player_choice":"Max HP","floor":37.0,"gold_loss":0.0,"damage_taken":0.0},{"damage_healed":0.0,"max_hp_gain":0.0,"max_hp_loss":0.0,"gold_gain":0.0,"event_name":"Mysterious Sphere","player_choice":"Fight","floor":42.0,"gold_loss":0.0,"damage_taken":0.0},{"damage_healed":0,"gold_gain":50,"player_choice":"Pray","damage_taken":0,"max_hp_gain":0,"max_hp_loss":0,"event_name":"Golden Shrine","floor":46,"gold_loss":0}],"is_beta":true,"boss_relics":[{"not_picked":["Cursed Key","Nuclear Battery"],"picked":"Fusion Hammer"},{"not_picked":["Astrolabe","Coffee Dripper"],"picked":"Runic Pyramid"}],"items_purged_floors":[20,38,44],"is_endless":false,"potions_floor_spawned":[1,21,25,31,33,36,39,42,48],"killed_by":"Awakened One","ascension_level":20}