{"gold_per_floor":[115,40,40,40,56,56,86,102,102,128,128,158,158,176,176,176],"floor_reached":16,"playtime":375,"items_purged":[],"score":286,"play_id":"ac717803-3ab0-4a38-916f-8b1135151086","local_time":"20190712233929","is_ascension_mode":true,"campfire_choices":[{"data":"Dualcast","floor":6.0,"key":"SMITH"},{"floor":11.0,"key":"REST"},{"data":"Beam Cell","floor":15,"key":"SMITH"}],"neow_cost":"TEN_PERCENT_HP_LOSS","seed_source_timestamp":10868710371987,"circlet_count":0,"master_deck":["AscendersBane","Strike_B","Strike_B","Strike_B","Defend_B","Defend_B","Defend_B","Defend_B","Zap+1","Dualcast+1","All For One","Conserve Battery","Auto Shields","Beam Cell+1","Reboot","Genetic Algorithm","Glacier","Loop"],"special_seed":0,"relics":["Cracked Core","Pantograph","Singing Bowl","Blood Vial","Potion Belt","Golden Idol"],"potions_floor_usage":[14],"damage_taken":[{"damage":7.0,"enemies":"2 Louse","floor":1.0,"turns":3.0},{"damage":2.0,"enemies":"Jaw Worm","floor":5.0,"turns":3.0},{"damage":14.0,"enemies":"3 Sentries","floor":7.0,"turns":7.0},{"damage":5.0,"enemies":"Small Slimes","floor":8.0,"turns":3.0},{"damage":21.0,"enemies":"Lagavulin","floor":10.0,"turns":6.0},{"damage":0.0,"enemies":"Gremlin Nob","floor":12.0,"turns":2.0},{"damage":0,"enemies":"Exordium Thugs","floor":14,"turns":4},{"damage":50,"enemies":"Slime Boss","floor":16,"turns":9}],"seed_played":"-8107258200181058821","potions_obtained":[{"floor":1.0,"key":"SteroidPotion"},{"floor":5.0,"key":"FocusPotion"},{"floor":12.0,"key":"Energy Potion"}],"is_trial":false,"path_per_floor":["M","?","?","?","M","R","E","M","T","E","R","E","?","M","R","B"],"character_chosen":"DEFECT","items_purchased":[],"campfire_rested":1,"item_purchase_floors":[],"current_hp_per_floor":[57,57,62,62,60,60,46,41,41,20,40,42,18,20,20,0],"gold":176,"neow_bonus":"THREE_RARE_CARDS","is_prod":false,"is_daily":false,"chose_seed":false,"campfire_upgraded":2,"win_rate":0,"timestamp":1562967569,"path_taken":["M","?","?","?","M","R","E","?","T","E","R","E","?","M","R","BOSS"],"build_version":"2019-07-10","purchased_purges":0,"victory":false,"max_hp_per_floor":[64,64,69,69,69,69,69,69,69,69,69,69,69,69,69,69],"card_choices":[{"not_picked":["Core Surge","Creative AI"],"picked":"All For One","floor":0.0},{"not_picked":["Hello World","White Noise"],"picked":"Conserve Battery","floor":1.0},{"not_picked":["Streamline","Barrage"],"picked":"Auto Shields","floor":5.0},{"not_picked":["Leap","Coolheaded"],"picked":"Beam Cell","floor":7.0},{"not_picked":["White Noise","Beam Cell"],"picked":"Reboot","floor":8.0},{"not_picked":["Aggregate","Rebound"],"picked":"Genetic Algorithm","floor":10.0},{"not_picked":["Conserve Battery","Streamline"],"picked":"Glacier","floor":12.0},{"not_picked":["Self Repair","Hello World"],"picked":"Loop","floor":14}],"player_experience":1846327,"relics_obtained":[{"floor":7.0,"key":"Pantograph"},{"floor":9.0,"key":"Singing Bowl"},{"floor":10.0,"key":"Blood Vial"},{"floor":12.0,"key":"Potion Belt"}],"event_choices":[{"cards_removed":["Strike_B"],"damage_healed":0.0,"max_hp_gain":0.0,"max_hp_loss":0.0,"gold_gain":0.0,"event_name":"The Cleric","player_choice":"Card Removal","floor":2.0,"gold_loss":75.0,"damage_taken":0.0},{"damage_healed":0.0,"max_hp_gain":5.0,"max_hp_loss":0.0,"gold_gain":0.0,"event_name":"Big Fish","player_choice":"Donut","floor":3.0,"gold_loss":0.0,"damage_taken":0.0},{"damage_healed":0.0,"max_hp_gain":0.0,"max_hp_loss":0.0,"gold_gain":0.0,"event_name":"Living Wall","player_choice":"Grow","floor":4.0,"gold_loss":0.0,"damage_taken":0.0,"cards_upgraded":["Zap"]},{"damage_healed":0.0,"max_hp_gain":0.0,"max_hp_loss":0.0,"gold_gain":0.0,"event_name":"Golden Idol","player_choice":"Take Damage","floor":13.0,"gold_loss":0.0,"damage_taken":24.0,"relics_obtained":["Golden Idol"]}],"is_beta":true,"boss_relics":[],"items_purged_floors":[],"is_endless":false,"potions_floor_spawned":[1,5,8,12],"killed_by":"Slime Boss","ascension_level":20}