{"gold_per_floor":[115,135,149,74,147,181,181,121,121,196,228,228,258,30,30,105,105,124,16,66,82,97,125,125,159,159,194,36,136,23,23,23,97,97,107,125,125,140,140,169,169,29,82,101,101,132,132,159,159,159,159,159,159,10,44,44],"floor_reached":57,"playtime":9908,"items_purged":["Strike_G","Grand Finale"],"score":3425,"play_id":"688ce2d6-2d97-4e74-890d-faf2f2f4057a","local_time":"20190802131801","is_ascension_mode":true,"campfire_choices":[{"floor":7.0,"key":"REST"},{"data":"Wraith Form v2","floor":15.0,"key":"SMITH"},{"data":"Neutralize","floor":24.0,"key":"SMITH"},{"floor":32.0,"key":"REST"},{"floor":41.0,"key":"RECALL"},{"data":"Pain","floor":45.0,"key":"PURGE"},{"floor":49.0,"key":"REST"},{"data":"Dagger Throw","floor":53.0,"key":"PURGE"}],"neow_cost":"NONE","seed_source_timestamp":0,"circlet_count":0,"master_deck":["AscendersBane","Survivor","Neutralize+1","Predator","Dagger Throw+1","Sucker Punch","Cloak And Dagger","Poisoned Stab+1","Wraith Form v2+1","Backflip+1","Well Laid Plans","Deflect+1","Deadly Poison+1","Well Laid Plans","Burst+1","Burst+1","Well Laid Plans","Infinite Blades","Cloak And Dagger+1","Masterful Stab","Caltrops","Leg Sweep+1","PiercingWail+1","Dodge and Roll+1","Dodge and Roll+1","Deadly Poison+1","Acrobatics+1","Acrobatics+1","Footwork","Burst+1","Dodge and Roll+1","Tools of the Trade","Catalyst+1","Secret Technique+1","Thinking Ahead+1","Blur+1","PiercingWail+1","Backflip+1","Deadly Poison+1","Blur+1","Cloak And Dagger+1","Wraith Form v2","Dodge and Roll+1","Tactician+1","Outmaneuver+1","Deadly Poison+1"],"special_seed":0,"relics":["Ring of the Snake","The Courier","Anchor","Toxic Egg 2","Odd Mushroom","Pandora\u0027s Box","Ancient Tea Set","Whetstone","Smiling Mask","Potion Belt","Peace Pipe","Kunai","Black Star","WarpedTongs","Dead Branch","Art of War","Omamori","Singing Bowl","The Specimen","Pocketwatch","Gremlin Horn","Blue Candle"],"potions_floor_usage":[56,56,56,56,56],"damage_taken":[{"damage":0.0,"enemies":"2 Louse","floor":1.0,"turns":2.0},{"damage":0.0,"enemies":"Small Slimes","floor":2.0,"turns":3.0},{"damage":0.0,"enemies":"Cultist","floor":3.0,"turns":4.0},{"damage":43.0,"enemies":"Lagavulin","floor":6.0,"turns":7.0},{"damage":12.0,"enemies":"3 Sentries","floor":11.0,"turns":8.0},{"damage":14.0,"enemies":"The Mushroom Lair","floor":13.0,"turns":5.0},{"damage":20.0,"enemies":"The Guardian","floor":16.0,"turns":12.0},{"damage":3.0,"enemies":"Spheric Guardian","floor":18.0,"turns":5.0},{"damage":0.0,"enemies":"3 Byrds","floor":21.0,"turns":3.0},{"damage":0.0,"enemies":"Snake Plant","floor":22.0,"turns":6.0},{"damage":8.0,"enemies":"Gremlin Leader","floor":23.0,"turns":8.0},{"damage":17.0,"enemies":"Slavers","floor":25.0,"turns":8.0},{"damage":7.0,"enemies":"Gremlin Leader","floor":27.0,"turns":4.0},{"damage":6.0,"enemies":"Colosseum Slavers","floor":29.0,"turns":6.0},{"damage":3.0,"enemies":"Colosseum Nobs","floor":29.0,"turns":7.0},{"damage":0.0,"enemies":"Collector","floor":33.0,"turns":11.0},{"damage":3.0,"enemies":"Orb Walker","floor":35.0,"turns":6.0},{"damage":0.0,"enemies":"3 Shapes","floor":36.0,"turns":5.0},{"damage":11.0,"enemies":"Maw","floor":38.0,"turns":6.0},{"damage":1.0,"enemies":"Nemesis","floor":40.0,"turns":5.0},{"damage":3.0,"enemies":"Jaw Worm Horde","floor":44.0,"turns":7.0},{"damage":0.0,"enemies":"Reptomancer","floor":46.0,"turns":8.0},{"damage":0.0,"enemies":"Giant Head","floor":48.0,"turns":6.0},{"damage":0.0,"enemies":"Awakened One","floor":50.0,"turns":13.0},{"damage":0.0,"enemies":"Donu and Deca","floor":51.0,"turns":13.0},{"damage":0,"enemies":"Shield and Spear","floor":55,"turns":7},{"damage":15,"enemies":"The Heart","floor":56,"turns":6}],"seed_played":"6403513424722371000","potions_obtained":[{"floor":2.0,"key":"LiquidBronze"},{"floor":3.0,"key":"SkillPotion"},{"floor":6.0,"key":"FearPotion"},{"floor":16.0,"key":"Ancient Potion"},{"floor":18.0,"key":"Poison Potion"},{"floor":21.0,"key":"Block Potion"},{"floor":22.0,"key":"GhostInAJar"},{"floor":25.0,"key":"Strength Potion"},{"floor":27.0,"key":"EssenceOfSteel"},{"floor":36.0,"key":"Energy Potion"},{"floor":38.0,"key":"Energy Potion"},{"floor":40.0,"key":"Weak Potion"},{"floor":46.0,"key":"PowerPotion"},{"floor":55,"key":"EntropicBrew"}],"is_trial":false,"path_per_floor":["M","M","M","?","?","E","R","$","T","?","E","?","?","$","R","B",null,"M","$","?","M","M","E","R","E","T","E","$","?","$","?","R","B",null,"M","M","?","M","?","E","R","$","T","M","R","E","?","E","R","B","B",null,"R","$","E","B",null],"character_chosen":"THE_SILENT","items_purchased":["Backflip+1","Well Laid Plans","Deflect+1","Deadly Poison+1","Well Laid Plans","Leg Sweep+1","PiercingWail+1","Footwork","Energy Potion","Dodge and Roll+1","GhostInAJar","Backflip+1","Deadly Poison+1","Blur+1","Energy Potion","Tactician+1","Outmaneuver+1"],"campfire_rested":3,"item_purchase_floors":[14,14,14,14,14,19,19,28,28,30,30,42,42,42,54,54,54],"current_hp_per_floor":[65,65,65,65,65,22,43,43,43,32,20,44,30,30,30,10,57,54,54,54,54,54,46,46,29,29,22,22,13,13,13,34,34,63,60,60,55,44,44,43,43,43,43,40,40,40,40,40,61,61,61,69,69,69,69,54],"gold":44,"neow_bonus":"TEN_PERCENT_HP_BONUS","is_prod":false,"is_daily":false,"chose_seed":false,"campfire_upgraded":2,"win_rate":0,"timestamp":1564777081,"path_taken":["M","M","M","?","?","E","R","$","T","?","E","?","?","$","R","BOSS","M","$","?","?","M","E","R","E","T","E","$","?","?","?","R","BOSS","M","M","?","M","?","E","R","$","T","?","R","E","?","E","R","BOSS","BOSS","R","$","E","BOSS"],"build_version":"2019-07-17","purchased_purges":2,"victory":true,"max_hp_per_floor":[72,72,72,72,72,72,72,72,72,72,72,72,72,72,72,72,72,72,72,72,72,72,72,72,72,72,72,72,72,72,72,72,72,72,72,72,72,72,72,72,72,72,72,72,72,72,72,72,72,72,72,72,72,72,72,72],"card_choices":[{"not_picked":["Slice","Prepared"],"picked":"Predator","floor":1.0},{"not_picked":["Bane","Cloak And Dagger"],"picked":"Dagger Throw","floor":2.0},{"not_picked":["Cloak And Dagger","Blade Dance"],"picked":"Sucker Punch","floor":3.0},{"not_picked":["Flechettes","Escape Plan"],"picked":"Cloak And Dagger","floor":6.0},{"not_picked":["Dagger Spray","Accuracy"],"picked":"Poisoned Stab","floor":11.0},{"not_picked":["Deflect+1","All Out Attack"],"picked":"Wraith Form v2","floor":13.0},{"not_picked":["Grand Finale","Storm of Steel+1"],"picked":"Burst+1","floor":16.0},{"not_picked":["Reflex+1","Underhanded Strike+1","Flying Knee"],"picked":"SKIP","floor":18.0},{"not_picked":["Dagger Spray","Deflect+1"],"picked":"Dodge and Roll+1","floor":21.0},{"not_picked":["Reflex+1","Dagger Spray"],"picked":"Dodge and Roll+1","floor":22.0},{"not_picked":["Poisoned Stab","Riddle With Holes"],"picked":"Deadly Poison+1","floor":23.0},{"not_picked":["Tactician+1","Terror+1"],"picked":"Acrobatics+1","floor":25.0},{"not_picked":["Expertise+1","Outmaneuver+1"],"picked":"Acrobatics+1","floor":27.0},{"not_picked":["Quick Slash","Cloak And Dagger+1"],"picked":"Burst+1","floor":29.0},{"not_picked":["Unload","Grand Finale"],"picked":"Tools of the Trade","floor":33.0},{"not_picked":["Infinite Blades","Bane"],"picked":"Catalyst+1","floor":35.0},{"not_picked":["Quick Slash","Dagger Throw","Well Laid Plans"],"picked":"SKIP","floor":36.0},{"not_picked":["Forethought+1","Swift Strike"],"picked":"Secret Technique+1","floor":37.0},{"not_picked":["Jack Of All Trades+1","Deep Breath+1"],"picked":"Thinking Ahead+1","floor":37.0},{"not_picked":["Dodge and Roll+1","Acrobatics+1"],"picked":"Blur+1","floor":38.0},{"not_picked":["Unload","Expertise+1"],"picked":"PiercingWail+1","floor":40.0},{"not_picked":["Crippling Poison+1","Underhanded Strike"],"picked":"Cloak And Dagger+1","floor":44.0},{"not_picked":["Acrobatics+1","Blade Dance+1"],"picked":"Wraith Form v2","floor":46.0},{"not_picked":["Bane","Prepared+1"],"picked":"Dodge and Roll+1","floor":48.0},{"not_picked":["Dagger Throw+1","Quick Slash+1"],"picked":"Deadly Poison+1","floor":55}],"player_experience":1152969,"relics_obtained":[{"floor":6.0,"key":"The Courier"},{"floor":9.0,"key":"Anchor"},{"floor":11.0,"key":"Toxic Egg 2"},{"floor":13.0,"key":"Odd Mushroom"},{"floor":23.0,"key":"Ancient Tea Set"},{"floor":25.0,"key":"Whetstone"},{"floor":26.0,"key":"Smiling Mask"},{"floor":27.0,"key":"Potion Belt"},{"floor":29.0,"key":"Peace Pipe"},{"floor":29.0,"key":"Kunai"},{"floor":40.0,"key":"Dead Branch"},{"floor":40.0,"key":"Art of War"},{"floor":46.0,"key":"Omamori"},{"floor":46.0,"key":"Singing Bowl"},{"floor":48.0,"key":"The Specimen"},{"floor":48.0,"key":"Pocketwatch"},{"floor":55,"key":"Gremlin Horn"},{"floor":55,"key":"Blue Candle"}],"event_choices":[{"cards_removed":["Strike_G"],"damage_healed":0.0,"max_hp_gain":0.0,"max_hp_loss":0.0,"gold_gain":0.0,"event_name":"The Cleric","player_choice":"Card Removal","floor":4.0,"gold_loss":75.0,"damage_taken":0.0},{"damage_healed":0.0,"max_hp_gain":0.0,"max_hp_loss":0.0,"gold_gain":73.0,"event_name":"Golden Wing","player_choice":"Gained Gold","floor":5.0,"gold_loss":0.0,"damage_taken":0.0},{"damage_healed":0.0,"max_hp_gain":0.0,"max_hp_loss":0.0,"gold_gain":75.0,"event_name":"World of Goop","player_choice":"Gather Gold","floor":10.0,"gold_loss":0.0,"damage_taken":11.0},{"damage_healed":24.0,"max_hp_gain":0.0,"max_hp_loss":0.0,"gold_gain":0.0,"event_name":"Big Fish","player_choice":"Banana","floor":12.0,"gold_loss":0.0,"damage_taken":0.0},{"damage_healed":0.0,"max_hp_gain":0.0,"max_hp_loss":0.0,"gold_gain":0.0,"event_name":"Mushrooms","player_choice":"Fought Mushrooms","floor":13.0,"gold_loss":0.0,"damage_taken":0.0},{"damage_healed":0.0,"max_hp_gain":0.0,"max_hp_loss":0.0,"gold_gain":50.0,"event_name":"Golden Shrine","player_choice":"Pray","floor":20.0,"gold_loss":0.0,"damage_taken":0.0},{"damage_healed":0.0,"max_hp_gain":0.0,"max_hp_loss":0.0,"gold_gain":0.0,"event_name":"Colosseum","player_choice":"Fight","floor":29.0,"gold_loss":0.0,"damage_taken":0.0},{"damage_healed":0.0,"max_hp_gain":0.0,"max_hp_loss":0.0,"gold_gain":0.0,"event_name":"Colosseum","player_choice":"Fought Nobs","floor":29.0,"gold_loss":0.0,"damage_taken":0.0},{"damage_healed":0.0,"max_hp_gain":0.0,"max_hp_loss":0.0,"gold_gain":0.0,"event_name":"The Mausoleum","player_choice":"Ignored","floor":31.0,"gold_loss":0.0,"damage_taken":0.0},{"damage_healed":0.0,"max_hp_gain":0.0,"max_hp_loss":0.0,"gold_gain":0.0,"event_name":"SensoryStone","player_choice":"Memory 2","floor":37.0,"gold_loss":0.0,"damage_taken":5.0},{"damage_healed":0.0,"max_hp_gain":0.0,"max_hp_loss":0.0,"gold_gain":0.0,"event_name":"Accursed Blacksmith","player_choice":"Rummage","floor":39.0,"gold_loss":0.0,"damage_taken":0.0,"relics_obtained":["WarpedTongs"],"cards_obtained":["Pain"]},{"damage_healed":0.0,"max_hp_gain":0.0,"max_hp_loss":0.0,"gold_gain":0.0,"cards_transformed":["All Out Attack"],"event_name":"Transmorgrifier","player_choice":"Transformed","floor":47.0,"gold_loss":0.0,"damage_taken":0.0,"cards_obtained":["Dagger Throw"]}],"is_beta":false,"boss_relics":[{"not_picked":["Eternal Feather","White Beast Statue"],"picked":"Pandora\u0027s Box"},{"not_picked":["Ring of the Serpent","Lizard Tail"],"picked":"Black Star"}],"items_purged_floors":[8,28],"is_endless":false,"potions_floor_spawned":[2,3,6,16,18,21,22,25,27,36,38,40,46,55],"ascension_level":20}