{"gold_per_floor":[118,293,293,311,377,377,405,405,405,405,455,505,290,310,310,430,430,445,458,423,439,489,489,504,504,529,565,596,658,153,203,203,328,328,348,523,573,586,72,105,105,169,169,183,183,83,107,121,121,121,121,121,2,38,38],"floor_reached":55,"playtime":8106,"items_purged":["Doubt","Strike_B+1","Pain","Strike_B+1"],"score":748,"play_id":"757bfba0-4cc7-4fae-93c2-918364d1817f","local_time":"20190808201928","is_ascension_mode":true,"campfire_choices":[{"data":"Zap","floor":6,"key":"SMITH"},{"data":"Dualcast","floor":8,"key":"SMITH"},{"data":"Sweeping Beam","floor":10,"key":"SMITH"},{"data":"Static Discharge","floor":15,"key":"SMITH"},{"floor":23,"key":"RECALL"},{"floor":25,"key":"REST"},{"floor":32,"key":"REST"},{"data":"Coolheaded","floor":41,"key":"SMITH"},{"floor":45,"key":"REST"},{"floor":49,"key":"REST"},{"data":"Machine Learning","floor":52,"key":"SMITH"}],"neow_cost":"NONE","seed_source_timestamp":309773135218500,"circlet_count":0,"master_deck":["Defend_B+1","Defend_B+1","Defend_B+1","Defend_B+1","Zap+1","Dualcast+1","Streamline","Melter","Sweeping Beam+1","Ball Lightning","Static Discharge+1","Steam","Biased Cognition","Self Repair","Coolheaded+1","Conserve Battery","Skim","Coolheaded","Ball Lightning+1","Loop","All For One","Stack+1","Double Energy","Barrage","Capacitor","Leap","Purity","Machine Learning+1","Steam Power+1","Reinforced Body+1","Go for the Eyes+1","Capacitor","Redo","Gash+1","FTL+1","Gash+1","White Noise+1","Chill+1","Hologram","Tempest+1"],"relics":["Cracked Core","NeowsBlessing","SsserpentHead","Dodecahedron","Vajra","Golden Idol","Orrery","Kunai","MawBank","Bag of Preparation","Cursed Key","Shovel","Ornamental Fan","Emotion Chip","Dream Catcher","Blood Vial"],"potions_floor_usage":[13,14,24,27,33,33,48,50,50,55],"damage_taken":[{"damage":0,"enemies":"Jaw Worm","floor":1,"turns":1},{"damage":0,"enemies":"2 Louse","floor":4,"turns":1},{"damage":0,"enemies":"Cultist","floor":5,"turns":1},{"damage":25,"enemies":"3 Sentries","floor":7,"turns":7},{"damage":0,"enemies":"Large Slime","floor":14,"turns":2},{"damage":19,"enemies":"The Guardian","floor":16,"turns":8},{"damage":36,"enemies":"2 Thieves","floor":18,"turns":4},{"damage":8,"enemies":"3 Byrds","floor":19,"turns":3},{"damage":22,"enemies":"Snake Plant","floor":21,"turns":2},{"damage":2,"enemies":"Sentry and Sphere","floor":24,"turns":3},{"damage":24,"enemies":"Book of Stabbing","floor":27,"turns":5},{"damage":29,"enemies":"Shelled Parasite and Fungi","floor":28,"turns":5},{"damage":57,"enemies":"Collector","floor":33,"turns":10},{"damage":4,"enemies":"3 Darklings","floor":35,"turns":6},{"damage":29,"enemies":"Mind Bloom Boss Battle","floor":36,"turns":8},{"damage":2,"enemies":"3 Shapes","floor":38,"turns":3},{"damage":20,"enemies":"Reptomancer","floor":40,"turns":8},{"damage":18,"enemies":"Sphere and 2 Shapes","floor":42,"turns":6},{"damage":18,"enemies":"Spire Growth","floor":44,"turns":5},{"damage":17,"enemies":"Maw","floor":47,"turns":7},{"damage":30,"enemies":"Writhing Mass","floor":48,"turns":8},{"damage":23,"enemies":"Awakened One","floor":50,"turns":17},{"damage":15,"enemies":"Shield and Spear","floor":54,"turns":8},{"damage":71,"enemies":"The Heart","floor":55,"turns":9}],"seed_played":"6323707011606745933","potions_obtained":[{"floor":4,"key":"LiquidBronze"},{"floor":5,"key":"Explosive Potion"},{"floor":7,"key":"Fruit Juice"},{"floor":21,"key":"Swift Potion"},{"floor":27,"key":"GamblersBrew"},{"floor":33,"key":"Energy Potion"},{"floor":36,"key":"SpeedPotion"},{"floor":38,"key":"LiquidBronze"},{"floor":47,"key":"SteroidPotion"}],"is_trial":false,"path_per_floor":["M","?","?","M","M","R","E","R","T","R","?","?","$","M","R","B",null,"M","M","?","M","?","R","M","R","T","E","M","?","$","?","R","B",null,"M","?","T","M","$","E","R","M","T","M","R","$","M","M","R","B",null,"R","$","E","B"],"character_chosen":"DEFECT","items_purchased":["Ball Lightning","Static Discharge","Steam","Capacitor","Leap","Bag of Preparation","FocusPotion","Purity","Emotion Chip","Capacitor","Ancient Potion","Hologram"],"campfire_rested":4,"item_purchase_floors":[13,13,13,30,30,30,30,30,39,39,53,53],"current_hp_per_floor":[75,75,75,75,75,75,50,50,50,50,32,32,37,37,37,18,80,51,50,50,35,35,35,33,57,57,40,18,18,18,44,68,11,80,80,58,58,56,56,43,43,32,32,21,45,45,35,12,36,13,80,80,80,65,0],"gold":38,"neow_bonus":"THREE_ENEMY_KILL","is_prod":false,"is_daily":false,"chose_seed":false,"campfire_upgraded":6,"win_rate":0,"timestamp":1565263168,"path_taken":["M","?","?","M","?","R","E","R","T","R","?","?","$","M","R","BOSS","M","M","?","M","?","R","M","R","T","E","M","?","$","?","R","BOSS","M","?","?","M","$","E","R","?","T","M","R","?","M","M","R","BOSS","R","$","E","BOSS"],"build_version":"2019-07-17","purchased_purges":4,"victory":false,"max_hp_per_floor":[75,75,75,75,75,75,75,75,75,75,75,75,80,80,80,80,80,80,80,80,80,80,80,80,80,80,80,80,80,80,80,80,80,80,80,80,80,80,80,80,80,80,80,80,80,80,80,80,80,80,80,80,80,80,80],"card_choices":[{"not_picked":["Leap","Ball Lightning"],"picked":"Streamline","floor":1},{"not_picked":["Chaos","Darkness"],"picked":"Melter","floor":4},{"not_picked":["Turbo","Leap"],"picked":"Sweeping Beam","floor":5},{"not_picked":["Sweeping Beam","Melter","Fusion"],"picked":"SKIP","floor":7},{"not_picked":["Sweeping Beam","Melter","Fusion"],"picked":"SKIP","floor":7},{"not_picked":["Recycle","Heatsinks","Hologram"],"picked":"SKIP","floor":14},{"not_picked":["Creative AI","Multi-Cast"],"picked":"Biased Cognition","floor":16},{"not_picked":["Skim","Conserve Battery"],"picked":"Self Repair","floor":17},{"not_picked":["Darkness","Beam Cell"],"picked":"Coolheaded","floor":17},{"not_picked":["Storm","Stack"],"picked":"Conserve Battery","floor":17},{"not_picked":["Coolheaded","Undo"],"picked":"Skim","floor":17},{"not_picked":["Heatsinks","Blizzard"],"picked":"Coolheaded","floor":17},{"not_picked":["Stack","Reboot"],"picked":"Ball Lightning+1","floor":18},{"not_picked":["Barrage","Rebound","Sweeping Beam"],"picked":"SKIP","floor":19},{"not_picked":["Compile Driver","Hologram"],"picked":"Loop","floor":21},{"not_picked":["Rainbow","Streamline","Rip and Tear"],"picked":"SKIP","floor":24},{"not_picked":["Beam Cell","Fusion"],"picked":"All For One","floor":27},{"not_picked":["Steam Power","Sweeping Beam"],"picked":"Stack+1","floor":28},{"not_picked":["Creative AI","Rainbow"],"picked":"Machine Learning","floor":33},{"not_picked":["Rip and Tear+1","Sweeping Beam+1"],"picked":"Steam Power+1","floor":35},{"not_picked":["Stack","Redo"],"picked":"Reinforced Body+1","floor":36},{"not_picked":["Stack","Sweeping Beam"],"picked":"Go for the Eyes+1","floor":38},{"not_picked":["Turbo","Steam"],"picked":"Redo","floor":40},{"not_picked":["Cold Snap","Rainbow","Hologram"],"picked":"SKIP","floor":42},{"not_picked":["Rebound","Go for the Eyes"],"picked":"Gash+1","floor":44},{"not_picked":["Ball Lightning","Undo"],"picked":"FTL+1","floor":45},{"not_picked":["Streamline+1","Capacitor"],"picked":"Gash+1","floor":47},{"not_picked":["Skim+1","FTL+1"],"picked":"White Noise+1","floor":48},{"not_picked":["Conserve Battery+1","Recycle+1"],"picked":"Chill+1","floor":49},{"not_picked":["Redo","Conserve Battery"],"picked":"Tempest+1","floor":54}],"player_experience":223901,"relics_obtained":[{"floor":7,"key":"Dodecahedron"},{"floor":9,"key":"Vajra"},{"floor":27,"key":"MawBank"},{"floor":36,"key":"Shovel"},{"floor":37,"key":"Ornamental Fan"},{"floor":40,"key":"Dream Catcher"},{"floor":54,"key":"Blood Vial"}],"event_choices":[{"damage_healed":0,"gold_gain":175,"player_choice":"AGREE","damage_taken":0,"max_hp_gain":0,"max_hp_loss":0,"event_name":"Liars Game","floor":2,"gold_loss":0,"cards_obtained":["Doubt"]},{"damage_healed":0,"gold_gain":0,"player_choice":"Trade","damage_taken":0,"relics_obtained":["SsserpentHead"],"max_hp_gain":0,"max_hp_loss":0,"event_name":"FaceTrader","floor":3,"gold_loss":0},{"damage_healed":0,"gold_gain":0,"player_choice":"Take Damage","damage_taken":18,"relics_obtained":["Golden Idol"],"max_hp_gain":0,"max_hp_loss":0,"event_name":"Golden Idol","floor":11,"gold_loss":0},{"damage_healed":0,"gold_gain":0,"cards_transformed":["Strike_B"],"player_choice":"Transformed","damage_taken":0,"max_hp_gain":0,"max_hp_loss":0,"event_name":"Transmorgrifier","floor":12,"gold_loss":0,"cards_obtained":["Hello World"]},{"damage_healed":0,"gold_gain":0,"player_choice":"Obtained Relic","damage_taken":0,"relics_obtained":["Kunai"],"max_hp_gain":0,"max_hp_loss":0,"event_name":"Addict","floor":20,"gold_loss":85},{"damage_healed":0,"gold_gain":0,"player_choice":"Simplicity","damage_taken":0,"max_hp_gain":0,"max_hp_loss":0,"event_name":"Back to Basics","floor":22,"gold_loss":0,"cards_upgraded":["Strike_B","Strike_B","Strike_B","Defend_B","Defend_B","Defend_B","Defend_B"]},{"damage_healed":0,"gold_gain":0,"cards_transformed":["Hello World","Strike_B"],"player_choice":"Became Test Subject","damage_taken":0,"max_hp_gain":0,"max_hp_loss":0,"event_name":"Drug Dealer","floor":29,"gold_loss":0,"cards_obtained":["Double Energy","Barrage"]},{"damage_healed":26,"gold_gain":0,"player_choice":"Heal","damage_taken":0,"max_hp_gain":0,"max_hp_loss":0,"event_name":"The Library","floor":31,"gold_loss":0},{"damage_healed":0,"gold_gain":0,"player_choice":"Fight","damage_taken":0,"max_hp_gain":0,"max_hp_loss":0,"event_name":"MindBloom","floor":36,"gold_loss":0}],"is_beta":false,"boss_relics":[{"not_picked":["Fusion Hammer","Coffee Dripper"],"picked":"Orrery"},{"not_picked":["Velvet Choker","Philosopher\u0027s Stone"],"picked":"Cursed Key"}],"items_purged_floors":[13,30,39,46],"is_endless":false,"potions_floor_spawned":[4,5,7,21,27,33,36,38,44,47],"killed_by":"The Heart","ascension_level":1}