{"gold_per_floor":[112,127,127,141,159,159,159,193,271,346,346,374,374,387,387,387],"floor_reached":16,"playtime":404,"items_purged":[],"score":220,"play_id":"020d7c63-f381-4a1d-918c-2d1c18c9990c","local_time":"20190719021828","is_ascension_mode":true,"campfire_choices":[{"data":"Hello World","floor":6,"key":"SMITH"},{"floor":13,"key":"REST"},{"data":"Zap","floor":15,"key":"SMITH"}],"neow_cost":"TEN_PERCENT_HP_LOSS","seed_source_timestamp":41405039467649,"circlet_count":0,"master_deck":["AscendersBane","Strike_B","Strike_B","Strike_B","Strike_B","Defend_B","Defend_B","Defend_B","Defend_B","Zap+1","Dualcast+1","Ball Lightning","Compile Driver","Hello World+1","Coolheaded+1","Seek","Sweeping Beam","Coolheaded"],"relics":["Cracked Core","Ginger","Smiling Mask","Bottled Tornado","Pantograph","War Paint"],"potions_floor_usage":[8,12,16],"damage_taken":[{"damage":3,"enemies":"2 Louse","floor":1,"turns":3},{"damage":9,"enemies":"Jaw Worm","floor":2,"turns":3},{"damage":5,"enemies":"Small Slimes","floor":4,"turns":3},{"damage":7,"enemies":"Looter","floor":5,"turns":3},{"damage":24,"enemies":"Gremlin Nob","floor":8,"turns":4},{"damage":8,"enemies":"Lagavulin","floor":12,"turns":6},{"damage":13,"enemies":"Large Slime","floor":14,"turns":5},{"damage":38,"enemies":"Hexaghost","floor":16,"turns":9}],"seed_played":"5775861402496958304","potions_obtained":[{"floor":4,"key":"SpeedPotion"},{"floor":5,"key":"Ancient Potion"},{"floor":12,"key":"Explosive Potion"}],"is_trial":false,"path_per_floor":["M","M","?","M","M","R","T","E","T","?","?","E","R","M","R","B"],"character_chosen":"DEFECT","items_purchased":[],"campfire_rested":1,"item_purchase_floors":[],"current_hp_per_floor":[61,52,57,52,45,45,45,21,21,10,10,2,22,9,9,0],"gold":387,"neow_bonus":"ONE_RARE_RELIC","is_prod":false,"is_daily":false,"chose_seed":false,"campfire_upgraded":2,"win_rate":0,"timestamp":1563495508,"path_taken":["M","M","?","M","M","R","?","E","T","?","?","E","R","M","R","BOSS"],"build_version":"2019-07-10","purchased_purges":0,"victory":false,"max_hp_per_floor":[64,64,69,69,69,69,69,69,69,69,69,69,69,69,69,69],"card_choices":[{"not_picked":["Reinforced Body","Loop"],"picked":"Ball Lightning","floor":1},{"not_picked":["Blizzard","Streamline"],"picked":"Compile Driver","floor":2},{"not_picked":["Stack","Redo"],"picked":"Hello World","floor":4},{"not_picked":["Barrage","Hologram"],"picked":"Coolheaded","floor":5},{"not_picked":["Skim","Reprogram"],"picked":"Seek","floor":8},{"not_picked":["Steam","Hologram"],"picked":"Sweeping Beam","floor":12},{"not_picked":["Blizzard","Reinforced Body"],"picked":"Coolheaded","floor":14}],"player_experience":1897035,"relics_obtained":[{"floor":7,"key":"Smiling Mask"},{"floor":8,"key":"Bottled Tornado"},{"floor":9,"key":"Pantograph"},{"floor":12,"key":"War Paint"}],"event_choices":[{"damage_healed":0,"gold_gain":0,"player_choice":"Donut","damage_taken":0,"max_hp_gain":5,"max_hp_loss":0,"event_name":"Big Fish","floor":3,"gold_loss":0},{"damage_healed":0,"gold_gain":75,"player_choice":"Gather Gold","damage_taken":11,"max_hp_gain":0,"max_hp_loss":0,"event_name":"World of Goop","floor":10,"gold_loss":0},{"damage_healed":0,"gold_gain":0,"player_choice":"Ignored","damage_taken":0,"max_hp_gain":0,"max_hp_loss":0,"event_name":"Liars Game","floor":11,"gold_loss":0}],"is_beta":true,"boss_relics":[],"items_purged_floors":[],"is_endless":false,"potions_floor_spawned":[4,5,12],"killed_by":"Hexaghost","ascension_level":20}