{"gold_per_floor":[115,40,58,75,92,119,119,139,139,139,139,174,174,202,202,202],"floor_reached":16,"playtime":440,"items_purged":["Strike_B"],"score":240,"play_id":"5a8d3137-6c78-4503-8996-e4b928425149","local_time":"20190719171103","is_ascension_mode":true,"campfire_choices":[{"data":"Defragment","floor":7,"key":"SMITH"},{"floor":10,"key":"REST"},{"floor":15,"key":"REST"}],"neow_cost":"NONE","seed_source_timestamp":94923694852747,"circlet_count":0,"master_deck":["AscendersBane","Strike_B","Strike_B","Strike_B","Defend_B","Defend_B","Defend_B","Defend_B","Zap+1","Dualcast","Hello World+1","Glacier","Melter","Doom and Gloom","Defragment+1","Static Discharge+1","Coolheaded","BootSequence"],"relics":["Cracked Core","Sundial","Boot","PreservedInsect","Frozen Egg 2"],"potions_floor_usage":[],"damage_taken":[{"damage":0,"enemies":"2 Louse","floor":1,"turns":2},{"damage":5,"enemies":"Small Slimes","floor":3,"turns":3},{"damage":0,"enemies":"Cultist","floor":4,"turns":4},{"damage":5,"enemies":"Gremlin Gang","floor":5,"turns":7},{"damage":11,"enemies":"Lagavulin","floor":6,"turns":8},{"damage":12,"enemies":"3 Louse","floor":8,"turns":2},{"damage":41,"enemies":"Gremlin Nob","floor":12,"turns":4},{"damage":3,"enemies":"Lagavulin","floor":14,"turns":5},{"damage":34,"enemies":"The Guardian","floor":16,"turns":2}],"seed_played":"103981026572841877","potions_obtained":[{"floor":3,"key":"Ancient Potion"},{"floor":4,"key":"Energy Potion"}],"is_trial":false,"path_per_floor":["M","$","M","M","M","E","R","M","T","R","?","E","?","E","R","B"],"character_chosen":"DEFECT","items_purchased":[],"campfire_rested":2,"item_purchase_floors":[],"current_hp_per_floor":[64,64,59,59,54,43,43,31,31,52,52,11,11,8,29,0],"gold":202,"neow_bonus":"UPGRADE_CARD","is_prod":false,"is_daily":false,"chose_seed":false,"campfire_upgraded":1,"win_rate":0,"timestamp":1563549063,"path_taken":["M","$","M","M","M","E","R","M","T","R","?","E","?","E","R","BOSS"],"build_version":"2019-07-18","purchased_purges":1,"victory":false,"max_hp_per_floor":[71,71,71,71,71,71,71,71,71,71,71,71,71,71,71,71],"card_choices":[{"not_picked":["Redo","Tempest"],"picked":"Hello World","floor":1},{"not_picked":["Streamline","Steam"],"picked":"Glacier","floor":3},{"not_picked":["Streamline","Rebound"],"picked":"Melter","floor":4},{"not_picked":["Conserve Battery","FTL"],"picked":"Doom and Gloom","floor":5},{"not_picked":["Leap","Redo"],"picked":"Defragment","floor":6},{"not_picked":["Rip and Tear","Gash"],"picked":"Static Discharge","floor":8},{"not_picked":["Leap","Conserve Battery"],"picked":"Coolheaded","floor":12},{"not_picked":["Leap","Sunder"],"picked":"BootSequence","floor":14}],"player_experience":1899453,"relics_obtained":[{"floor":6,"key":"Sundial"},{"floor":9,"key":"Boot"},{"floor":12,"key":"PreservedInsect"},{"floor":14,"key":"Frozen Egg 2"}],"event_choices":[{"damage_healed":0,"gold_gain":0,"player_choice":"Grow","damage_taken":0,"max_hp_gain":0,"max_hp_loss":0,"event_name":"Living Wall","floor":11,"gold_loss":0,"cards_upgraded":["Static Discharge"]},{"damage_healed":0,"gold_gain":0,"player_choice":"Forge","damage_taken":0,"max_hp_gain":0,"max_hp_loss":0,"event_name":"Accursed Blacksmith","floor":13,"gold_loss":0,"cards_upgraded":["Hello World"]}],"is_beta":true,"boss_relics":[],"items_purged_floors":[2],"is_endless":false,"potions_floor_spawned":[3,4],"killed_by":"The Guardian","ascension_level":20}