{"gold_per_floor":[110,110,60,60,73,73,98,98,98,113,129,129,142,160,160,264,264,274,291,304,321,246,246,260,260,260,278,278,38,69,69,69,169,169,182,182,92,103,103],"floor_reached":39,"playtime":4229,"items_purged":[],"score":403,"play_id":"8bbd7e9a-4728-453b-b413-5a275333bf94","local_time":"20190811132248","is_ascension_mode":false,"campfire_choices":[{"data":"Sword Boomerang","floor":6,"key":"SMITH"},{"floor":8,"key":"REST"},{"data":"Corruption","floor":12,"key":"SMITH"},{"data":"Shrug It Off","floor":15,"key":"SMITH"},{"floor":23,"key":"REST"},{"floor":28,"key":"REST"},{"floor":32,"key":"REST"}],"neow_cost":"","seed_source_timestamp":16250452592409,"circlet_count":0,"master_deck":["Defend_R","Defend_R","Defend_R","Defend_R","Sword Boomerang+1","Sever Soul","Reaper","Corruption+1","Armaments","Carnage+1","Shrug It Off+1","Dark Embrace+1","Ghostly Armor","Intimidate","Burning Pact","Uppercut+1","Intimidate","Anger+1","Berserk","Reaper+1","Battle Trance","Uppercut+1","Feed+1","Shockwave+1","Madness","Madness","Sever Soul+1"],"relics":["Burning Blood","Dodecahedron","Molten Egg 2","Lizard Tail","Strawberry","OrangePellets","Potion Belt","Eternal Feather"],"potions_floor_usage":[7,16,16,16,20,21,21,24,30,30],"damage_taken":[{"damage":0,"enemies":"Small Slimes","floor":1,"turns":3},{"damage":2,"enemies":"2 Louse","floor":5,"turns":3},{"damage":58,"enemies":"3 Sentries","floor":7,"turns":9},{"damage":4,"enemies":"Cultist","floor":10,"turns":4},{"damage":10,"enemies":"Exordium Wildlife","floor":11,"turns":4},{"damage":10,"enemies":"Large Slime","floor":13,"turns":8},{"damage":6,"enemies":"Blue Slaver","floor":14,"turns":4},{"damage":39,"enemies":"The Guardian","floor":16,"turns":8},{"damage":0,"enemies":"Spheric Guardian","floor":18,"turns":3},{"damage":21,"enemies":"Chosen","floor":19,"turns":6},{"damage":88,"enemies":"Sentry and Sphere","floor":20,"turns":11},{"damage":46,"enemies":"Centurion and Healer","floor":21,"turns":10},{"damage":22,"enemies":"Snake Plant","floor":24,"turns":5},{"damage":11,"enemies":"Snecko","floor":27,"turns":5},{"damage":19,"enemies":"Book of Stabbing","floor":30,"turns":6},{"damage":90,"enemies":"Champ","floor":33,"turns":13},{"damage":15,"enemies":"Orb Walker","floor":35,"turns":4},{"damage":44,"enemies":"3 Darklings","floor":38,"turns":6},{"damage":48,"enemies":"Jaw Worm Horde","floor":39,"turns":5}],"seed_played":"-1549531234648737686","potions_obtained":[{"floor":5,"key":"SpeedPotion"},{"floor":11,"key":"Weak Potion"},{"floor":13,"key":"Weak Potion"},{"floor":14,"key":"SteroidPotion"},{"floor":16,"key":"BloodPotion"},{"floor":18,"key":"Strength Potion"},{"floor":19,"key":"Swift Potion"},{"floor":21,"key":"Weak Potion"},{"floor":24,"key":"SpeedPotion"},{"floor":38,"key":"GamblersBrew"}],"is_trial":false,"path_per_floor":["M","?","?","?","M","R","E","R","T","M","M","R","M","M","R","B",null,"M","M","M","M","?","R","M","?","T","M","R","$","E","?","R","B",null,"M","?","?","M","M"],"character_chosen":"IRONCLAD","items_purchased":["SpeedPotion","OrangePellets"],"campfire_rested":4,"item_purchase_floors":[29,29],"current_hp_per_floor":[80,80,80,80,80,80,28,52,52,58,62,62,62,65,65,36,80,80,69,7,22,22,46,30,30,37,38,64,64,62,62,87,14,87,78,67,67,48,0],"gold":103,"neow_bonus":"","is_prod":false,"is_daily":false,"chose_seed":false,"campfire_upgraded":3,"win_rate":0.0,"timestamp":1565544168,"path_taken":["M","?","?","?","M","R","E","R","T","M","M","R","M","M","R","BOSS","M","M","?","M","?","R","M","?","T","M","R","$","E","?","R","BOSS","M","?","?","M","M"],"build_version":"2019-07-17","purchased_purges":0,"victory":false,"max_hp_per_floor":[80,80,80,80,80,80,80,80,80,80,80,80,80,80,80,80,80,80,80,80,80,80,80,80,80,87,87,87,87,87,87,87,87,87,87,87,87,87,87],"card_choices":[{"not_picked":["Cleave","Thunderclap"],"picked":"Sword Boomerang","floor":1},{"not_picked":["Blood for Blood","Sword Boomerang"],"picked":"Sever Soul","floor":5},{"not_picked":["True Grit","Pommel Strike"],"picked":"Reaper","floor":7},{"not_picked":["Thunderclap+1","Warcry"],"picked":"Corruption","floor":10},{"not_picked":["Rage","Headbutt+1"],"picked":"Armaments","floor":11},{"not_picked":["True Grit","Rupture"],"picked":"Carnage+1","floor":13},{"not_picked":["Twin Strike+1","Clothesline+1"],"picked":"Shrug It Off","floor":14},{"not_picked":["Double Tap","Brutality"],"picked":"Dark Embrace","floor":16},{"not_picked":["Perfected Strike+1","Whirlwind+1"],"picked":"Ghostly Armor","floor":18},{"not_picked":["True Grit","Sword Boomerang+1"],"picked":"Intimidate","floor":19},{"not_picked":["Anger+1","Flex"],"picked":"Burning Pact","floor":20},{"not_picked":["Flex","Shrug It Off"],"picked":"Uppercut+1","floor":21},{"not_picked":["Pommel Strike+1","Thunderclap+1"],"picked":"Intimidate","floor":24},{"not_picked":["Battle Trance","Pommel Strike+1"],"picked":"Reaper+1","floor":27},{"not_picked":["True Grit","Whirlwind+1"],"picked":"Battle Trance","floor":30},{"not_picked":["Dark Embrace","Impervious"],"picked":"Feed+1","floor":33},{"not_picked":["Searing Blow+1","Sever Soul+1"],"picked":"Shockwave+1","floor":35},{"not_picked":["Iron Wave+1","Anger+1"],"picked":"Sever Soul+1","floor":38}],"player_experience":0,"relics_obtained":[{"floor":7,"key":"Dodecahedron"},{"floor":9,"key":"Molten Egg 2"},{"floor":26,"key":"Strawberry"},{"floor":30,"key":"Potion Belt"}],"event_choices":[{"damage_healed":0,"gold_gain":0,"player_choice":"Ignored","damage_taken":0,"max_hp_gain":0,"max_hp_loss":0,"event_name":"Liars Game","floor":2,"gold_loss":0},{"cards_removed":["Strike_R"],"damage_healed":0,"gold_gain":0,"player_choice":"Card Removal","damage_taken":0,"max_hp_gain":0,"max_hp_loss":0,"event_name":"The Cleric","floor":3,"gold_loss":50},{"cards_removed":["Strike_R"],"damage_healed":0,"gold_gain":0,"player_choice":"Offered Basic","damage_taken":0,"max_hp_gain":0,"max_hp_loss":0,"event_name":"Bonfire Elementals","floor":4,"gold_loss":0},{"cards_removed":["Strike_R"],"damage_healed":0,"gold_gain":0,"player_choice":"Gave Gold","damage_taken":0,"max_hp_gain":0,"max_hp_loss":0,"event_name":"Beggar","floor":22,"gold_loss":75},{"damage_healed":0,"gold_gain":0,"cards_transformed":["Strike_R","Strike_R"],"player_choice":"Became Test Subject","damage_taken":0,"max_hp_gain":0,"max_hp_loss":0,"event_name":"Drug Dealer","floor":25,"gold_loss":0,"cards_obtained":["Anger","Berserk"]},{"damage_healed":0,"gold_gain":0,"player_choice":"Read","damage_taken":0,"max_hp_gain":0,"max_hp_loss":0,"event_name":"The Library","floor":31,"gold_loss":0,"cards_obtained":["Uppercut"]},{"damage_healed":0,"gold_gain":0,"player_choice":"Embrace Madness","damage_taken":11,"max_hp_gain":0,"max_hp_loss":0,"event_name":"Winding Halls","floor":36,"gold_loss":0,"cards_obtained":["Madness","Madness"]},{"cards_removed":["Bash"],"damage_healed":0,"gold_gain":0,"player_choice":"Upgrade and Remove","damage_taken":0,"max_hp_gain":0,"max_hp_loss":0,"event_name":"Designer","floor":37,"gold_loss":90,"cards_upgraded":["Dark Embrace"]}],"is_beta":false,"boss_relics":[{"not_picked":["Black Star","Tiny House"],"picked":"Lizard Tail"},{"not_picked":["Astrolabe","White Beast Statue"],"picked":"Eternal Feather"}],"items_purged_floors":[],"is_endless":false,"potions_floor_spawned":[5,11,13,14,16,18,19,21,24,38],"killed_by":"Jaw Worm Horde","ascension_level":0}