{"gold_per_floor":[109,109,17,92,105,105,105,105,187,201,67,81,110,120,120,120],"floor_reached":16,"playtime":367,"items_purged":["Defend_B"],"score":200,"play_id":"bdc88243-20cd-4ea0-9a55-febe54f230ea","local_time":"20190621174930","is_ascension_mode":true,"campfire_choices":[{"data":"Go for the Eyes","floor":6,"key":"SMITH"},{"data":"Zap","floor":8,"key":"SMITH"},{"data":"Coolheaded","floor":15,"key":"SMITH"}],"neow_cost":"NONE","seed_source_timestamp":17963926588965,"circlet_count":0,"master_deck":["AscendersBane","Strike_B","Strike_B","Strike_B","Defend_B","Defend_B","Defend_B","Zap+1","Dualcast","FTL","Go for the Eyes+1","Seek","Sweeping Beam","Compile Driver","Coolheaded","Coolheaded+1"],"relics":["Cracked Core","Bird Faced Urn","Bottled Lightning","DataDisk"],"potions_floor_usage":[13,14,16],"damage_taken":[{"damage":1,"enemies":"Cultist","floor":1,"turns":4},{"damage":8,"enemies":"Small Slimes","floor":5,"turns":3},{"damage":0,"enemies":"2 Louse","floor":10,"turns":2},{"damage":14,"enemies":"Red Slaver","floor":12,"turns":2},{"damage":10,"enemies":"Lagavulin","floor":13,"turns":5},{"damage":1,"enemies":"2 Fungi Beasts","floor":14,"turns":2},{"damage":24,"enemies":"Hexaghost","floor":16,"turns":11}],"seed_played":"-1216563598381108015","potions_obtained":[{"floor":5,"key":"FearPotion"},{"floor":12,"key":"Swift Potion"},{"floor":13,"key":"Regen Potion"}],"is_trial":false,"path_per_floor":["M","$","$","?","M","R","?","R","T","M","$","M","E","M","R","B"],"character_chosen":"DEFECT","items_purchased":["FTL","Go for the Eyes","Sweeping Beam"],"campfire_rested":0,"item_purchase_floors":[3,3,11],"current_hp_per_floor":[63,63,63,52,44,44,44,44,44,44,44,30,20,24,24,0],"gold":120,"neow_bonus":"REMOVE_CARD","is_prod":false,"is_daily":false,"chose_seed":false,"campfire_upgraded":3,"win_rate":0,"timestamp":1561132170,"path_taken":["M","?","$","?","M","R","?","R","T","M","$","?","E","M","R","BOSS"],"build_version":"2019-06-19","purchased_purges":1,"victory":false,"max_hp_per_floor":[71,71,71,71,71,71,71,71,71,71,71,71,71,71,71,71],"card_choices":[{"not_picked":["Stack","Rebound","Redo"],"picked":"SKIP","floor":1},{"not_picked":["Beam Cell","Go for the Eyes"],"picked":"Steam","floor":5},{"not_picked":["Steam","Barrage"],"picked":"Seek","floor":10},{"not_picked":["Streamline","Consume"],"picked":"Compile Driver","floor":12},{"not_picked":["Conserve Battery","Leap"],"picked":"Coolheaded","floor":13},{"not_picked":["Fusion","Skim"],"picked":"Coolheaded","floor":14}],"player_experience":1753110,"relics_obtained":[{"floor":9,"key":"Bottled Lightning"},{"floor":13,"key":"DataDisk"}],"event_choices":[{"damage_healed":0,"gold_gain":75,"player_choice":"Gather Gold","damage_taken":11,"max_hp_gain":0,"max_hp_loss":0,"event_name":"World of Goop","floor":4,"gold_loss":0},{"cards_removed":["Steam"],"damage_healed":0,"gold_gain":0,"player_choice":"Gave Card","damage_taken":0,"relics_obtained":["Bird Faced Urn"],"max_hp_gain":0,"max_hp_loss":0,"event_name":"WeMeetAgain","floor":7,"gold_loss":0}],"is_beta":true,"boss_relics":[],"items_purged_floors":[11],"is_endless":false,"potions_floor_spawned":[5,12,13],"killed_by":"Hexaghost","ascension_level":20}