{"gold_per_floor":[109,109,124,124,124,156,8,8,8,8,35,53,53,86,86,183,183,199,215,215,215,230,230,240,253,303,1,0,0,0,16,16,16],"floor_reached":33,"playtime":6139,"items_purged":["Strike_G","Finisher"],"score":263,"play_id":"8b50206b-e73f-4d7a-b4d0-479a89d7fb5a","local_time":"20190803012417","is_ascension_mode":false,"campfire_choices":[{"floor":8.0,"key":"REST"},{"floor":10,"key":"REST"},{"floor":13,"key":"REST"},{"data":"Poisoned Stab","floor":15,"key":"SMITH"},{"floor":23,"key":"REST"},{"floor":30,"key":"REST"},{"floor":32,"key":"REST"}],"neow_cost":"NONE","seed_source_timestamp":0,"circlet_count":0,"master_deck":["Defend_G","Defend_G","Defend_G","Defend_G","Defend_G","Strike_G","Strike_G+1","Strike_G+1","Strike_G+1","Survivor+1","Neutralize+1","Prepared","Calculated Gamble+1","Escape Plan","Well Laid Plans","Dodge and Roll","Poisoned Stab+1","Tools of the Trade","Flying Knee","Bouncing Flask","RitualDagger","Reflex+1","Tactician","Tactician","Sucker Punch","Sucker Punch","After Image","Terror"],"special_seed":0,"relics":["Ring of the Snake","Thread and Needle","Whetstone","Matryoshka","Snake Skull","Black Star","Dream Catcher","Strawberry"],"potions_floor_usage":[16,24,29,31],"damage_taken":[{"damage":0.0,"enemies":"Small Slimes","floor":1.0,"turns":4.0},{"damage":0.0,"enemies":"Jaw Worm","floor":3.0,"turns":3.0},{"damage":26.0,"enemies":"3 Sentries","floor":6.0,"turns":12.0},{"damage":26,"enemies":"Gremlin Nob","floor":11,"turns":5},{"damage":0,"enemies":"Cultist","floor":12,"turns":3},{"damage":6,"enemies":"3 Sentries","floor":14,"turns":11},{"damage":58,"enemies":"Slime Boss","floor":16,"turns":22},{"damage":1,"enemies":"Chosen","floor":18,"turns":6},{"damage":0,"enemies":"Shell Parasite","floor":19,"turns":7},{"damage":36,"enemies":"Cultist and Chosen","floor":22,"turns":11},{"damage":28,"enemies":"Centurion and Healer","floor":24,"turns":12},{"damage":12,"enemies":"Snake Plant","floor":25,"turns":4},{"damage":7,"enemies":"Colosseum Slavers","floor":29,"turns":7},{"damage":37,"enemies":"3 Cultists","floor":31,"turns":10},{"damage":39,"enemies":"Automaton","floor":33,"turns":6}],"seed_played":"3352369449811000108","potions_obtained":[{"floor":3.0,"key":"AttackPotion"},{"floor":12,"key":"FairyPotion"},{"floor":14,"key":"Explosive Potion"},{"floor":18,"key":"Energy Potion"},{"floor":19,"key":"FearPotion"},{"floor":24,"key":"GhostInAJar"}],"is_trial":false,"path_per_floor":["M","?","M","?","?","E","$","R","T","R","E","M","R","E","R","B",null,"M","M","?","?","M","R","M","M","T","$","?","?","R","M","R","B"],"character_chosen":"THE_SILENT","items_purchased":["Finisher","Tactician","Sucker Punch","GhostInAJar"],"campfire_rested":6,"item_purchase_floors":[7,27,27,27],"current_hp_per_floor":[70,56,56,56,56,30,30,51,51,70,44,44,65,59,59,1,70,69,69,69,63,27,48,20,8,15,15,15,8,31,6,29,0],"gold":16,"neow_bonus":"UPGRADE_CARD","is_prod":false,"is_daily":false,"chose_seed":false,"campfire_upgraded":1,"win_rate":0.0,"timestamp":1564813457,"path_taken":["M","?","M","?","?","E","$","R","T","R","E","M","R","E","R","BOSS","M","M","?","?","M","R","M","M","T","$","?","?","R","?","R","BOSS"],"build_version":"2019-01-23","purchased_purges":2,"victory":false,"max_hp_per_floor":[70,70,70,70,70,70,70,70,70,70,70,70,70,70,70,70,70,70,70,70,70,70,70,70,70,77,77,77,77,77,77,77,77],"card_choices":[{"not_picked":["Poisoned Stab","Underhanded Strike"],"picked":"Prepared","floor":1.0},{"not_picked":["Blade Dance","Flying Knee"],"picked":"Calculated Gamble","floor":3.0},{"not_picked":["Outmaneuver","Poisoned Stab"],"picked":"Escape Plan","floor":6.0},{"not_picked":["Blade Dance","Tactician"],"picked":"Well Laid Plans","floor":11},{"not_picked":["Underhanded Strike","Blur"],"picked":"Dodge and Roll","floor":12},{"not_picked":["Dagger Spray","Quick Slash"],"picked":"Poisoned Stab","floor":14},{"not_picked":["Wraith Form v2","Phantasmal Killer"],"picked":"Tools of the Trade","floor":16},{"not_picked":["Blade Dance","Prepared"],"picked":"Flying Knee","floor":18},{"not_picked":["Dagger Spray","Eviscerate+1"],"picked":"Bouncing Flask","floor":19},{"not_picked":["Unload","Choke"],"picked":"Reflex+1","floor":22},{"not_picked":["Acrobatics","Deflect"],"picked":"Tactician","floor":24},{"not_picked":["Deflect","Dagger Spray","Heel Hook"],"picked":"SKIP","floor":25},{"not_picked":["Backstab","Predator"],"picked":"Sucker Punch","floor":30},{"not_picked":["Sucker Punch","Quick Slash"],"picked":"After Image","floor":31},{"not_picked":["Riddle With Holes","Quick Slash+1"],"picked":"Terror","floor":32}],"player_experience":54617,"relics_obtained":[{"floor":6.0,"key":"Thread and Needle"},{"floor":9.0,"key":"Whetstone"},{"floor":11,"key":"Matryoshka"},{"floor":14,"key":"Snake Skull"},{"floor":26,"key":"Dream Catcher"},{"floor":26,"key":"Strawberry"}],"event_choices":[{"damage_healed":0.0,"max_hp_gain":0.0,"max_hp_loss":0.0,"gold_gain":0.0,"event_name":"Shining Light","player_choice":"Entered Light","floor":2.0,"gold_loss":0.0,"damage_taken":14.0,"cards_upgraded":["Strike_G","Survivor"]},{"damage_healed":0.0,"max_hp_gain":0.0,"max_hp_loss":0.0,"gold_gain":0.0,"event_name":"Golden Wing","player_choice":"Ignored","floor":4.0,"gold_loss":0.0,"damage_taken":0.0},{"damage_healed":0.0,"max_hp_gain":0.0,"max_hp_loss":0.0,"gold_gain":0.0,"event_name":"Upgrade Shrine","player_choice":"Upgraded","floor":5.0,"gold_loss":0.0,"damage_taken":0.0,"cards_upgraded":["Calculated Gamble"]},{"damage_healed":0,"gold_gain":0,"player_choice":"Ignored","damage_taken":0,"max_hp_gain":0,"max_hp_loss":0,"event_name":"Vampires","floor":20,"gold_loss":0},{"damage_healed":0,"gold_gain":0,"player_choice":"Joined the Cult","damage_taken":6,"max_hp_gain":0,"max_hp_loss":0,"event_name":"Nest","floor":21,"gold_loss":0,"cards_obtained":["RitualDagger"]},{"damage_healed":0,"gold_gain":0,"player_choice":"Paid Fearfully","damage_taken":0,"max_hp_gain":0,"max_hp_loss":0,"event_name":"Masked Bandits","floor":28,"gold_loss":1},{"damage_healed":0,"gold_gain":0,"player_choice":"Fight","damage_taken":0,"max_hp_gain":0,"max_hp_loss":0,"event_name":"Colosseum","floor":29,"gold_loss":0},{"damage_healed":0,"gold_gain":0,"player_choice":"Fled From Nobs","damage_taken":0,"max_hp_gain":0,"max_hp_loss":0,"event_name":"Colosseum","floor":29,"gold_loss":0}],"is_beta":true,"boss_relics":[{"not_picked":["Fusion Hammer","Snecko Eye"],"picked":"Black Star"}],"items_purged_floors":[7,27],"is_endless":false,"potions_floor_spawned":[3,12,14,18,19,24],"killed_by":"Automaton","ascension_level":0}