{"gold_per_floor":[213,213,228,244,2,2,2,41,94,135,56,56,74,117,117,213,213,227,241,241,254,36,36,56,56,56,70,110,110,124,138,138,233,233,249,267,267,392,412,412,455,473,497,422,443,229,273,288,288,288,288,288,288,13,54,54],"floor_reached":56,"playtime":6903,"items_purged":["Strike_R","Perfected Strike"],"score":1973,"play_id":"2aae0d46-7746-427a-be77-795a02007b7e","local_time":"20190809201834","is_ascension_mode":true,"campfire_choices":[{"data":"Hemokinesis","floor":6.0,"key":"SMITH"},{"data":"Shockwave","floor":12.0,"key":"SMITH"},{"data":"1","floor":15.0,"key":"LIFT"},{"data":"2","floor":23.0,"key":"LIFT"},{"data":"3","floor":25.0,"key":"LIFT"},{"data":"Apotheosis","floor":29.0,"key":"SMITH"},{"data":"Metallicize","floor":32.0,"key":"SMITH"},{"floor":40.0,"key":"RECALL"},{"data":"Impervious","floor":49.0,"key":"SMITH"},{"data":"Flame Barrier","floor":53.0,"key":"SMITH"}],"neow_cost":"NONE","seed_source_timestamp":663047505619600,"circlet_count":0,"master_deck":["AscendersBane","Strike_R","Strike_R","Defend_R","Defend_R+1","Defend_R","Defend_R","Bash+1","Iron Wave+1","Hemokinesis+1","Metallicize+1","Reaper","Armaments","Shockwave+1","Battle Trance","Battle Trance","Heavy Blade","Immolate","Ghostly Armor","Inflame","Shrug It Off","Apotheosis+1","Cleave","Spot Weakness","Exhume","Pommel Strike","Power Through","Havoc+1","Reaper","Pommel Strike","Sword Boomerang","Reaper+1","Feel No Pain","Reaper","Shrug It Off","Flame Barrier+1","Dark Shackles","Impervious+1","Heavy Blade","Pummel","Thunderclap"],"special_seed":0,"relics":["Burning Blood","Golden Idol","Lantern","Tiny Chest","Potion Belt","Girya","Mark of Pain","Red Skull","Matryoshka","Velvet Choker","Incense Burner","Centennial Puzzle","Ancient Tea Set","Whetstone","Mercury Hourglass"],"potions_floor_usage":[55,55,56,56],"damage_taken":[{"damage":3.0,"enemies":"2 Louse","floor":1.0,"turns":4.0},{"damage":7.0,"enemies":"Jaw Worm","floor":3.0,"turns":4.0},{"damage":3.0,"enemies":"Small Slimes","floor":4.0,"turns":4.0},{"damage":30.0,"enemies":"3 Sentries","floor":8.0,"turns":11.0},{"damage":13.0,"enemies":"Gremlin Nob","floor":10.0,"turns":4.0},{"damage":5.0,"enemies":"Exordium Wildlife","floor":13.0,"turns":6.0},{"damage":8.0,"enemies":"Lagavulin","floor":14.0,"turns":8.0},{"damage":37.0,"enemies":"The Guardian","floor":16.0,"turns":14.0},{"damage":27.0,"enemies":"Shell Parasite","floor":18.0,"turns":7.0},{"damage":10.0,"enemies":"2 Thieves","floor":19.0,"turns":3.0},{"damage":22.0,"enemies":"Snake Plant","floor":21.0,"turns":4.0},{"damage":0.0,"enemies":"3 Cultists","floor":24.0,"turns":2.0},{"damage":7.0,"enemies":"Cultist and Chosen","floor":27.0,"turns":5.0},{"damage":20.0,"enemies":"Gremlin Leader","floor":28.0,"turns":5.0},{"damage":18.0,"enemies":"Sentry and Sphere","floor":30.0,"turns":4.0},{"damage":14.0,"enemies":"Shelled Parasite and Fungi","floor":31.0,"turns":4.0},{"damage":30.0,"enemies":"Collector","floor":33.0,"turns":5.0},{"damage":10.0,"enemies":"Orb Walker","floor":35.0,"turns":4.0},{"damage":18.0,"enemies":"3 Shapes","floor":36.0,"turns":5.0},{"damage":32.0,"enemies":"Mind Bloom Boss Battle","floor":38.0,"turns":7.0},{"damage":31.0,"enemies":"Writhing Mass","floor":39.0,"turns":8.0},{"damage":58.0,"enemies":"Nemesis","floor":41.0,"turns":7.0},{"damage":35.0,"enemies":"4 Shapes","floor":42.0,"turns":3.0},{"damage":39.0,"enemies":"Sphere and 2 Shapes","floor":45.0,"turns":4.0},{"damage":42.0,"enemies":"Reptomancer","floor":47.0,"turns":9.0},{"damage":8.0,"enemies":"3 Darklings","floor":48.0,"turns":5.0},{"damage":102.0,"enemies":"Awakened One","floor":50.0,"turns":14.0},{"damage":42.0,"enemies":"Time Eater","floor":51.0,"turns":10.0},{"damage":67,"enemies":"Shield and Spear","floor":55,"turns":8},{"damage":99,"enemies":"The Heart","floor":56,"turns":5}],"seed_played":"-7978961348722800265","potions_obtained":[{"floor":3.0,"key":"Swift Potion"},{"floor":4.0,"key":"Block Potion"},{"floor":8.0,"key":"Strength Potion"},{"floor":21.0,"key":"SteroidPotion"},{"floor":30.0,"key":"SpeedPotion"},{"floor":31.0,"key":"PowerPotion"},{"floor":33.0,"key":"Strength Potion"},{"floor":35.0,"key":"SteroidPotion"},{"floor":36.0,"key":"FearPotion"}],"is_trial":false,"path_per_floor":["M","?","M","M","$","R","?","E","T","E","$","R","M","E","R","B",null,"M","M","?","M","$","R","M","R","T","M","E","R","M","M","R","B",null,"M","M","?","?","M","R","E","M","T","?","M","$","E","M","R","B","B",null,"R","$","E","B"],"character_chosen":"IRONCLAD","items_purchased":["Reaper","Battle Trance","Apotheosis","Cleave","Flame Barrier","Ancient Potion","Dark Shackles","Ancient Potion","Pummel","Thunderclap"],"campfire_rested":0,"item_purchase_floors":[5,11,22,22,46,46,46,54,54,54],"current_hp_per_floor":[71,48,47,50,50,50,50,34,34,31,31,31,40,40,40,16,55,34,35,49,33,33,33,39,39,39,59,68,68,56,60,60,43,62,64,68,58,61,58,58,62,61,61,61,54,54,48,68,68,43,36,60,60,60,68,0],"gold":54,"neow_bonus":"HUNDRED_GOLD","is_prod":false,"is_daily":false,"chose_seed":false,"campfire_upgraded":6,"win_rate":0,"timestamp":1565407114,"path_taken":["M","?","M","M","$","R","?","E","T","E","$","R","M","E","R","BOSS","M","M","?","M","$","R","M","R","T","M","E","R","M","M","R","BOSS","M","M","?","?","M","R","E","M","T","?","M","$","E","M","R","BOSS","BOSS","R","$","E","BOSS"],"build_version":"2019-07-17","purchased_purges":2,"victory":false,"max_hp_per_floor":[75,75,75,75,75,75,68,68,68,68,68,68,68,68,68,68,68,68,68,68,68,68,68,68,68,68,68,68,68,68,68,68,68,68,68,68,68,68,68,68,68,68,68,68,68,68,68,68,68,68,68,68,68,68,68,68],"card_choices":[{"not_picked":["Wild Strike","Blood for Blood"],"picked":"Iron Wave","floor":1.0},{"not_picked":["Reckless Charge","Flex"],"picked":"Hemokinesis","floor":3.0},{"not_picked":["Clothesline","Iron Wave"],"picked":"Metallicize","floor":4.0},{"not_picked":["Barricade","Rage"],"picked":"Armaments","floor":8.0},{"not_picked":["Twin Strike","Thunderclap"],"picked":"Shockwave","floor":10.0},{"not_picked":["Shrug It Off","Rampage"],"picked":"Battle Trance","floor":13.0},{"not_picked":["Warcry","Bloodletting"],"picked":"Heavy Blade","floor":14.0},{"not_picked":["Barricade","Fiend Fire"],"picked":"Immolate","floor":16.0},{"not_picked":["Body Slam","Dropkick"],"picked":"Ghostly Armor","floor":18.0},{"not_picked":["Battle Trance","Clash"],"picked":"Inflame","floor":19.0},{"not_picked":["Body Slam","Twin Strike"],"picked":"Shrug It Off","floor":21.0},{"not_picked":["Pommel Strike","Heavy Blade"],"picked":"Spot Weakness","floor":24.0},{"not_picked":["Power Through","Combust"],"picked":"Exhume","floor":27.0},{"not_picked":["Sword Boomerang","Clash+1"],"picked":"Pommel Strike","floor":28.0},{"not_picked":["Body Slam","Cleave"],"picked":"Power Through","floor":30.0},{"not_picked":["Bloodletting","Rupture"],"picked":"Havoc+1","floor":31.0},{"not_picked":["Brutality","Berserk"],"picked":"Reaper","floor":33.0},{"not_picked":["Twin Strike","Wild Strike","Cleave"],"picked":"SKIP","floor":35.0},{"not_picked":["Thunderclap","Carnage"],"picked":"Pommel Strike","floor":36.0},{"not_picked":["Flex","Anger"],"picked":"Sword Boomerang","floor":39.0},{"not_picked":["Sentinel","Iron Wave+1"],"picked":"Reaper","floor":41.0},{"not_picked":["Pommel Strike","Body Slam"],"picked":"Feel No Pain","floor":42.0},{"not_picked":["Iron Wave","Havoc"],"picked":"Shrug It Off","floor":45.0},{"not_picked":["Shockwave","Anger"],"picked":"Impervious","floor":47.0},{"not_picked":["Blood for Blood+1","Body Slam+1"],"picked":"Heavy Blade","floor":48.0},{"not_picked":["Body Slam","Fire Breathing","Rupture+1"],"picked":"SKIP","floor":55}],"player_experience":1339349,"relics_obtained":[{"floor":8.0,"key":"Lantern"},{"floor":9.0,"key":"Tiny Chest"},{"floor":10.0,"key":"Potion Belt"},{"floor":14.0,"key":"Girya"},{"floor":26.0,"key":"Red Skull"},{"floor":28.0,"key":"Matryoshka"},{"floor":38.0,"key":"Incense Burner"},{"floor":41.0,"key":"Centennial Puzzle"},{"floor":43.0,"key":"Ancient Tea Set"},{"floor":47.0,"key":"Whetstone"},{"floor":55,"key":"Mercury Hourglass"}],"event_choices":[{"damage_healed":0.0,"max_hp_gain":0.0,"max_hp_loss":0.0,"gold_gain":0.0,"event_name":"Shining Light","player_choice":"Entered Light","floor":2.0,"gold_loss":0.0,"damage_taken":23.0,"cards_upgraded":["Defend_R","Bash"]},{"damage_healed":0.0,"max_hp_gain":0.0,"max_hp_loss":7.0,"gold_gain":0.0,"event_name":"Golden Idol","player_choice":"Lose Max HP","floor":7.0,"gold_loss":0.0,"damage_taken":0.0,"relics_obtained":["Golden Idol"]},{"damage_healed":14.0,"max_hp_gain":0.0,"max_hp_loss":0.0,"gold_gain":0.0,"event_name":"The Library","player_choice":"Heal","floor":20.0,"gold_loss":0.0,"damage_taken":0.0},{"damage_healed":0.0,"max_hp_gain":0.0,"max_hp_loss":0.0,"gold_gain":0.0,"event_name":"SensoryStone","player_choice":"Memory 3","floor":37.0,"gold_loss":0.0,"damage_taken":10.0},{"damage_healed":0.0,"max_hp_gain":0.0,"max_hp_loss":0.0,"gold_gain":0.0,"event_name":"MindBloom","player_choice":"Fight","floor":38.0,"gold_loss":0.0,"damage_taken":0.0},{"damage_healed":0.0,"max_hp_gain":0.0,"max_hp_loss":0.0,"gold_gain":0.0,"cards_transformed":["Strike_R","Strike_R"],"event_name":"Designer","player_choice":"Transformed Cards","floor":44.0,"gold_loss":75.0,"damage_taken":0.0,"cards_obtained":["Perfected Strike","Reaper"]}],"is_beta":false,"boss_relics":[{"not_picked":["Sozu","Runic Dome"],"picked":"Mark of Pain"},{"not_picked":["Empty Cage","Lizard Tail"],"picked":"Velvet Choker"}],"items_purged_floors":[5,54],"is_endless":false,"potions_floor_spawned":[3,4,8,21,30,31,33,35,36,48],"killed_by":"The Heart","ascension_level":20}