{"gold_per_floor":[118,135,135,149,162,162,191,209,235,255,29,42,60,60,60,131,131,131,131,131,131,131,131,131,131,131,131,131,131],"floor_reached":29,"playtime":766,"items_purged":[],"score":462,"play_id":"cac90a44-e5b5-41b9-a95d-4bf910db7574","local_time":"20190726185547","is_ascension_mode":true,"campfire_choices":[{"data":"Zap","floor":6.0,"key":"SMITH"},{"data":"Rainbow","floor":15.0,"key":"SMITH"},{"floor":23.0,"key":"REST"}],"neow_cost":"NONE","seed_source_timestamp":0,"circlet_count":0,"master_deck":["AscendersBane","Strike_B","Strike_B","Strike_B","Strike_B","Defend_B","Defend_B","Defend_B","Defend_B","Zap+1","Dualcast","Auto Shields","Ball Lightning","Leap","Rainbow+1","FTL","Ball Lightning","Cold Snap","Reinforced Body","Hyperbeam","Stack+1","Coolheaded+1","RitualDagger","Compile Driver","Hologram+1","Glacier+1","Ghostly+1","Ghostly+1","Ghostly+1"],"special_seed":0,"relics":["Cracked Core","NeowsBlessing","The Courier","Centennial Puzzle","Pen Nib","Gremlin Horn","Toxic Egg 2","Ectoplasm","MawBank"],"potions_floor_usage":[],"damage_taken":[{"damage":0.0,"enemies":"Jaw Worm","floor":1.0,"turns":1.0},{"damage":0.0,"enemies":"Cultist","floor":2.0,"turns":1.0},{"damage":0.0,"enemies":"2 Louse","floor":4.0,"turns":1.0},{"damage":7.0,"enemies":"Exordium Wildlife","floor":5.0,"turns":4.0},{"damage":21.0,"enemies":"3 Sentries","floor":7.0,"turns":6.0},{"damage":1.0,"enemies":"Looter","floor":8.0,"turns":3.0},{"damage":5.0,"enemies":"3 Louse","floor":10.0,"turns":2.0},{"damage":0.0,"enemies":"Large Slime","floor":12.0,"turns":3.0},{"damage":0.0,"enemies":"Exordium Thugs","floor":13.0,"turns":3.0},{"damage":5.0,"enemies":"The Guardian","floor":16.0,"turns":12.0},{"damage":0.0,"enemies":"3 Byrds","floor":18.0,"turns":2.0},{"damage":10.0,"enemies":"Chosen","floor":19.0,"turns":5.0},{"damage":27.0,"enemies":"Snake Plant","floor":21.0,"turns":6.0},{"damage":2.0,"enemies":"Centurion and Healer","floor":24.0,"turns":4.0},{"damage":12,"enemies":"Cultist and Chosen","floor":27,"turns":5},{"damage":44,"enemies":"Gremlin Leader","floor":29,"turns":6}],"seed_played":"-6869472855815928896","potions_obtained":[{"floor":1.0,"key":"SneckoOil"},{"floor":2.0,"key":"SteroidPotion"},{"floor":5.0,"key":"AttackPotion"},{"floor":10.0,"key":"Weak Potion"},{"floor":19.0,"key":"GamblersBrew"}],"is_trial":false,"path_per_floor":["M","M","?","M","M","R","E","M","T","M","$","M","M","T","R","B",null,"M","M","?","M","?","R","M","?","T","M","?","E"],"character_chosen":"DEFECT","items_purchased":["Gremlin Horn"],"campfire_rested":1,"item_purchase_floors":[11],"current_hp_per_floor":[64,64,64,64,57,57,36,35,35,30,30,30,30,30,30,25,60,60,50,44,17,17,38,36,50,50,38,35,0],"gold":131,"neow_bonus":"THREE_ENEMY_KILL","is_prod":false,"is_daily":false,"chose_seed":false,"campfire_upgraded":2,"win_rate":0,"timestamp":1564160147,"path_taken":["M","M","?","?","?","R","E","M","T","M","$","M","M","?","R","BOSS","M","M","?","M","?","R","M","?","T","M","?","E"],"build_version":"2019-07-18","purchased_purges":0,"victory":false,"max_hp_per_floor":[71,71,71,71,71,71,71,71,71,71,71,71,71,71,71,71,71,71,71,71,71,71,71,71,71,71,71,35,35],"card_choices":[{"not_picked":["Blizzard","Coolheaded"],"picked":"Auto Shields","floor":1.0},{"not_picked":["Leap","Consume"],"picked":"Ball Lightning","floor":2.0},{"not_picked":["Rebound","Turbo"],"picked":"Leap","floor":4.0},{"not_picked":["Go for the Eyes","Turbo","Redo"],"picked":"SKIP","floor":5.0},{"not_picked":["Reprogram","Conserve Battery"],"picked":"Rainbow","floor":7.0},{"not_picked":["Barrage","Conserve Battery"],"picked":"FTL","floor":8.0},{"not_picked":["White Noise","Leap"],"picked":"Ball Lightning","floor":10.0},{"not_picked":["Steam","Auto Shields"],"picked":"Cold Snap","floor":12.0},{"not_picked":["Stack","Compile Driver"],"picked":"Reinforced Body","floor":13.0},{"not_picked":["Machine Learning","All For One"],"picked":"Hyperbeam","floor":16.0},{"not_picked":["Ball Lightning","Barrage"],"picked":"Stack+1","floor":18.0},{"not_picked":["Static Discharge","Hologram+1"],"picked":"Coolheaded+1","floor":19.0},{"not_picked":["Sweeping Beam","Beam Cell"],"picked":"Compile Driver","floor":21.0},{"not_picked":["Go for the Eyes","Force Field+1"],"picked":"Hologram+1","floor":24.0},{"not_picked":["Meteor Strike","Capacitor"],"picked":"Glacier+1","floor":27}],"player_experience":1920548,"relics_obtained":[{"floor":7.0,"key":"Centennial Puzzle"},{"floor":9.0,"key":"Pen Nib"},{"floor":14.0,"key":"Toxic Egg 2"},{"floor":26.0,"key":"MawBank"}],"event_choices":[{"damage_healed":0.0,"max_hp_gain":0.0,"max_hp_loss":0.0,"gold_gain":0.0,"event_name":"WeMeetAgain","player_choice":"Gave Potion","floor":3.0,"gold_loss":0.0,"damage_taken":0.0,"relics_obtained":["The Courier"]},{"damage_healed":0.0,"max_hp_gain":0.0,"max_hp_loss":0.0,"gold_gain":0.0,"event_name":"Nest","player_choice":"Joined the Cult","floor":20.0,"gold_loss":0.0,"damage_taken":6.0,"cards_obtained":["RitualDagger"]},{"damage_healed":0.0,"max_hp_gain":0.0,"max_hp_loss":0.0,"gold_gain":0.0,"event_name":"The Mausoleum","player_choice":"Ignored","floor":22.0,"gold_loss":0.0,"damage_taken":0.0},{"damage_healed":14.0,"max_hp_gain":0.0,"max_hp_loss":0.0,"gold_gain":0.0,"event_name":"The Library","player_choice":"Heal","floor":25.0,"gold_loss":0.0,"damage_taken":0.0},{"damage_healed":0,"gold_gain":0,"player_choice":"Became a Ghost","damage_taken":0,"max_hp_gain":0,"max_hp_loss":36,"event_name":"Ghosts","floor":28,"gold_loss":0,"cards_obtained":["Ghostly","Ghostly","Ghostly"]}],"is_beta":true,"boss_relics":[{"not_picked":["Black Star","Busted Crown"],"picked":"Ectoplasm"}],"items_purged_floors":[],"is_endless":false,"potions_floor_spawned":[1,2,5,10,19],"killed_by":"Gremlin Leader","ascension_level":20}