{"gold_per_floor":[113,12,12,26,42,42,7,7,31,44,75,75,108,128,128,128],"floor_reached":16,"playtime":309,"items_purged":["Strike_B"],"score":220,"play_id":"28b6ab75-1c4c-4d50-82ac-bb586da9a20e","local_time":"20190610205938","is_ascension_mode":true,"campfire_choices":[{"data":"Go for the Eyes","floor":6.0,"key":"SMITH"},{"data":"Zap","floor":8.0,"key":"SMITH"},{"data":"Hologram","floor":15,"key":"SMITH"}],"neow_cost":"NONE","seed_source_timestamp":9479542389955,"circlet_count":0,"master_deck":["AscendersBane","Strike_B","Strike_B","Strike_B","Defend_B","Defend_B","Defend_B","Defend_B","Zap+1","Dualcast","Gash","Sweeping Beam","Rip and Tear","Go for the Eyes+1","Scrape","Glacier","BootSequence","Hologram+1"],"special_seed":0,"relics":["Cracked Core","NeowsBlessing","Juzu Bracelet","Omamori","Blood Vial","Anchor"],"potions_floor_usage":[13,13,13],"damage_taken":[{"damage":0.0,"enemies":"Jaw Worm","floor":1.0,"turns":1.0},{"damage":0.0,"enemies":"2 Louse","floor":4.0,"turns":1.0},{"damage":0.0,"enemies":"Cultist","floor":5.0,"turns":1.0},{"damage":22.0,"enemies":"3 Louse","floor":10.0,"turns":3.0},{"damage":25,"enemies":"3 Sentries","floor":11,"turns":7},{"damage":7,"enemies":"Gremlin Nob","floor":13,"turns":3},{"damage":0,"enemies":"Looter","floor":14,"turns":3},{"damage":21,"enemies":"Hexaghost","floor":16,"turns":9}],"seed_played":"8191199683160322409","potions_obtained":[{"floor":5.0,"key":"EntropicBrew"},{"floor":10.0,"key":"FearPotion"},{"floor":13,"key":"Energy Potion"}],"is_trial":false,"path_per_floor":["M","$","?","M","M","R","?","R","T","M","E","?","E","M","R","B"],"character_chosen":"DEFECT","items_purchased":["Sweeping Beam"],"campfire_rested":0,"item_purchase_floors":[2],"current_hp_per_floor":[64,64,64,64,64,64,71,71,71,49,24,19,14,16,16,0],"gold":128,"neow_bonus":"THREE_ENEMY_KILL","is_prod":false,"is_daily":false,"chose_seed":false,"campfire_upgraded":3,"win_rate":0,"timestamp":1560193178,"path_taken":["M","$","?","M","M","R","?","R","T","M","E","?","E","M","R","BOSS"],"build_version":"2019-06-07","purchased_purges":1,"victory":false,"max_hp_per_floor":[71,71,71,71,71,71,71,71,71,71,71,71,71,71,71,71],"card_choices":[{"not_picked":["Compile Driver","Redo"],"picked":"Gash","floor":1.0},{"not_picked":["Turbo","Hello World"],"picked":"Rip and Tear","floor":4.0},{"not_picked":["Coolheaded","Redo"],"picked":"Go for the Eyes","floor":5.0},{"not_picked":["Steam","Recycle"],"picked":"Scrape","floor":10.0},{"not_picked":["Reinforced Body","Buffer"],"picked":"Glacier","floor":11},{"not_picked":["Barrage","Leap"],"picked":"BootSequence","floor":13},{"not_picked":["Coolheaded","Turbo"],"picked":"Hologram","floor":14}],"player_experience":1708518,"relics_obtained":[{"floor":9.0,"key":"Juzu Bracelet"},{"floor":11,"key":"Omamori"},{"floor":13,"key":"Anchor"}],"event_choices":[{"damage_healed":0.0,"max_hp_gain":0.0,"max_hp_loss":0.0,"gold_gain":0.0,"event_name":"Liars Game","player_choice":"Ignored","floor":3.0,"gold_loss":0.0,"damage_taken":0.0},{"damage_healed":17.0,"max_hp_gain":0.0,"max_hp_loss":0.0,"gold_gain":0.0,"event_name":"The Cleric","player_choice":"Healed","floor":7.0,"gold_loss":35.0,"damage_taken":0.0},{"damage_healed":0,"gold_gain":0,"player_choice":"Success","damage_taken":5,"relics_obtained":["Blood Vial"],"max_hp_gain":0,"max_hp_loss":0,"event_name":"Scrap Ooze","floor":12,"gold_loss":0}],"is_beta":true,"boss_relics":[],"items_purged_floors":[2],"is_endless":false,"potions_floor_spawned":[5,10,11,13],"killed_by":"Hexaghost","ascension_level":20}