{"gold_per_floor":[109,22,22,35,35,66,94,126,152,152,11,0,18,34,34,113,113,131,131,157,157,176,204,204,229,229,229,264,145,163,180,180,258,258,272,29,40,40,53,53],"floor_reached":40,"playtime":1711,"items_purged":["Strike_B+1","Strike_B+1"],"score":1004,"play_id":"6514267c-ce72-4fc1-b6f1-95933abb8bec","local_time":"20190707174114","is_ascension_mode":true,"campfire_choices":[{"floor":10.0,"key":"REST"},{"floor":15.0,"key":"REST"},{"data":"Coolheaded","floor":24,"key":"SMITH"},{"floor":27,"key":"REST"},{"data":"Buffer","floor":32,"key":"SMITH"}],"neow_cost":"NONE","seed_source_timestamp":12673891774871,"circlet_count":0,"master_deck":["AscendersBane","Defend_B+1","Defend_B+1","Defend_B+1","Defend_B+1","Zap","Dualcast","Genetic Algorithm","Genetic Algorithm","Darkness+1","Melter","Sweeping Beam","Conserve Battery","Coolheaded","Undo","Coolheaded+1","Go for the Eyes","Echo Form","Self Repair","Reboot","Scrape","Consume","Buffer+1","Loop+1","Loop","Darkness+1","Capacitor","Compile Driver","Coolheaded+1"],"special_seed":0,"relics":["Cracked Core","NeowsBlessing","Lantern","Odd Mushroom","Dream Catcher","Bronze Scales","Velvet Choker","Red Mask","Shovel","PreservedInsect","Oddly Smooth Stone","Sundial","Runic Pyramid","FaceOfCleric"],"potions_floor_usage":[20,20,20,23,23,25,28,33,39],"damage_taken":[{"damage":0.0,"enemies":"Jaw Worm","floor":1.0,"turns":1.0},{"damage":0.0,"enemies":"Small Slimes","floor":4.0,"turns":2.0},{"damage":0.0,"enemies":"Lagavulin","floor":6.0,"turns":1.0},{"damage":36.0,"enemies":"The Mushroom Lair","floor":7.0,"turns":5.0},{"damage":35.0,"enemies":"3 Sentries","floor":8.0,"turns":6.0},{"damage":4.0,"enemies":"2 Louse","floor":13.0,"turns":3.0},{"damage":5.0,"enemies":"Large Slime","floor":14.0,"turns":6.0},{"damage":8.0,"enemies":"The Guardian","floor":16.0,"turns":10.0},{"damage":0,"enemies":"Chosen","floor":18,"turns":4},{"damage":28,"enemies":"Masked Bandits","floor":20,"turns":6},{"damage":4,"enemies":"Shell Parasite","floor":22,"turns":8},{"damage":16,"enemies":"Slavers","floor":23,"turns":7},{"damage":48,"enemies":"Gremlin Leader","floor":25,"turns":12},{"damage":23,"enemies":"Slavers","floor":28,"turns":6},{"damage":1,"enemies":"Centurion and Healer","floor":30,"turns":9},{"damage":13,"enemies":"Cultist and Chosen","floor":31,"turns":17},{"damage":13,"enemies":"Automaton","floor":33,"turns":14},{"damage":4,"enemies":"Orb Walker","floor":35,"turns":4},{"damage":0,"enemies":"3 Shapes","floor":37,"turns":8},{"damage":0,"enemies":"Maw","floor":39,"turns":7},{"damage":77,"enemies":"Reptomancer","floor":40,"turns":4}],"seed_played":"8690706743858618405","potions_obtained":[{"floor":1.0,"key":"Regen Potion"},{"floor":4.0,"key":"Ancient Potion"},{"floor":7.0,"key":"EntropicBrew"},{"floor":13.0,"key":"Weak Potion"},{"floor":22,"key":"Fire Potion"},{"floor":23,"key":"Weak Potion"},{"floor":25,"key":"Fire Potion"},{"floor":30,"key":"Energy Potion"},{"floor":31,"key":"SkillPotion"},{"floor":39,"key":"Fruit Juice"}],"is_trial":false,"path_per_floor":["M","$","?","M","?","E","?","E","T","R","$","?","M","M","R","B",null,"M","?","?","?","M","E","R","E","T","R","E","$","M","M","R","B",null,"M","$","M","?","M","E"],"character_chosen":"DEFECT","items_purchased":["Genetic Algorithm","Undo","Coolheaded","Loop","Capacitor","Dexterity Potion"],"campfire_rested":3,"item_purchase_floors":[2,11,11,29,36,36],"current_hp_per_floor":[64,64,64,64,64,64,41,6,6,27,27,27,23,18,39,45,65,71,71,50,50,60,58,58,24,24,45,36,36,49,50,50,51,66,71,71,71,71,77,0],"gold":53,"neow_bonus":"THREE_ENEMY_KILL","is_prod":false,"is_daily":false,"chose_seed":false,"campfire_upgraded":2,"win_rate":0,"timestamp":1562514074,"path_taken":["M","$","?","M","?","E","?","E","T","R","?","?","M","M","R","BOSS","M","?","?","?","M","E","R","E","T","R","E","$","M","M","R","BOSS","M","$","M","?","M","E"],"build_version":"2019-07-03","purchased_purges":2,"victory":false,"max_hp_per_floor":[71,71,71,71,71,71,71,71,71,71,71,71,71,71,71,71,71,71,71,71,71,71,71,71,71,71,71,71,71,71,71,71,71,71,71,71,71,71,77,77],"card_choices":[{"not_picked":["Barrage","White Noise"],"picked":"Genetic Algorithm","floor":1.0},{"not_picked":["Turbo","Coolheaded"],"picked":"Darkness","floor":4.0},{"not_picked":["White Noise","Scrape"],"picked":"Melter","floor":6.0},{"not_picked":["Go for the Eyes","Barrage"],"picked":"Sweeping Beam","floor":7.0},{"not_picked":["Scrape","Go for the Eyes"],"picked":"Conserve Battery","floor":8.0},{"not_picked":["Turbo","Darkness"],"picked":"Coolheaded","floor":10.0},{"not_picked":["Hologram","Static Discharge"],"picked":"Go for the Eyes","floor":13.0},{"not_picked":["Hologram","Reinforced Body"],"picked":"Echo Form","floor":14.0},{"not_picked":["Beam Cell","Stack"],"picked":"Self Repair","floor":15.0},{"not_picked":["Thunder Strike","All For One"],"picked":"Reboot","floor":16.0},{"not_picked":["Redo","Leap","Conserve Battery"],"picked":"SKIP","floor":18},{"not_picked":["Leap","Self Repair","Scrape"],"picked":"SKIP","floor":22},{"not_picked":["Stack","Scrape","Ball Lightning"],"picked":"SKIP","floor":23},{"not_picked":["Fusion","Cold Snap+1"],"picked":"Buffer","floor":25},{"not_picked":["Barrage","Blizzard"],"picked":"Loop+1","floor":28},{"not_picked":["Go for the Eyes","Doom and Gloom","Steam Power"],"picked":"SKIP","floor":30},{"not_picked":["Melter","Rainbow","Steam Power"],"picked":"SKIP","floor":31},{"not_picked":["Stack","Conserve Battery"],"picked":"Darkness+1","floor":35},{"not_picked":["Redo","Steam Power+1"],"picked":"Compile Driver","floor":37},{"not_picked":["Streamline","Redo+1"],"picked":"Coolheaded+1","floor":39}],"player_experience":1825070,"relics_obtained":[{"floor":6.0,"key":"Lantern"},{"floor":7.0,"key":"Odd Mushroom"},{"floor":8.0,"key":"Dream Catcher"},{"floor":9.0,"key":"Bronze Scales"},{"floor":20,"key":"Red Mask"},{"floor":23,"key":"Shovel"},{"floor":25,"key":"PreservedInsect"},{"floor":26,"key":"Oddly Smooth Stone"},{"floor":28,"key":"Sundial"}],"event_choices":[{"damage_healed":0.0,"max_hp_gain":0.0,"max_hp_loss":0.0,"gold_gain":0.0,"event_name":"Liars Game","player_choice":"Ignored","floor":3.0,"gold_loss":0.0,"damage_taken":0.0},{"damage_healed":0.0,"max_hp_gain":0.0,"max_hp_loss":0.0,"gold_gain":0.0,"event_name":"Living Wall","player_choice":"Grow","floor":5.0,"gold_loss":0.0,"damage_taken":0.0,"cards_upgraded":["Darkness"]},{"damage_healed":0.0,"max_hp_gain":0.0,"max_hp_loss":0.0,"gold_gain":0.0,"event_name":"Mushrooms","player_choice":"Fought Mushrooms","floor":7.0,"gold_loss":0.0,"damage_taken":0.0},{"damage_healed":0.0,"max_hp_gain":0.0,"max_hp_loss":0.0,"gold_gain":0.0,"event_name":"World of Goop","player_choice":"Left Gold","floor":12.0,"gold_loss":11.0,"damage_taken":0.0},{"damage_healed":0,"gold_gain":0,"player_choice":"Simplicity","damage_taken":0,"max_hp_gain":0,"max_hp_loss":0,"event_name":"Back to Basics","floor":19,"gold_loss":0,"cards_upgraded":["Strike_B","Strike_B","Strike_B","Strike_B","Defend_B","Defend_B","Defend_B","Defend_B"]},{"damage_healed":0,"gold_gain":0,"player_choice":"Fought Bandits","damage_taken":0,"max_hp_gain":0,"max_hp_loss":0,"event_name":"Masked Bandits","floor":20,"gold_loss":0},{"damage_healed":0,"gold_gain":0,"cards_transformed":["Strike_B","Strike_B"],"player_choice":"Became Test Subject","damage_taken":0,"max_hp_gain":0,"max_hp_loss":0,"event_name":"Drug Dealer","floor":21,"gold_loss":0,"cards_obtained":["Scrape","Consume"]},{"damage_healed":0,"gold_gain":0,"player_choice":"Trade","damage_taken":0,"relics_obtained":["FaceOfCleric"],"max_hp_gain":0,"max_hp_loss":0,"event_name":"FaceTrader","floor":38,"gold_loss":0}],"is_beta":true,"boss_relics":[{"not_picked":["White Beast Statue","FrozenCore"],"picked":"Velvet Choker"},{"not_picked":["Runic Dome","Coffee Dripper"],"picked":"Runic Pyramid"}],"items_purged_floors":[29,36],"is_endless":false,"potions_floor_spawned":[1,4,7,13,16,22,23,25,30,31,37,39],"killed_by":"Reptomancer","ascension_level":20}