{"gold_per_floor":[113,113,123,133,24,56,56,67,67,67,86,86,36,56,56,160,160,179,179,192,92,103,134,134,151,151,26,26,45,45,62,62,167,167,178,189,189,189,95,95,115,115,115,115,43,59,79,79,79,79],"floor_reached":50,"playtime":2743,"items_purged":["Strike_B","Defend_B","Strike_B"],"score":719,"play_id":"8b29bcaf-1866-4748-a6e9-3423eca103aa","local_time":"20190802064823","is_ascension_mode":true,"campfire_choices":[{"data":"Zap","floor":7.0,"key":"SMITH"},{"data":"Dualcast","floor":10.0,"key":"SMITH"},{"data":"White Noise","floor":12.0,"key":"SMITH"},{"data":"Hologram","floor":15.0,"key":"SMITH"},{"floor":24,"key":"REST"},{"data":"Barrage","floor":30,"key":"SMITH"},{"data":"Darkness","floor":32,"key":"SMITH"},{"data":"Heatsinks","floor":40,"key":"SMITH"},{"floor":42,"key":"REST"},{"floor":44,"key":"REST"},{"floor":49,"key":"REST"}],"neow_cost":"NONE","seed_source_timestamp":268846429226849,"circlet_count":0,"master_deck":["AscendersBane","Zap+1","Dualcast+1","White Noise+1","Cold Snap","Capacitor+1","Barrage+1","Hologram+1","Electrodynamics","Glacier+1","Darkness+1","Recycle+1","Glacier","Amplify","Heatsinks+1","Hologram","Conserve Battery","Go for the Eyes+1","Forethought","Heatsinks+1","Capacitor+1"],"special_seed":0,"relics":["Cracked Core","NeowsBlessing","Bag of Preparation","Velvet Choker","Du-Vu Doll","Blue Candle","Pandora\u0027s Box","Meat on the Bone"],"potions_floor_usage":[46,46],"damage_taken":[{"damage":0.0,"enemies":"2 Louse","floor":1.0,"turns":1.0},{"damage":0.0,"enemies":"Cultist","floor":3.0,"turns":1.0},{"damage":0.0,"enemies":"Small Slimes","floor":4.0,"turns":1.0},{"damage":21.0,"enemies":"Gremlin Nob","floor":6.0,"turns":4.0},{"damage":1.0,"enemies":"Red Slaver","floor":8.0,"turns":4.0},{"damage":5.0,"enemies":"3 Louse","floor":11.0,"turns":4.0},{"damage":1.0,"enemies":"Exordium Thugs","floor":14.0,"turns":3.0},{"damage":15.0,"enemies":"Hexaghost","floor":16.0,"turns":8.0},{"damage":12.0,"enemies":"Spheric Guardian","floor":18.0,"turns":4.0},{"damage":7.0,"enemies":"Chosen","floor":20.0,"turns":4.0},{"damage":0.0,"enemies":"Centurion and Healer","floor":22.0,"turns":8.0},{"damage":8.0,"enemies":"Gremlin Leader","floor":23.0,"turns":5.0},{"damage":2,"enemies":"Shelled Parasite and Fungi","floor":25,"turns":7},{"damage":0,"enemies":"Snake Plant","floor":29,"turns":5},{"damage":1,"enemies":"3 Cultists","floor":31,"turns":4},{"damage":26,"enemies":"Collector","floor":33,"turns":7},{"damage":9,"enemies":"3 Shapes","floor":35,"turns":5},{"damage":21,"enemies":"3 Darklings","floor":36,"turns":5},{"damage":27,"enemies":"Jaw Worm Horde","floor":41,"turns":4},{"damage":47,"enemies":"Maw","floor":46,"turns":7},{"damage":30,"enemies":"Transient","floor":47,"turns":5},{"damage":41,"enemies":"Awakened One","floor":50,"turns":3}],"seed_played":"5473094695792382507","potions_obtained":[{"floor":1.0,"key":"Swift Potion"},{"floor":4.0,"key":"SteroidPotion"},{"floor":11.0,"key":"SpeedPotion"},{"floor":14.0,"key":"SteroidPotion"},{"floor":23.0,"key":"Dexterity Potion"},{"floor":47,"key":"Dexterity Potion"}],"is_trial":false,"path_per_floor":["M","?","M","M","$","E","R","M","T","R","M","R","?","M","R","B",null,"M","?","M","$","M","E","R","M","T","$","?","M","R","M","R","B",null,"M","M","$","?","$","R","M","R","T","R","$","M","M","?","R","B"],"character_chosen":"DEFECT","items_purchased":["Capacitor","Forethought","Regen Potion"],"campfire_rested":4,"item_purchase_floors":[5,39,45],"current_hp_per_floor":[68,68,68,68,68,47,47,46,46,46,41,41,41,40,40,25,63,51,51,44,44,44,36,58,56,56,56,56,56,56,55,55,29,64,55,34,34,34,34,34,7,29,29,51,51,31,13,13,35,0],"gold":79,"neow_bonus":"THREE_ENEMY_KILL","is_prod":false,"is_daily":false,"chose_seed":false,"campfire_upgraded":7,"win_rate":0,"timestamp":1564696103,"path_taken":["M","?","?","M","$","E","R","M","T","R","M","R","?","M","R","BOSS","M","?","M","$","?","E","R","M","T","$","?","M","R","M","R","BOSS","M","M","$","?","$","R","M","R","T","R","?","?","M","?","R","BOSS"],"build_version":"2019-07-17","purchased_purges":3,"victory":false,"max_hp_per_floor":[75,75,75,75,75,75,75,75,75,75,75,75,75,75,75,75,75,75,75,75,75,75,75,75,75,75,75,75,75,75,75,75,75,75,75,75,75,75,75,75,75,75,75,75,75,75,75,75,75,75],"card_choices":[{"not_picked":["Auto Shields","FTL"],"picked":"White Noise","floor":1.0},{"not_picked":["Genetic Algorithm","Coolheaded"],"picked":"Cold Snap","floor":3.0},{"not_picked":["Leap","Consume","Gash"],"picked":"SKIP","floor":4.0},{"not_picked":["Ball Lightning","White Noise"],"picked":"Barrage","floor":6.0},{"not_picked":["Cold Snap","Auto Shields","Chaos"],"picked":"SKIP","floor":8.0},{"not_picked":["Compile Driver","Streamline","Rebound"],"picked":"SKIP","floor":11.0},{"not_picked":["Leap","Tempest"],"picked":"Hologram","floor":14.0},{"not_picked":["Thunder Strike","Core Surge"],"picked":"Electrodynamics","floor":16.0},{"not_picked":["Cold Snap","Barrage"],"picked":"Glacier+1","floor":18.0},{"not_picked":["Conserve Battery","Compile Driver+1"],"picked":"Darkness","floor":20.0},{"not_picked":["Gash+1","Go for the Eyes"],"picked":"Recycle+1","floor":22.0},{"not_picked":["Leap+1","Blizzard","Turbo"],"picked":"SKIP","floor":23.0},{"not_picked":["Coolheaded","Stack+1","Steam Power"],"picked":"SKIP","floor":25},{"not_picked":["Conserve Battery","Sunder","Leap"],"picked":"SKIP","floor":29},{"not_picked":["Reboot","Ball Lightning"],"picked":"Glacier","floor":31},{"not_picked":["Hyperbeam","Biased Cognition"],"picked":"Amplify","floor":33},{"not_picked":["Gash+1","Leap+1"],"picked":"Go for the Eyes+1","floor":35},{"not_picked":["Rebound+1","Leap+1","Conserve Battery+1"],"picked":"SKIP","floor":36},{"not_picked":["Reboot","Glacier"],"picked":"Heatsinks+1","floor":41},{"not_picked":["Conserve Battery+1","Rebound","Coolheaded"],"picked":"SKIP","floor":46},{"not_picked":["Rebound+1","Beam Cell","Chill"],"picked":"SKIP","floor":47}],"player_experience":195037,"relics_obtained":[{"floor":6.0,"key":"Bag of Preparation"},{"floor":19.0,"key":"Du-Vu Doll"},{"floor":23.0,"key":"Blue Candle"},{"floor":43,"key":"Meat on the Bone"}],"event_choices":[{"damage_healed":0.0,"max_hp_gain":0.0,"max_hp_loss":0.0,"gold_gain":0.0,"event_name":"The Woman in Blue","player_choice":"Bought 0 Potions","floor":2.0,"gold_loss":0.0,"damage_taken":0.0},{"cards_removed":["Strike_B"],"damage_healed":0.0,"max_hp_gain":0.0,"max_hp_loss":0.0,"gold_gain":0.0,"event_name":"The Cleric","player_choice":"Card Removal","floor":13.0,"gold_loss":50.0,"damage_taken":0.0},{"damage_healed":0.0,"max_hp_gain":0.0,"max_hp_loss":0.0,"gold_gain":0.0,"event_name":"Wheel of Change","player_choice":"Relic","floor":19.0,"gold_loss":0.0,"damage_taken":0.0},{"damage_healed":0,"gold_gain":0,"player_choice":"Upgraded","damage_taken":0,"max_hp_gain":0,"max_hp_loss":0,"event_name":"Upgrade Shrine","floor":28,"gold_loss":0,"cards_upgraded":["Capacitor"]},{"cards_removed":["Fusion"],"damage_healed":0,"gold_gain":0,"player_choice":"Card Removal","damage_taken":0,"max_hp_gain":0,"max_hp_loss":0,"event_name":"Wheel of Change","floor":38,"gold_loss":0},{"damage_healed":0,"gold_gain":0,"player_choice":"Copied","damage_taken":0,"max_hp_gain":0,"max_hp_loss":0,"event_name":"Duplicator","floor":48,"gold_loss":0,"cards_obtained":["Capacitor"]}],"is_beta":false,"boss_relics":[{"not_picked":["Coffee Dripper","Nuclear Battery"],"picked":"Velvet Choker"},{"not_picked":["Black Star","FrozenCore"],"picked":"Pandora\u0027s Box"}],"items_purged_floors":[5,21,27],"is_endless":false,"potions_floor_spawned":[1,4,11,14,23,25,29,36,47],"killed_by":"Awakened One","ascension_level":11}