{"gold_per_floor":[117,29,39,50,60,60,75,87,111,111,138,138,154,179,179,253,253,266,216,51,62,62,87,99,99,123,149,163,163,198,248,248,322,322,338,392,96,76,126,126,157,157,157,157,50,61,61],"floor_reached":47,"playtime":3306,"items_purged":["Strike_R","Anger","Strike_R+1"],"score":1002,"play_id":"569c53c7-a0d4-4ab0-9683-7f5164e8ec02","local_time":"20190724014210","is_ascension_mode":true,"campfire_choices":[{"data":"Bash","floor":6.0,"key":"SMITH"},{"data":"Hemokinesis","floor":10.0,"key":"SMITH"},{"data":"Clothesline","floor":12.0,"key":"SMITH"},{"data":"Immolate","floor":15.0,"key":"SMITH"},{"floor":25.0,"key":"REST"},{"floor":32.0,"key":"REST"},{"floor":40.0,"key":"RECALL"},{"floor":42.0,"key":"REST"},{"data":"Feel No Pain","floor":44.0,"key":"SMITH"}],"neow_cost":"NONE","seed_source_timestamp":352448630985648,"circlet_count":0,"master_deck":["AscendersBane","Strike_R+1","Strike_R+1","Defend_R+1","Defend_R+1","Defend_R+1","Defend_R+1","Bash+1","Twin Strike","Clothesline+1","Hemokinesis+1","Feel No Pain+1","Evolve+1","Rage","Power Through","Immolate+1","Clothesline+1","Demon Form","Rage+1","Second Wind","Havoc","Feel No Pain","Necronomicurse","Seeing Red","Headbutt","Battle Trance","Shrug It Off","Immolate","Heavy Blade","Second Wind+1","Disarm","Flame Barrier","Uppercut","Shrug It Off"],"special_seed":0,"relics":["Burning Blood","PreservedInsect","Smiling Mask","Juzu Bracelet","Velvet Choker","Necronomicon","Regal Pillow","Omamori","Turnip","Red Mask","Mark of Pain","Charon\u0027s Ashes","Mummified Hand"],"potions_floor_usage":[47],"damage_taken":[{"damage":18.0,"enemies":"Cultist","floor":1.0,"turns":5.0},{"damage":7.0,"enemies":"Small Slimes","floor":3.0,"turns":4.0},{"damage":4.0,"enemies":"Jaw Worm","floor":4.0,"turns":3.0},{"damage":9.0,"enemies":"Looter","floor":5.0,"turns":3.0},{"damage":1.0,"enemies":"Exordium Wildlife","floor":7.0,"turns":2.0},{"damage":23.0,"enemies":"Blue Slaver","floor":8.0,"turns":5.0},{"damage":8.0,"enemies":"Gremlin Nob","floor":11.0,"turns":3.0},{"damage":4.0,"enemies":"Red Slaver","floor":13.0,"turns":4.0},{"damage":9.0,"enemies":"3 Sentries","floor":14.0,"turns":5.0},{"damage":24.0,"enemies":"Slime Boss","floor":16.0,"turns":7.0},{"damage":6.0,"enemies":"3 Byrds","floor":18.0,"turns":4.0},{"damage":10.0,"enemies":"Chosen","floor":21.0,"turns":5.0},{"damage":4.0,"enemies":"Book of Stabbing","floor":23.0,"turns":3.0},{"damage":29.0,"enemies":"Snake Plant","floor":24.0,"turns":4.0},{"damage":50.0,"enemies":"Slavers","floor":27.0,"turns":5.0},{"damage":0.0,"enemies":"3 Cultists","floor":28.0,"turns":1.0},{"damage":0.0,"enemies":"Masked Bandits","floor":30.0,"turns":1.0},{"damage":16.0,"enemies":"Champ","floor":33.0,"turns":12.0},{"damage":0.0,"enemies":"Orb Walker","floor":35.0,"turns":2.0},{"damage":32.0,"enemies":"2 Orb Walkers","floor":36.0,"turns":3.0},{"damage":31.0,"enemies":"Giant Head","floor":41.0,"turns":5.0},{"damage":41,"enemies":"3 Darklings","floor":46,"turns":7},{"damage":20,"enemies":"Reptomancer","floor":47,"turns":3}],"seed_played":"5167947194982397586","potions_obtained":[{"floor":5.0,"key":"Block Potion"},{"floor":8.0,"key":"Dexterity Potion"},{"floor":14.0,"key":"Block Potion"},{"floor":16.0,"key":"FearPotion"},{"floor":18.0,"key":"Poison Potion"},{"floor":21.0,"key":"SkillPotion"},{"floor":27.0,"key":"AttackPotion"},{"floor":30.0,"key":"LiquidBronze"},{"floor":38.0,"key":"PowerPotion"},{"floor":41.0,"key":"Dexterity Potion"}],"is_trial":false,"path_per_floor":["M","$","M","M","M","R","M","M","T","R","E","R","M","E","R","B",null,"M","?","$","M","?","E","M","R","T","E","M","?","?","?","R","B",null,"M","?","$","?","?","R","E","R","T","R","$","M","E"],"character_chosen":"IRONCLAD","items_purchased":["Clothesline","Hemokinesis","Second Wind","Havoc","Disarm","Flame Barrier","Uppercut","PowerPotion"],"campfire_rested":3,"item_purchase_floors":[2,2,20,20,37,37,37,45],"current_hp_per_floor":[56,56,55,57,54,54,59,42,42,42,40,40,42,39,39,21,62,62,62,62,58,37,39,16,53,53,9,15,15,21,21,58,48,68,74,48,48,48,41,41,16,53,53,53,53,18,0],"gold":61,"neow_bonus":"REMOVE_CARD","is_prod":false,"is_daily":false,"chose_seed":false,"campfire_upgraded":5,"win_rate":0,"timestamp":1563921730,"path_taken":["M","?","M","M","?","R","M","M","T","R","E","R","?","E","R","BOSS","M","?","$","M","?","E","M","R","T","E","M","?","?","?","R","BOSS","M","?","$","?","?","R","E","R","T","R","?","M","E"],"build_version":"2019-07-17","purchased_purges":3,"victory":false,"max_hp_per_floor":[75,75,75,75,75,75,75,75,75,75,75,75,75,75,75,75,75,75,75,75,75,75,75,75,75,75,75,75,75,75,75,75,75,75,75,75,75,75,75,75,75,75,75,75,75,75,75],"card_choices":[{"not_picked":["Perfected Strike","Warcry"],"picked":"Twin Strike","floor":1.0},{"not_picked":["Bloodletting","Rage"],"picked":"Anger","floor":3.0},{"not_picked":["Blood for Blood","Carnage"],"picked":"Feel No Pain","floor":4.0},{"not_picked":["Cleave","Body Slam"],"picked":"Evolve","floor":5.0},{"not_picked":["Flex","Evolve","True Grit"],"picked":"SKIP","floor":7.0},{"not_picked":["Sword Boomerang","Cleave"],"picked":"Rage","floor":8.0},{"not_picked":["Burning Pact","Wild Strike"],"picked":"Power Through","floor":11.0},{"not_picked":["Clothesline","Perfected Strike"],"picked":"Immolate","floor":13.0},{"not_picked":["Blood for Blood","Searing Blow"],"picked":"Clothesline","floor":14.0},{"not_picked":["Berserk","Exhume"],"picked":"Demon Form","floor":16.0},{"not_picked":["Cleave","Twin Strike"],"picked":"Rage+1","floor":18.0},{"not_picked":["Anger","Headbutt"],"picked":"Feel No Pain","floor":21.0},{"not_picked":["Pommel Strike","Evolve"],"picked":"Seeing Red","floor":23.0},{"not_picked":["Shrug It Off","Warcry"],"picked":"Headbutt","floor":24.0},{"not_picked":["Dropkick+1","Spot Weakness"],"picked":"Battle Trance","floor":27.0},{"not_picked":["Sword Boomerang","Flex","Anger"],"picked":"SKIP","floor":28.0},{"not_picked":["Cleave","Headbutt"],"picked":"Shrug It Off","floor":30.0},{"not_picked":["Brutality","Double Tap"],"picked":"Immolate","floor":33.0},{"not_picked":["Pommel Strike","Body Slam"],"picked":"Heavy Blade","floor":35.0},{"not_picked":["True Grit+1","Pummel"],"picked":"Second Wind+1","floor":36.0},{"not_picked":["Uppercut","Cleave","Sword Boomerang+1"],"picked":"SKIP","floor":41.0},{"not_picked":["Anger","Body Slam"],"picked":"Shrug It Off","floor":46}],"player_experience":934152,"relics_obtained":[{"floor":9.0,"key":"PreservedInsect"},{"floor":11.0,"key":"Smiling Mask"},{"floor":14.0,"key":"Juzu Bracelet"},{"floor":22.0,"key":"Necronomicon"},{"floor":23.0,"key":"Regal Pillow"},{"floor":26.0,"key":"Omamori"},{"floor":27.0,"key":"Turnip"},{"floor":30.0,"key":"Red Mask"},{"floor":36.0,"key":"Charon\u0027s Ashes"},{"floor":41.0,"key":"Mummified Hand"}],"event_choices":[{"damage_healed":0.0,"max_hp_gain":0.0,"max_hp_loss":0.0,"gold_gain":0.0,"event_name":"Designer","player_choice":"Upgraded Two","floor":19.0,"gold_loss":50.0,"damage_taken":0.0,"cards_upgraded":["Clothesline","Evolve"]},{"damage_healed":0.0,"max_hp_gain":0.0,"max_hp_loss":0.0,"gold_gain":0.0,"event_name":"Cursed Tome","player_choice":"Obtained Book","floor":22.0,"gold_loss":0.0,"damage_taken":21.0},{"damage_healed":0.0,"max_hp_gain":0.0,"max_hp_loss":0.0,"gold_gain":0.0,"event_name":"Back to Basics","player_choice":"Simplicity","floor":29.0,"gold_loss":0.0,"damage_taken":0.0,"cards_upgraded":["Strike_R","Strike_R","Strike_R","Defend_R","Defend_R","Defend_R","Defend_R"]},{"damage_healed":0.0,"max_hp_gain":0.0,"max_hp_loss":0.0,"gold_gain":0.0,"event_name":"Masked Bandits","player_choice":"Fought Bandits","floor":30.0,"gold_loss":0.0,"damage_taken":0.0},{"damage_healed":0.0,"max_hp_gain":0.0,"max_hp_loss":0.0,"gold_gain":50.0,"event_name":"Nest","player_choice":"Stole From Cult","floor":31.0,"gold_loss":0.0,"damage_taken":0.0},{"damage_healed":0.0,"max_hp_gain":0.0,"max_hp_loss":0.0,"gold_gain":0.0,"event_name":"Mysterious Sphere","player_choice":"Fight","floor":36.0,"gold_loss":0.0,"damage_taken":0.0},{"damage_healed":0.0,"max_hp_gain":0.0,"max_hp_loss":0.0,"gold_gain":0.0,"event_name":"The Woman in Blue","player_choice":"Bought 1 Potion","floor":38.0,"gold_loss":0.0,"damage_taken":0.0},{"damage_healed":0.0,"max_hp_gain":0.0,"max_hp_loss":0.0,"gold_gain":50.0,"event_name":"FaceTrader","player_choice":"Touch","floor":39.0,"gold_loss":0.0,"damage_taken":7.0}],"is_beta":false,"boss_relics":[{"not_picked":["Coffee Dripper","Eternal Feather"],"picked":"Velvet Choker"},{"not_picked":["Busted Crown","Black Star"],"picked":"Mark of Pain"}],"items_purged_floors":[20,37,45],"is_endless":false,"potions_floor_spawned":[5,8,14,16,18,21,27,30,33,41],"killed_by":"Reptomancer","ascension_level":20}