{"gold_per_floor":[114,189,189,204,218,251,267,279,328,344,370,370,380,398,398,475,475,490,490,239,184,84],"floor_reached":22,"playtime":646,"items_purged":[],"score":421,"play_id":"0490943a-1809-43c3-b171-73e14fb9cc49","local_time":"20190727191810","is_ascension_mode":true,"campfire_choices":[{"floor":12,"key":"REST"},{"data":"Defragment","floor":15,"key":"SMITH"}],"neow_cost":"NONE","seed_source_timestamp":20015071390541,"circlet_count":0,"master_deck":["AscendersBane","Defend_B","Defend_B","Defend_B","Defend_B","Zap","Dualcast","Defragment+1","Rip and Tear","Steam","Creative AI","Ball Lightning","Echo Form","Conserve Battery","Turbo","Echo Form","Coolheaded","Bite","Bite","Bite","Bite","Bite","Self Repair"],"relics":["Cracked Core","NeowsBlessing","Thread and Needle","Bag of Marbles","Matryoshka","Inserter","Strawberry","Tiny Chest"],"potions_floor_usage":[6,11,16,22],"damage_taken":[{"damage":0,"enemies":"2 Louse","floor":1,"turns":1},{"damage":0,"enemies":"Cultist","floor":4,"turns":1},{"damage":0,"enemies":"Jaw Worm","floor":5,"turns":1},{"damage":56,"enemies":"Gremlin Nob","floor":6,"turns":5},{"damage":0,"enemies":"Red Slaver","floor":7,"turns":3},{"damage":0,"enemies":"Blue Slaver","floor":8,"turns":3},{"damage":0,"enemies":"Exordium Wildlife","floor":10,"turns":2},{"damage":10,"enemies":"3 Sentries","floor":11,"turns":6},{"damage":7,"enemies":"Large Slime","floor":13,"turns":5},{"damage":0,"enemies":"Looter","floor":14,"turns":4},{"damage":4,"enemies":"The Guardian","floor":16,"turns":10},{"damage":43,"enemies":"Shell Parasite","floor":18,"turns":8},{"damage":32,"enemies":"2 Thieves","floor":22,"turns":3}],"seed_played":"-539502858858516575","potions_obtained":[{"floor":5,"key":"Regen Potion"},{"floor":6,"key":"Swift Potion"},{"floor":7,"key":"Regen Potion"},{"floor":16,"key":"Strength Potion"},{"floor":18,"key":"AttackPotion"}],"is_trial":false,"path_per_floor":["M","?","?","M","M","E","M","M","T","M","E","R","M","M","R","B",null,"M","?","$","?","M"],"character_chosen":"DEFECT","items_purchased":["Strawberry","Self Repair"],"campfire_rested":1,"item_purchase_floors":[20,20],"current_hp_per_floor":[64,53,71,71,71,24,24,24,24,24,29,50,43,43,43,39,63,20,20,27,27,0],"gold":84,"neow_bonus":"THREE_ENEMY_KILL","is_prod":false,"is_daily":false,"chose_seed":false,"campfire_upgraded":1,"win_rate":0,"timestamp":1564247890,"path_taken":["M","?","?","?","M","E","M","M","T","M","E","R","M","M","R","BOSS","M","?","$","?","?"],"build_version":"2019-07-18","purchased_purges":0,"victory":false,"max_hp_per_floor":[71,71,71,71,71,71,71,71,71,71,71,71,71,71,71,71,71,71,49,56,56,56],"card_choices":[{"not_picked":["Steam","Skim"],"picked":"Doom and Gloom","floor":1},{"not_picked":["Leap","Coolheaded"],"picked":"Defragment","floor":4},{"not_picked":["Compile Driver","Steam"],"picked":"Rip and Tear","floor":5},{"not_picked":["Tempest","Scrape"],"picked":"Steam","floor":6},{"not_picked":["Compile Driver","Auto Shields"],"picked":"Creative AI","floor":7},{"not_picked":["Reprogram","Hologram","Redo"],"picked":"SKIP","floor":8},{"not_picked":["Stack","Barrage"],"picked":"Ball Lightning","floor":10},{"not_picked":["Darkness","Scrape"],"picked":"Echo Form","floor":11},{"not_picked":["Barrage","Darkness"],"picked":"Conserve Battery","floor":13},{"not_picked":["Rip and Tear","Chaos"],"picked":"Turbo","floor":14},{"not_picked":["Reboot","Amplify"],"picked":"Echo Form","floor":16},{"not_picked":["Tempest","Go for the Eyes"],"picked":"Coolheaded","floor":18}],"player_experience":1925115,"relics_obtained":[{"floor":6,"key":"Thread and Needle"},{"floor":9,"key":"Bag of Marbles"},{"floor":11,"key":"Matryoshka"}],"event_choices":[{"damage_healed":0,"gold_gain":75,"player_choice":"Gather Gold","damage_taken":11,"max_hp_gain":0,"max_hp_loss":0,"event_name":"World of Goop","floor":2,"gold_loss":0},{"cards_removed":["Doom and Gloom"],"damage_healed":18,"gold_gain":0,"player_choice":"Offered Uncommon","damage_taken":0,"max_hp_gain":0,"max_hp_loss":0,"event_name":"Bonfire Elementals","floor":3,"gold_loss":0},{"damage_healed":0,"gold_gain":0,"player_choice":"Became a vampire","damage_taken":0,"max_hp_gain":0,"max_hp_loss":22,"event_name":"Vampires","floor":19,"gold_loss":0,"cards_obtained":["Bite","Bite","Bite","Bite","Bite"]},{"damage_healed":0,"gold_gain":0,"player_choice":"Obtained Relic","damage_taken":0,"relics_obtained":["Tiny Chest"],"max_hp_gain":0,"max_hp_loss":0,"event_name":"Addict","floor":21,"gold_loss":85}],"is_beta":true,"boss_relics":[{"not_picked":["Lizard Tail","Eternal Feather"],"picked":"Inserter"}],"items_purged_floors":[],"is_endless":false,"potions_floor_spawned":[5,6,7,8,10,16,18],"killed_by":"2 Thieves","ascension_level":20}