{"gold_per_floor":[210,285,285,300,319,338,372,372,372,372,385,419,419,450,450,552,552,570,570,570,126,141,141],"floor_reached":23,"playtime":3347,"items_purged":["Creative AI"],"score":259,"play_id":"def71bc8-66bf-4b52-b7b8-e9b793e1a9a9","local_time":"20190724144959","is_ascension_mode":false,"campfire_choices":[{"floor":8,"key":"REST"},{"floor":10,"key":"REST"},{"floor":13,"key":"REST"},{"floor":15,"key":"REST"}],"neow_cost":"NONE","seed_source_timestamp":0,"circlet_count":0,"master_deck":["Strike_B","Strike_B","Defend_B","Defend_B","Defend_B","Defend_B","Zap","Ball Lightning","Compile Driver","Beam Cell","Skim","Beam Cell","Doom and Gloom","Electrodynamics","Creative AI+1","Fusion+1","FTL+1","Streamline","Capacitor","Double Energy","Leap+1"],"special_seed":0,"relics":["Cracked Core","GremlinMask","Bag of Marbles","Oddly Smooth Stone","Sundial","Ornamental Fan","Astrolabe","Matryoshka"],"potions_floor_usage":[22],"damage_taken":[{"damage":2.0,"enemies":"Small Slimes","floor":1.0,"turns":4.0},{"damage":3.0,"enemies":"2 Louse","floor":4.0,"turns":3.0},{"damage":1.0,"enemies":"Cultist","floor":5.0,"turns":3.0},{"damage":8.0,"enemies":"Red Slaver","floor":6.0,"turns":3.0},{"damage":26.0,"enemies":"3 Sentries","floor":7.0,"turns":7.0},{"damage":0,"enemies":"2 Fungi Beasts","floor":11,"turns":3},{"damage":19,"enemies":"Lagavulin","floor":12,"turns":9},{"damage":24,"enemies":"3 Sentries","floor":14,"turns":10},{"damage":0,"enemies":"Slime Boss","floor":16,"turns":4},{"damage":14,"enemies":"2 Thieves","floor":18,"turns":4},{"damage":20,"enemies":"Shell Parasite","floor":22,"turns":5},{"damage":36,"enemies":"Snake Plant","floor":23,"turns":5}],"seed_played":"-660194845903702184","potions_obtained":[{"floor":1.0,"key":"Energy Potion"},{"floor":5.0,"key":"Explosive Potion"},{"floor":7,"key":"Regen Potion"},{"floor":14,"key":"PowerPotion"},{"floor":18,"key":"LiquidBronze"}],"is_trial":false,"path_per_floor":["M","?","?","M","M","M","E","R","T","R","M","E","R","E","R","B",null,"M","?","?","$","M","M"],"character_chosen":"DEFECT","items_purchased":["Double Energy","Matryoshka","FocusPotion"],"campfire_rested":4,"item_purchase_floors":[21,21,21],"current_hp_per_floor":[73,62,62,59,58,50,24,46,46,68,68,49,71,47,69,69,75,61,61,45,45,34,0],"gold":141,"neow_bonus":"HUNDRED_GOLD","is_prod":false,"is_daily":false,"chose_seed":false,"campfire_upgraded":0,"win_rate":0.0,"timestamp":1563997799,"path_taken":["M","?","?","M","M","?","E","R","T","R","M","E","R","E","R","BOSS","M","?","?","$","M","M"],"build_version":"2019-01-23","purchased_purges":1,"victory":false,"max_hp_per_floor":[75,75,75,75,75,75,75,75,75,75,75,75,75,75,75,75,75,75,75,75,75,75,75],"card_choices":[{"not_picked":["Consume","Melter"],"picked":"Ball Lightning","floor":1.0},{"not_picked":["Leap","Redo"],"picked":"Compile Driver","floor":4.0},{"not_picked":["Ball Lightning","Redo"],"picked":"Beam Cell","floor":5.0},{"not_picked":["Heatsinks","Doom and Gloom"],"picked":"Skim","floor":6.0},{"not_picked":["Rainbow","Reboot"],"picked":"Beam Cell","floor":7},{"not_picked":["Barrage","Blizzard"],"picked":"Glacier","floor":11},{"not_picked":["Gash","Ball Lightning"],"picked":"Compile Driver","floor":12},{"not_picked":["Seek","Steam"],"picked":"Doom and Gloom","floor":14},{"not_picked":["Seek","Rainbow"],"picked":"Electrodynamics","floor":16},{"not_picked":["Barrage+1","Redo"],"picked":"Streamline","floor":18},{"not_picked":["Steam+1","Redo+1"],"picked":"Leap+1","floor":22}],"player_experience":15472,"relics_obtained":[{"floor":7,"key":"Bag of Marbles"},{"floor":9,"key":"Oddly Smooth Stone"},{"floor":12,"key":"Sundial"},{"floor":14,"key":"Ornamental Fan"}],"event_choices":[{"damage_healed":0.0,"max_hp_gain":0.0,"max_hp_loss":0.0,"gold_gain":75.0,"event_name":"World of Goop","player_choice":"Gather Gold","floor":2.0,"gold_loss":0.0,"damage_taken":11.0},{"damage_healed":0.0,"max_hp_gain":0.0,"max_hp_loss":0.0,"gold_gain":0.0,"event_name":"FaceTrader","player_choice":"Trade","floor":3.0,"gold_loss":0.0,"damage_taken":0.0,"relics_obtained":["GremlinMask"]},{"damage_healed":0,"gold_gain":0,"cards_transformed":["Compile Driver","Strike_B"],"player_choice":"Became Test Subject","damage_taken":0,"max_hp_gain":0,"max_hp_loss":0,"event_name":"Drug Dealer","floor":19,"gold_loss":0,"cards_obtained":["Creative AI","Capacitor"]},{"damage_healed":0,"gold_gain":0,"player_choice":"Obtained Book","damage_taken":16,"max_hp_gain":0,"max_hp_loss":0,"event_name":"Cursed Tome","floor":20,"gold_loss":0}],"is_beta":true,"boss_relics":[{"not_picked":["Nuclear Battery","White Beast Statue"],"picked":"Astrolabe"}],"items_purged_floors":[21],"is_endless":false,"potions_floor_spawned":[1,5,7,14,18],"killed_by":"Snake Plant","ascension_level":0}