{"gold_per_floor":[119,135,135,135,148,182,198,198,267,280,280,280,296,296],"floor_reached":14,"playtime":418,"items_purged":[],"score":184,"play_id":"9fc18727-587e-459d-a435-e4feb344e84e","local_time":"20190706135623","is_ascension_mode":true,"campfire_choices":[{"floor":8,"key":"REST"}],"neow_cost":"NONE","seed_source_timestamp":170086400510,"circlet_count":0,"master_deck":["AscendersBane","Strike_B","Strike_B","Strike_B+1","Defend_B","Defend_B","Defend_B","Defend_B","Zap+1","Dualcast+1","Reinforced Body","Cold Snap","Rip and Tear","Cold Snap","Conserve Battery","Coolheaded+1"],"relics":["Black Star","Thread and Needle","Oddly Smooth Stone","Toxic Egg 2","Golden Idol"],"potions_floor_usage":[5,6,10,14],"damage_taken":[{"damage":9,"enemies":"Jaw Worm","floor":1,"turns":4},{"damage":0,"enemies":"2 Louse","floor":2,"turns":3},{"damage":8,"enemies":"Small Slimes","floor":5,"turns":5},{"damage":21,"enemies":"Lagavulin","floor":6,"turns":6},{"damage":0,"enemies":"Exordium Wildlife","floor":7,"turns":4},{"damage":9,"enemies":"Gremlin Gang","floor":10,"turns":5},{"damage":0,"enemies":"Lots of Slimes","floor":13,"turns":5},{"damage":37,"enemies":"Gremlin Nob","floor":14,"turns":4}],"seed_played":"7526319802553988502","potions_obtained":[{"floor":1,"key":"Dexterity Potion"},{"floor":2,"key":"Swift Potion"},{"floor":7,"key":"EssenceOfSteel"},{"floor":13,"key":"Explosive Potion"}],"is_trial":false,"path_per_floor":["M","M","?","?","M","E","M","R","T","M","?","?","M","E"],"character_chosen":"DEFECT","items_purchased":[],"campfire_rested":1,"item_purchase_floors":[],"current_hp_per_floor":[55,55,55,34,26,5,5,26,26,17,10,10,10,0],"gold":296,"neow_bonus":"BOSS_RELIC","is_prod":false,"is_daily":false,"chose_seed":false,"campfire_upgraded":0,"win_rate":0,"timestamp":1562414183,"path_taken":["M","M","?","?","M","E","M","R","T","M","?","?","M","E"],"build_version":"2019-07-03","purchased_purges":0,"victory":false,"max_hp_per_floor":[71,71,71,71,71,71,71,71,71,71,71,64,64,64],"card_choices":[{"not_picked":["Redo","Hello World"],"picked":"Reinforced Body","floor":1},{"not_picked":["Redo","Go for the Eyes"],"picked":"Cold Snap","floor":2},{"not_picked":["Reinforced Body","BootSequence"],"picked":"Rip and Tear","floor":5},{"not_picked":["Double Energy","Coolheaded"],"picked":"Cold Snap","floor":6},{"not_picked":["Force Field","Turbo"],"picked":"Conserve Battery","floor":7},{"not_picked":["Storm","Gash","Go for the Eyes"],"picked":"SKIP","floor":10},{"not_picked":["Compile Driver","Lockon"],"picked":"Coolheaded+1","floor":13}],"player_experience":1814483,"relics_obtained":[{"floor":6,"key":"Thread and Needle"},{"floor":6,"key":"Oddly Smooth Stone"},{"floor":9,"key":"Toxic Egg 2"}],"event_choices":[{"damage_healed":0,"gold_gain":0,"player_choice":"Grow","damage_taken":0,"max_hp_gain":0,"max_hp_loss":0,"event_name":"Living Wall","floor":3,"gold_loss":0,"cards_upgraded":["Zap"]},{"damage_healed":0,"gold_gain":0,"player_choice":"Entered Light","damage_taken":21,"max_hp_gain":0,"max_hp_loss":0,"event_name":"Shining Light","floor":4,"gold_loss":0,"cards_upgraded":["Strike_B","Dualcast"]},{"cards_removed":["Strike_B"],"damage_healed":0,"gold_gain":0,"player_choice":"Card Removal","damage_taken":7,"max_hp_gain":0,"max_hp_loss":0,"event_name":"Golden Wing","floor":11,"gold_loss":0},{"damage_healed":0,"gold_gain":0,"player_choice":"Lose Max HP","damage_taken":0,"relics_obtained":["Golden Idol"],"max_hp_gain":0,"max_hp_loss":7,"event_name":"Golden Idol","floor":12,"gold_loss":0}],"is_beta":true,"boss_relics":[],"items_purged_floors":[],"is_endless":false,"potions_floor_spawned":[1,2,7,13],"killed_by":"Gremlin Nob","ascension_level":20}