{"gold_per_floor":[115,125,50,50,50,50,77,91,91,122,122,133,133,161,161,238,238,256,270,270,114,133,133,167,167,167,196,209,209,120,120,120,193,193,203,203,203,1,17,17,17],"floor_reached":41,"playtime":1557,"items_purged":["Strike_G","Decay","Phantasmal Killer"],"score":918,"play_id":"4e9f9466-c31b-42a9-82b0-358a79e78d1e","local_time":"20190808222341","is_ascension_mode":true,"campfire_choices":[{"data":"Deadly Poison","floor":6.0,"key":"SMITH"},{"floor":13.0,"key":"REST"},{"data":"Bouncing Flask","floor":15.0,"key":"SMITH"},{"data":"Blur","floor":23.0,"key":"SMITH"},{"floor":25.0,"key":"REST"},{"floor":29.0,"key":"REST"},{"floor":32.0,"key":"REST"},{"floor":40.0,"key":"REST"}],"neow_cost":"NONE","seed_source_timestamp":853668060530229,"circlet_count":0,"master_deck":["AscendersBane","Survivor","Neutralize+1","Bouncing Flask+1","Deadly Poison+1","Sucker Punch","Blur+1","Unload","Dodge and Roll","Corpse Explosion","Skewer","Burst","Poisoned Stab","Blade Dance","Blade Dance","Noxious Fumes","Slice","Blur","Dodge and Roll","Backflip","Blur","PiercingWail","Blur","Escape Plan","Crippling Poison","Well Laid Plans","Acrobatics"],"special_seed":0,"relics":["Ring of the Snake","NeowsBlessing","Ninja Scroll","Singing Bowl","Bag of Marbles","FossilizedHelix","Pandora\u0027s Box","Pen Nib","Bottled Lightning","Juzu Bracelet","Philosopher\u0027s Stone"],"potions_floor_usage":[],"damage_taken":[{"damage":0.0,"enemies":"2 Louse","floor":1.0,"turns":1.0},{"damage":0.0,"enemies":"Jaw Worm","floor":2.0,"turns":1.0},{"damage":0.0,"enemies":"3 Sentries","floor":7.0,"turns":2.0},{"damage":1.0,"enemies":"Small Slimes","floor":8.0,"turns":3.0},{"damage":20.0,"enemies":"Lagavulin","floor":10.0,"turns":5.0},{"damage":14.0,"enemies":"Exordium Thugs","floor":12.0,"turns":4.0},{"damage":1.0,"enemies":"Gremlin Nob","floor":14.0,"turns":3.0},{"damage":8.0,"enemies":"Hexaghost","floor":16.0,"turns":8.0},{"damage":0.0,"enemies":"Chosen","floor":18.0,"turns":3.0},{"damage":0.0,"enemies":"Spheric Guardian","floor":19.0,"turns":2.0},{"damage":12.0,"enemies":"Snake Plant","floor":22.0,"turns":3.0},{"damage":17.0,"enemies":"Slavers","floor":24.0,"turns":2.0},{"damage":34.0,"enemies":"Book of Stabbing","floor":27.0,"turns":5.0},{"damage":11.0,"enemies":"Shelled Parasite and Fungi","floor":28.0,"turns":3.0},{"damage":51.0,"enemies":"Champ","floor":33.0,"turns":17.0},{"damage":46.0,"enemies":"3 Darklings","floor":35.0,"turns":4.0},{"damage":0.0,"enemies":"Orb Walker","floor":39.0,"turns":3.0},{"damage":53,"enemies":"Reptomancer","floor":41,"turns":3}],"seed_played":"8557432474540276396","potions_obtained":[{"floor":1.0,"key":"Dexterity Potion"},{"floor":7.0,"key":"Ancient Potion"},{"floor":12.0,"key":"PowerPotion"},{"floor":18.0,"key":"SkillPotion"},{"floor":39.0,"key":"SpeedPotion"}],"is_trial":false,"path_per_floor":["M","M","$","?","?","R","E","M","T","E","?","M","R","E","R","B",null,"M","M","?","$","M","R","E","R","T","E","M","R","$","?","R","B",null,"M","?","?","$","M","R","E"],"character_chosen":"THE_SILENT","items_purchased":["Dodge and Roll","Blur","Well Laid Plans"],"campfire_rested":5,"item_purchase_floors":[21,30,38],"current_hp_per_floor":[59,59,59,59,59,59,59,58,58,40,40,26,46,45,45,37,60,60,62,62,62,52,52,35,56,56,22,11,32,32,32,53,4,57,11,11,11,11,11,33,0],"gold":17,"neow_bonus":"THREE_ENEMY_KILL","is_prod":false,"is_daily":false,"chose_seed":false,"campfire_upgraded":3,"win_rate":0,"timestamp":1565328221,"path_taken":["M","M","$","?","?","R","E","M","T","E","?","?","R","E","R","BOSS","M","M","?","$","M","R","E","R","T","E","M","R","$","?","R","BOSS","M","?","?","?","M","R","E"],"build_version":"2019-07-18","purchased_purges":3,"victory":false,"max_hp_per_floor":[66,66,66,66,66,66,66,66,66,68,68,68,68,68,68,68,68,68,70,70,70,72,72,72,72,72,72,72,72,72,72,72,74,74,74,74,74,74,74,74,74],"card_choices":[{"not_picked":["Dash","Prepared"],"picked":"Bouncing Flask","floor":1.0},{"not_picked":["Expertise","Endless Agony"],"picked":"Deadly Poison","floor":2.0},{"not_picked":["Blade Dance","Reflex"],"picked":"Sucker Punch","floor":7.0},{"not_picked":["Dagger Throw","Quick Slash"],"picked":"Blur","floor":8.0},{"not_picked":["Sucker Punch","Underhanded Strike","Dagger Throw"],"picked":"Singing Bowl","floor":10.0},{"not_picked":["All Out Attack","Prepared"],"picked":"Unload","floor":12.0},{"not_picked":["Concentrate","Masterful Stab"],"picked":"Dodge and Roll","floor":14.0},{"not_picked":["Wraith Form v2","Unload"],"picked":"Corpse Explosion","floor":16.0},{"not_picked":["Quick Slash","Underhanded Strike"],"picked":"Blur","floor":18.0},{"not_picked":["All Out Attack","Caltrops","Quick Slash"],"picked":"Singing Bowl","floor":19.0},{"not_picked":["Bouncing Flask","Slice","Heel Hook"],"picked":"Singing Bowl","floor":22.0},{"not_picked":["Corpse Explosion","Poisoned Stab"],"picked":"Backflip","floor":24.0},{"not_picked":["Dodge and Roll","Underhanded Strike+1"],"picked":"Blur","floor":27.0},{"not_picked":["Terror","Concentrate"],"picked":"PiercingWail","floor":28.0},{"not_picked":["A Thousand Cuts","Glass Knife","Grand Finale"],"picked":"Singing Bowl","floor":33.0},{"not_picked":["Cloak And Dagger+1","Dagger Spray"],"picked":"Escape Plan","floor":35.0},{"not_picked":["Sucker Punch+1","Infinite Blades+1"],"picked":"Acrobatics","floor":39.0}],"player_experience":392734,"relics_obtained":[{"floor":7.0,"key":"Ninja Scroll"},{"floor":9.0,"key":"Singing Bowl"},{"floor":10.0,"key":"Bag of Marbles"},{"floor":14.0,"key":"FossilizedHelix"},{"floor":24.0,"key":"Pen Nib"},{"floor":26.0,"key":"Bottled Lightning"},{"floor":27.0,"key":"Juzu Bracelet"}],"event_choices":[{"damage_healed":0.0,"max_hp_gain":0.0,"max_hp_loss":0.0,"gold_gain":0.0,"event_name":"The Cleric","player_choice":"Leave","floor":4.0,"gold_loss":0.0,"damage_taken":0.0},{"damage_healed":0.0,"max_hp_gain":0.0,"max_hp_loss":0.0,"gold_gain":0.0,"event_name":"Living Wall","player_choice":"Grow","floor":5.0,"gold_loss":0.0,"damage_taken":0.0,"cards_upgraded":["Neutralize"]},{"damage_healed":0.0,"max_hp_gain":0.0,"max_hp_loss":0.0,"gold_gain":0.0,"event_name":"Scrap Ooze","player_choice":"Fled","floor":11.0,"gold_loss":0.0,"damage_taken":0.0},{"damage_healed":0.0,"max_hp_gain":0.0,"max_hp_loss":0.0,"gold_gain":0.0,"event_name":"Forgotten Altar","player_choice":"Smashed Altar","floor":20.0,"gold_loss":0.0,"damage_taken":0.0,"cards_obtained":["Decay"]},{"damage_healed":0.0,"max_hp_gain":0.0,"max_hp_loss":0.0,"gold_gain":0.0,"event_name":"Vampires","player_choice":"Ignored","floor":31.0,"gold_loss":0.0,"damage_taken":0.0},{"damage_healed":0.0,"max_hp_gain":0.0,"max_hp_loss":0.0,"gold_gain":0.0,"event_name":"Match and Keep!","player_choice":"1 cards matched","floor":36.0,"gold_loss":0.0,"damage_taken":0.0,"cards_obtained":["Crippling Poison"]},{"cards_removed":["Grand Finale"],"damage_healed":0.0,"max_hp_gain":0.0,"max_hp_loss":0.0,"gold_gain":0.0,"event_name":"Purifier","player_choice":"Purged","floor":37.0,"gold_loss":0.0,"damage_taken":0.0}],"is_beta":true,"boss_relics":[{"not_picked":["White Beast Statue","Tiny House"],"picked":"Pandora\u0027s Box"},{"not_picked":["Coffee Dripper","Astrolabe"],"picked":"Philosopher\u0027s Stone"}],"items_purged_floors":[3,21,38],"is_endless":false,"potions_floor_spawned":[1,7,12,18,19,39],"killed_by":"Reptomancer","ascension_level":18}