{"gold_per_floor":[110,35,110,35,210,210,226,259,259,259,259,259,280,280],"floor_reached":14,"playtime":513,"items_purged":["Shame"],"score":103,"play_id":"a6b5c4dc-5134-4dad-84c0-ee823616dba1","local_time":"20190701094750","is_ascension_mode":true,"campfire_choices":[{"data":"Consume","floor":6,"key":"SMITH"},{"floor":10,"key":"RECALL"}],"neow_cost":"NONE","seed_source_timestamp":6107040414777,"circlet_count":0,"master_deck":["Strike_B","Strike_B","Strike_B","Defend_B","Defend_B","Defend_B","Defend_B","Zap","Dualcast","Normality","Doubt","Leap","Consume+1","Doubt","Cold Snap","Melter","Thunder Strike"],"relics":["Calling Bell","DataDisk","Shuriken","Ice Cream","Strawberry","Matryoshka","Golden Idol"],"potions_floor_usage":[],"damage_taken":[{"damage":11,"enemies":"Jaw Worm","floor":1,"turns":5},{"damage":11,"enemies":"2 Louse","floor":7,"turns":4},{"damage":26,"enemies":"Lagavulin","floor":8,"turns":12},{"damage":9,"enemies":"Cultist","floor":13,"turns":6},{"damage":8,"enemies":"3 Sentries","floor":14,"turns":4}],"seed_played":"-6655679732010222006","potions_obtained":[],"is_trial":false,"path_per_floor":["M","$","?","$","?","R","M","E","T","R","?","?","M","E"],"character_chosen":"DEFECT","items_purchased":["Consume"],"campfire_rested":0,"item_purchase_floors":[4],"current_hp_per_floor":[64,64,53,53,53,53,42,23,23,23,23,23,14,6],"gold":280,"neow_bonus":"BOSS_RELIC","is_prod":false,"is_daily":false,"chose_seed":false,"campfire_upgraded":1,"win_rate":0,"timestamp":1561942070,"path_taken":["M","$","?","$","?","R","M","E","T","R","?","?","M","E"],"build_version":"2019-01-23","purchased_purges":1,"victory":false,"max_hp_per_floor":[75,75,75,75,75,75,75,82,82,82,76,76,76,76],"card_choices":[{"not_picked":["Tempest","Skim"],"picked":"Leap","floor":1},{"not_picked":["Turbo","Auto Shields"],"picked":"Cold Snap","floor":7},{"not_picked":["Chill","Rebound"],"picked":"Melter","floor":8},{"not_picked":["Genetic Algorithm","Rip and Tear","Storm"],"picked":"SKIP","floor":13}],"player_experience":102499,"relics_obtained":[{"floor":0,"key":"DataDisk"},{"floor":0,"key":"Shuriken"},{"floor":0,"key":"Ice Cream"},{"floor":8,"key":"Strawberry"},{"floor":9,"key":"Matryoshka"}],"event_choices":[{"damage_healed":0,"gold_gain":75,"player_choice":"Gather Gold","damage_taken":11,"max_hp_gain":0,"max_hp_loss":0,"event_name":"World of Goop","floor":3,"gold_loss":0},{"damage_healed":0,"gold_gain":175,"player_choice":"AGREE","damage_taken":0,"max_hp_gain":0,"max_hp_loss":0,"event_name":"Liars Game","floor":5,"gold_loss":0,"cards_obtained":["Doubt"]},{"damage_healed":0,"gold_gain":0,"player_choice":"Lose Max HP","damage_taken":0,"relics_obtained":["Golden Idol"],"max_hp_gain":0,"max_hp_loss":6,"event_name":"Golden Idol","floor":11,"gold_loss":0},{"damage_healed":0,"gold_gain":0,"cards_transformed":["Strike_B"],"player_choice":"Change","damage_taken":0,"max_hp_gain":0,"max_hp_loss":0,"event_name":"Living Wall","floor":12,"gold_loss":0,"cards_obtained":["Thunder Strike"]}],"is_beta":false,"boss_relics":[],"items_purged_floors":[2],"is_endless":false,"potions_floor_spawned":[],"killed_by":"3 Sentries","ascension_level":4}