{"gold_per_floor":[111,126,27,27,27,370,370,390,390,355,393,393,433,448,448,544,544,557,226,226,202,223,223,236,236],"floor_reached":25,"playtime":1561,"items_purged":["Strike_R"],"score":442,"play_id":"8217ad8c-f86a-41f0-afc1-ee753edd8f32","local_time":"20190802061106","is_ascension_mode":true,"campfire_choices":[{"floor":7,"key":"REST"},{"data":"Bash","floor":12,"key":"SMITH"},{"floor":15,"key":"REST"}],"neow_cost":"NONE","seed_source_timestamp":1148438084136104,"circlet_count":0,"master_deck":["AscendersBane","Strike_R","Strike_R","Strike_R","Strike_R","Defend_R","Defend_R","Defend_R","Defend_R","Bash+1","Cleave","Perfected Strike","Perfected Strike","Battle Trance","Combust","Wild Strike","Fiend Fire","Iron Wave","Spot Weakness","Barricade","Armaments","Sentinel","Carnage","Perfected Strike"],"relics":["Burning Blood","Bloody Idol","Old Coin","Shuriken","Darkstone Periapt","Torii","Philosopher\u0027s Stone","Happy Flower"],"potions_floor_usage":[6,11,16,22,25],"damage_taken":[{"damage":9,"enemies":"Small Slimes","floor":1,"turns":5},{"damage":21,"enemies":"Jaw Worm","floor":2,"turns":5},{"damage":50,"enemies":"Lagavulin","floor":6,"turns":6},{"damage":2,"enemies":"2 Louse","floor":8,"turns":2},{"damage":22,"enemies":"3 Sentries","floor":11,"turns":5},{"damage":35,"enemies":"Gremlin Nob","floor":13,"turns":4},{"damage":14,"enemies":"Blue Slaver","floor":14,"turns":4},{"damage":26,"enemies":"The Guardian","floor":16,"turns":10},{"damage":2,"enemies":"Spheric Guardian","floor":18,"turns":3},{"damage":20,"enemies":"2 Thieves","floor":21,"turns":4},{"damage":19,"enemies":"Cultist and Chosen","floor":22,"turns":4},{"damage":24,"enemies":"Snake Plant","floor":24,"turns":3},{"damage":44,"enemies":"Snecko","floor":25,"turns":4}],"seed_played":"-82663290379274894","potions_obtained":[{"floor":0,"key":"Regen Potion"},{"floor":0,"key":"SpeedPotion"},{"floor":2,"key":"GamblersBrew"},{"floor":8,"key":"Block Potion"},{"floor":11,"key":"LiquidBronze"},{"floor":14,"key":"SkillPotion"},{"floor":21,"key":"BloodPotion"}],"is_trial":false,"path_per_floor":["M","M","$","?","?","E","R","M","T","?","E","R","E","M","R","B",null,"M","$","?","M","M","?","M","M"],"character_chosen":"IRONCLAD","items_purchased":["Perfected Strike","Battle Trance","PowerPotion","Happy Flower","Sentinel"],"campfire_rested":2,"item_purchase_floors":[3,3,19,19,19],"current_hp_per_floor":[65,50,50,50,50,21,41,45,45,62,46,46,17,9,29,9,53,57,57,57,43,47,47,34,0],"gold":236,"neow_bonus":"THREE_SMALL_POTIONS","is_prod":false,"is_daily":false,"chose_seed":false,"campfire_upgraded":1,"win_rate":0,"timestamp":1564715466,"path_taken":["M","M","$","?","?","E","R","M","T","?","E","R","E","M","R","BOSS","M","$","?","M","M","?","M","M"],"build_version":"2019-07-17","purchased_purges":1,"victory":false,"max_hp_per_floor":[75,75,75,68,68,68,68,68,68,68,68,68,68,68,68,68,68,68,68,68,68,68,68,68,68],"card_choices":[{"not_picked":["Burning Pact","Perfected Strike"],"picked":"Cleave","floor":1},{"not_picked":["Heavy Blade","Flex"],"picked":"Perfected Strike","floor":2},{"not_picked":["Shrug It Off","True Grit"],"picked":"Combust","floor":6},{"not_picked":["Fire Breathing","Rampage"],"picked":"Wild Strike","floor":8},{"not_picked":["Flex","Entrench"],"picked":"Fiend Fire","floor":11},{"not_picked":["Infernal Blade","Sword Boomerang"],"picked":"Iron Wave","floor":13},{"not_picked":["Armaments","Clash"],"picked":"Spot Weakness","floor":14},{"not_picked":["Bludgeon","Double Tap"],"picked":"Barricade","floor":16},{"not_picked":["True Grit","Warcry"],"picked":"Armaments","floor":18},{"not_picked":["Uppercut","Clothesline"],"picked":"Carnage","floor":21},{"not_picked":["Warcry","Rampage"],"picked":"Perfected Strike","floor":22},{"not_picked":["Clothesline","Barricade","Headbutt"],"picked":"SKIP","floor":24}],"player_experience":1149987,"relics_obtained":[{"floor":6,"key":"Old Coin"},{"floor":9,"key":"Shuriken"},{"floor":11,"key":"Darkstone Periapt"},{"floor":13,"key":"Torii"}],"event_choices":[{"damage_healed":0,"gold_gain":0,"player_choice":"Lose Max HP","damage_taken":0,"relics_obtained":["Golden Idol"],"max_hp_gain":0,"max_hp_loss":7,"event_name":"Golden Idol","floor":4,"gold_loss":0},{"damage_healed":0,"gold_gain":0,"player_choice":"Ignored","damage_taken":0,"max_hp_gain":0,"max_hp_loss":0,"event_name":"Liars Game","floor":5,"gold_loss":0},{"damage_healed":17,"gold_gain":0,"player_choice":"Healed","damage_taken":0,"max_hp_gain":0,"max_hp_loss":0,"event_name":"The Cleric","floor":10,"gold_loss":35},{"damage_healed":0,"gold_gain":0,"player_choice":"Ignored","damage_taken":0,"max_hp_gain":0,"max_hp_loss":0,"event_name":"The Mausoleum","floor":20,"gold_loss":0},{"damage_healed":0,"gold_gain":0,"player_choice":"Gave Idol","damage_taken":0,"relics_obtained":["Bloody Idol"],"max_hp_gain":0,"max_hp_loss":0,"event_name":"Forgotten Altar","floor":23,"relics_lost":["Golden Idol"],"gold_loss":0}],"is_beta":false,"boss_relics":[{"not_picked":["Lizard Tail","Ectoplasm"],"picked":"Philosopher\u0027s Stone"}],"items_purged_floors":[19],"is_endless":false,"potions_floor_spawned":[2,8,11,14,21],"killed_by":"Snecko","ascension_level":20}