{"gold_per_floor":[110,110,128,128,53,78,78,106,118,30,46,46,60,135,135,234,284,297,297,310,325,325,325,200,200,200,215,250,250,280,280,280,383,383,394,394,694,705,725,745,745],"floor_reached":41,"playtime":5013,"items_purged":["Strike_Br","Defend_Br","Defend_Br"],"score":464,"play_id":"b70ac997-695b-4bdb-885f-ed6988b433a0","local_time":"20190730085337","is_ascension_mode":false,"campfire_choices":[{"data":"SecondHand","floor":7,"key":"SMITH"},{"data":"PrimeTime","floor":12,"key":"SMITH"},{"data":"ExoVibe","floor":15,"key":"SMITH"},{"data":"AlternateTimeline","floor":23,"key":"SMITH"},{"data":"Echonomics","floor":25,"key":"SMITH"},{"data":"Accruing","floor":32,"key":"SMITH"}],"neow_cost":"NONE","seed_source_timestamp":15193507207393,"circlet_count":0,"master_deck":["Defend_Br","SecondHand+1","PatternShift","PrimeTime+1","HandsUpC","Break+1","ExoVibe+22","Echonomics+1","AlternateTimeline+1","Bite","Bite","Bite+1","Bite+1","Bite","Accruing+1","Flay","Moderato+1","PrimeTime+1","WatchCommand+1","Parasite"],"relics":["Chronometer","Mercury?","Letter Opener","MawBank","Tiny House","Frozen Egg 2","Whetstone","Bronze Scales","Lizard Tail"],"potions_floor_usage":[40,41,41],"damage_taken":[{"damage":0,"enemies":"2 Louse","floor":1,"turns":2},{"damage":2,"enemies":"Small Slimes","floor":3,"turns":4},{"damage":8,"enemies":"3 Sentries","floor":6,"turns":6},{"damage":16,"enemies":"Lagavulin","floor":8,"turns":7},{"damage":0,"enemies":"Jaw Worm","floor":11,"turns":3},{"damage":0,"enemies":"Exordium Wildlife","floor":13,"turns":2},{"damage":12,"enemies":"The Guardian","floor":16,"turns":13},{"damage":1,"enemies":"Chosen","floor":18,"turns":5},{"damage":10,"enemies":"3 Byrds","floor":20,"turns":6},{"damage":8,"enemies":"Centurion and Healer","floor":21,"turns":6},{"damage":13,"enemies":"Snecko","floor":27,"turns":6},{"damage":7,"enemies":"Gremlin Leader","floor":28,"turns":11},{"damage":41,"enemies":"Book of Stabbing","floor":30,"turns":6},{"damage":63,"enemies":"Automaton","floor":33,"turns":11},{"damage":2,"enemies":"3 Shapes","floor":35,"turns":3},{"damage":11,"enemies":"Orb Walker","floor":38,"turns":5},{"damage":15,"enemies":"4 Shapes","floor":39,"turns":9},{"damage":25,"enemies":"Writhing Mass","floor":40,"turns":7},{"damage":112,"enemies":"Maw","floor":41,"turns":10}],"seed_played":"-2967169882410103095","potions_obtained":[{"floor":3,"key":"FearPotion"},{"floor":8,"key":"Block Potion"},{"floor":13,"key":"GamblersBrew"},{"floor":16,"key":"Swift Potion"},{"floor":17,"key":"SkillPotion"},{"floor":18,"key":"Regen Potion"}],"is_trial":false,"path_per_floor":["M","?","M","?","$","E","R","E","T","$","M","R","M","?","R","B",null,"M","?","M","M","?","R","$","R","T","M","E","?","E","$","R","B",null,"M","?","?","M","M","M","M"],"character_chosen":"CHRONO_CLASS","items_purchased":[],"campfire_rested":0,"item_purchase_floors":[],"current_hp_per_floor":[65,70,68,68,68,60,60,44,44,44,44,44,44,33,33,21,75,74,52,52,52,44,44,44,44,44,45,57,57,33,33,33,14,57,57,57,57,52,45,30,0],"gold":745,"neow_bonus":"REMOVE_CARD","is_prod":false,"is_daily":false,"chose_seed":false,"campfire_upgraded":6,"win_rate":0.0,"timestamp":1564444417,"path_taken":["M","?","M","?","?","E","R","E","T","$","M","R","?","?","R","BOSS","M","?","M","M","?","R","$","R","T","M","E","?","E","?","R","BOSS","M","?","?","M","M","M","?"],"build_version":"2019-07-17","purchased_purges":3,"victory":false,"max_hp_per_floor":[65,70,70,70,70,70,70,70,70,70,70,70,70,70,70,70,75,75,52,52,52,57,57,57,57,57,57,57,57,57,57,57,57,57,57,57,57,57,57,57,57],"card_choices":[{"not_picked":["HandsUpC","HandsUpB"],"picked":"PrimeTime","floor":1},{"not_picked":["LockedBlood","Stagnate"],"picked":"HandsUpC","floor":3},{"not_picked":["PrimeTime","LockedMawBank","LockedTornado"],"picked":"SKIP","floor":6},{"not_picked":["LockedTurtyl","LockedAnchor"],"picked":"Break","floor":8},{"not_picked":["Echoward","PrimeTime"],"picked":"ExoVibe","floor":11},{"not_picked":["Echoward","Chronoelasticity","PrimeTime"],"picked":"SKIP","floor":13},{"not_picked":["Chronoelasticity","LockedCalendar"],"picked":"Echonomics","floor":16},{"not_picked":["Analog","WindUp"],"picked":"AlternateTimeline","floor":18},{"not_picked":["LockedMedicine+1","CrunchTime","SlimeSpray"],"picked":"SKIP","floor":20},{"not_picked":["LockedMedicine+1","CrunchTime","SlimeSpray"],"picked":"SKIP","floor":20},{"not_picked":["Accruing","ResonantCall"],"picked":"Backlash","floor":21},{"not_picked":["WakeUpCall","Backlash+1","BiteCommand"],"picked":"SKIP","floor":27},{"not_picked":["Backlash","Analog"],"picked":"Tempo+1","floor":28},{"not_picked":["ExoVibe","Echoward"],"picked":"Accruing","floor":30},{"not_picked":["LockedAstrolabe+1","BackFourSeconds"],"picked":"Flay","floor":33},{"not_picked":["LockedMedicine+1","HandsUpB+1","ReapSow"],"picked":"SKIP","floor":35},{"not_picked":["LockedAnchor+1","LockedBlood+1"],"picked":"PrimeTime+1","floor":38},{"not_picked":["Engulf+1","BackFourSeconds"],"picked":"WatchCommand+1","floor":39},{"not_picked":["LockedMercury+1","LockedMedicine+1","LockedTurtyl+1"],"picked":"SKIP","floor":40}],"player_experience":188207,"relics_obtained":[{"floor":6,"key":"Letter Opener"},{"floor":8,"key":"MawBank"},{"floor":26,"key":"Frozen Egg 2"},{"floor":28,"key":"Whetstone"},{"floor":30,"key":"Bronze Scales"}],"event_choices":[{"damage_healed":0,"gold_gain":0,"player_choice":"Donut","damage_taken":0,"max_hp_gain":5,"max_hp_loss":0,"event_name":"Big Fish","floor":2,"gold_loss":0},{"damage_healed":0,"gold_gain":75,"player_choice":"Gather Gold","damage_taken":11,"max_hp_gain":0,"max_hp_loss":0,"event_name":"World of Goop","floor":14,"gold_loss":0},{"damage_healed":0,"gold_gain":0,"player_choice":"Became a vampire","damage_taken":0,"max_hp_gain":0,"max_hp_loss":23,"event_name":"Vampires","floor":19,"gold_loss":0,"cards_obtained":["Bite","Bite","Bite","Bite","Bite"]},{"damage_healed":0,"gold_gain":0,"player_choice":"Shed Blood","damage_taken":13,"max_hp_gain":5,"max_hp_loss":0,"event_name":"Forgotten Altar","floor":22,"gold_loss":0},{"cards_removed":["Backlash"],"damage_healed":0,"gold_gain":0,"player_choice":"Removed Attack","damage_taken":0,"max_hp_gain":0,"max_hp_loss":0,"event_name":"Falling","floor":36,"gold_loss":0},{"damage_healed":0,"gold_gain":300,"player_choice":"Gold","damage_taken":0,"max_hp_gain":0,"max_hp_loss":0,"event_name":"Wheel of Change","floor":37,"gold_loss":0}],"is_beta":false,"boss_relics":[{"not_picked":["Orrery","White Beast Statue"],"picked":"Tiny House"},{"not_picked":["Calling Bell","HangingClock"],"picked":"Lizard Tail"}],"items_purged_floors":[5,10,24],"is_endless":false,"potions_floor_spawned":[3,8,13,16,18,27,28,33],"killed_by":"Maw","ascension_level":0}