{"gold_per_floor":[113,130,130,55,70,114,114,127,127,177,18,31,31],"floor_reached":13,"playtime":827,"items_purged":["Strike_G"],"score":170,"play_id":"31ba4a5e-ea8e-43c5-bc8a-0d35bf30ee6b","local_time":"20190803095156","is_ascension_mode":true,"campfire_choices":[{"floor":7.0,"key":"REST"}],"neow_cost":"NONE","seed_source_timestamp":114435756591400,"circlet_count":0,"master_deck":["AscendersBane","Strike_G","Strike_G","Strike_G","Defend_G","Defend_G","Defend_G","Defend_G","Defend_G","Survivor","Neutralize","Wraith Form v2","Poisoned Stab","Noxious Fumes","Quick Slash","Bullet Time","PiercingWail","Flechettes+1","Catalyst"],"special_seed":0,"relics":["Ring of the Snake","Golden Idol","StoneCalendar","Molten Egg 2"],"potions_floor_usage":[],"damage_taken":[{"damage":0.0,"enemies":"2 Louse","floor":1.0,"turns":5.0},{"damage":1.0,"enemies":"Small Slimes","floor":2.0,"turns":5.0},{"damage":3.0,"enemies":"Jaw Worm","floor":5.0,"turns":5.0},{"damage":45.0,"enemies":"Lagavulin","floor":6.0,"turns":8.0},{"damage":1.0,"enemies":"Red Slaver","floor":8.0,"turns":5.0},{"damage":1,"enemies":"2 Fungi Beasts","floor":12,"turns":4},{"damage":59,"enemies":"Gremlin Nob","floor":13,"turns":4}],"seed_played":"-7677602556304519243","potions_obtained":[{"floor":5.0,"key":"Regen Potion"}],"is_trial":false,"path_per_floor":["M","M","?","?","M","E","R","M","T","?","$","M","E"],"character_chosen":"THE_SILENT","items_purchased":["Flechettes+1"],"campfire_rested":1,"item_purchase_floors":[11],"current_hp_per_floor":[59,58,58,58,55,25,43,42,42,36,36,35,0],"gold":31,"neow_bonus":"ONE_RANDOM_RARE_CARD","is_prod":false,"is_daily":false,"chose_seed":false,"campfire_upgraded":0,"win_rate":0,"timestamp":1564851116,"path_taken":["M","M","?","?","M","E","R","M","T","?","$","?","E"],"build_version":"2019-07-17","purchased_purges":1,"victory":false,"max_hp_per_floor":[66,66,60,60,60,60,60,60,60,60,60,60,60],"card_choices":[{"not_picked":["Deflect","Acrobatics"],"picked":"Poisoned Stab","floor":1.0},{"not_picked":["Bane","Outmaneuver"],"picked":"Noxious Fumes","floor":2.0},{"not_picked":["Underhanded Strike","Expertise"],"picked":"Quick Slash","floor":5.0},{"not_picked":["Finisher","Sucker Punch"],"picked":"Bullet Time","floor":6.0},{"not_picked":["Concentrate","Outmaneuver"],"picked":"PiercingWail","floor":8.0},{"not_picked":["Acrobatics","Concentrate"],"picked":"Catalyst","floor":12}],"player_experience":1190883,"relics_obtained":[{"floor":6.0,"key":"StoneCalendar"},{"floor":9.0,"key":"Molten Egg 2"}],"event_choices":[{"damage_healed":0.0,"max_hp_gain":0.0,"max_hp_loss":6.0,"gold_gain":0.0,"event_name":"Golden Idol","player_choice":"Lose Max HP","floor":3.0,"gold_loss":0.0,"damage_taken":0.0,"relics_obtained":["Golden Idol"]},{"cards_removed":["Strike_G"],"damage_healed":0.0,"max_hp_gain":0.0,"max_hp_loss":0.0,"gold_gain":0.0,"event_name":"The Cleric","player_choice":"Card Removal","floor":4.0,"gold_loss":75.0,"damage_taken":0.0},{"damage_healed":0,"gold_gain":50,"player_choice":"Touch","damage_taken":6,"max_hp_gain":0,"max_hp_loss":0,"event_name":"FaceTrader","floor":10,"gold_loss":0}],"is_beta":false,"boss_relics":[],"items_purged_floors":[11],"is_endless":false,"potions_floor_spawned":[5],"killed_by":"Gremlin Nob","ascension_level":20}