{"gold_per_floor":[110,124,124,399,115,134,134,154,154,164,164,64,77,77,77,177,177,177,177,0,0,0,0,0,0,0,0,0],"floor_reached":28,"playtime":1169,"items_purged":["Regret","Regret"],"score":339,"play_id":"520a0b2e-64cb-4a80-8b98-3677e9232fb8","local_time":"20190803190626","is_ascension_mode":true,"campfire_choices":[{"data":"Neutralize","floor":7,"key":"SMITH"},{"data":"Bouncing Flask","floor":11,"key":"SMITH"},{"data":"Dagger Spray","floor":15,"key":"SMITH"},{"floor":23,"key":"REST"},{"data":"Catalyst","floor":25,"key":"SMITH"}],"neow_cost":"NONE","seed_source_timestamp":400290395248000,"circlet_count":0,"master_deck":["AscendersBane","Strike_G","Strike_G","Strike_G","Strike_G","Strike_G","Defend_G","Defend_G","Defend_G","Defend_G","Defend_G","Survivor","Neutralize+1","Die Die Die","Bouncing Flask+1","PiercingWail","Dagger Throw","After Image","Cloak And Dagger","Dagger Spray+1","Adrenaline","PiercingWail","Catalyst+1","Wraith Form v2","Poisoned Stab","Leg Sweep"],"relics":["Ring of the Snake","Prayer Wheel","Medical Kit","StoneCalendar","Ectoplasm","Bronze Scales"],"potions_floor_usage":[16,16],"damage_taken":[{"damage":0,"enemies":"2 Louse","floor":1,"turns":2},{"damage":0,"enemies":"Jaw Worm","floor":2,"turns":5},{"damage":1,"enemies":"Cultist","floor":6,"turns":3},{"damage":7,"enemies":"Blue Slaver","floor":8,"turns":3},{"damage":0,"enemies":"3 Louse","floor":10,"turns":1},{"damage":10,"enemies":"2 Fungi Beasts","floor":13,"turns":2},{"damage":20,"enemies":"Slime Boss","floor":16,"turns":7},{"damage":6,"enemies":"3 Byrds","floor":18,"turns":4},{"damage":14,"enemies":"Spheric Guardian","floor":19,"turns":5},{"damage":18,"enemies":"Snake Plant","floor":22,"turns":6},{"damage":5,"enemies":"Snecko","floor":24,"turns":5},{"damage":14,"enemies":"Centurion and Healer","floor":27,"turns":7},{"damage":25,"enemies":"Sentry and Sphere","floor":28,"turns":3}],"seed_played":"-4475597320857102491","potions_obtained":[{"floor":6,"key":"AttackPotion"},{"floor":8,"key":"AttackPotion"},{"floor":16,"key":"GamblersBrew"},{"floor":18,"key":"Fire Potion"}],"is_trial":false,"path_per_floor":["M","M","?","?","$","M","R","M","T","M","R","$","M","$","R","B",null,"M","M","?","$","M","R","M","R","T","M","M"],"character_chosen":"THE_SILENT","items_purchased":["Medical Kit"],"campfire_rested":1,"item_purchase_floors":[5],"current_hp_per_floor":[63,63,63,63,63,62,62,55,55,55,55,55,45,45,45,25,59,53,39,39,39,21,42,37,37,37,23,0],"gold":0,"neow_bonus":"ONE_RANDOM_RARE_CARD","is_prod":false,"is_daily":false,"chose_seed":false,"campfire_upgraded":4,"win_rate":0,"timestamp":1564873586,"path_taken":["M","M","?","?","$","M","R","M","T","M","R","$","M","$","R","BOSS","M","?","?","$","M","R","M","R","T","M","M"],"build_version":"2019-07-18","purchased_purges":2,"victory":false,"max_hp_per_floor":[70,70,70,70,70,70,70,70,70,70,70,70,70,70,70,70,70,70,70,70,70,70,70,70,70,70,70,70],"card_choices":[{"not_picked":["Underhanded Strike","Slice","Prepared"],"picked":"SKIP","floor":1},{"not_picked":["Terror","Cloak And Dagger"],"picked":"Bouncing Flask","floor":2},{"not_picked":["Deflect","Escape Plan"],"picked":"PiercingWail","floor":6},{"not_picked":["Calculated Gamble","Masterful Stab"],"picked":"Dagger Throw","floor":6},{"not_picked":["Infinite Blades","Sucker Punch"],"picked":"After Image","floor":8},{"not_picked":["Outmaneuver","Dodge and Roll"],"picked":"Cloak And Dagger","floor":8},{"not_picked":["Caltrops","Finisher"],"picked":"Dagger Spray","floor":10},{"not_picked":["Dagger Spray","Dagger Throw","Predator"],"picked":"SKIP","floor":10},{"not_picked":["Eviscerate","Blade Dance","Quick Slash"],"picked":"SKIP","floor":13},{"not_picked":["Masterful Stab","Infinite Blades","Bane"],"picked":"SKIP","floor":13},{"not_picked":["Envenom","Unload"],"picked":"Adrenaline","floor":16},{"not_picked":["Prepared","Backstab"],"picked":"PiercingWail","floor":18},{"not_picked":["Concentrate+1","Sucker Punch","Outmaneuver"],"picked":"SKIP","floor":18},{"not_picked":["Heel Hook","Reflex"],"picked":"Catalyst","floor":19},{"not_picked":["Accuracy","Flying Knee","Sucker Punch"],"picked":"SKIP","floor":19},{"not_picked":["Sucker Punch","Backflip"],"picked":"Wraith Form v2","floor":22},{"not_picked":["Masterful Stab","Deflect","Skewer+1"],"picked":"SKIP","floor":22},{"not_picked":["Blade Dance+1","Dodge and Roll","Caltrops"],"picked":"SKIP","floor":24},{"not_picked":["Concentrate","Distraction","Outmaneuver"],"picked":"SKIP","floor":24},{"not_picked":["Distraction","All Out Attack"],"picked":"Poisoned Stab","floor":27},{"not_picked":["Deflect","Prepared"],"picked":"Leg Sweep","floor":27}],"player_experience":348967,"relics_obtained":[{"floor":9,"key":"StoneCalendar"},{"floor":26,"key":"Bronze Scales"}],"event_choices":[{"damage_healed":0,"gold_gain":0,"player_choice":"Box","damage_taken":0,"relics_obtained":["Prayer Wheel"],"max_hp_gain":0,"max_hp_loss":0,"event_name":"Big Fish","floor":3,"gold_loss":0,"cards_obtained":["Regret"]},{"damage_healed":0,"gold_gain":275,"player_choice":"Desecrate","damage_taken":0,"max_hp_gain":0,"max_hp_loss":0,"event_name":"Golden Shrine","floor":4,"gold_loss":0,"cards_obtained":["Regret"]},{"damage_healed":0,"gold_gain":0,"player_choice":"Paid Fearfully","damage_taken":0,"max_hp_gain":0,"max_hp_loss":0,"event_name":"Masked Bandits","floor":20,"gold_loss":177}],"is_beta":true,"boss_relics":[{"not_picked":["Orrery","Calling Bell"],"picked":"Ectoplasm"}],"items_purged_floors":[5,12],"is_endless":false,"potions_floor_spawned":[6,8,13,16,18],"killed_by":"Sentry and Sphere","ascension_level":12}