{"gold_per_floor":[124,150,162,188,245,257,304,335,347,359,402,414],"floor_reached":12,"playtime":332,"items_purged":[],"score":176,"play_id":"ffed85c9-9645-4d44-afb9-e5b0399962d6","local_time":"20190719164327","is_ascension_mode":true,"campfire_choices":[{"data":"Loop","floor":6.0,"key":"SMITH"},{"floor":10.0,"key":"REST"}],"neow_cost":"NONE","seed_source_timestamp":93216961529245,"circlet_count":0,"master_deck":["AscendersBane","Strike_B","Strike_B","Strike_B","Strike_B","Defend_B","Defend_B","Defend_B","Defend_B","Zap","Dualcast","Sweeping Beam","Loop+1","Doom and Gloom","FTL","FTL","Lockon"],"special_seed":0,"relics":["Cracked Core","MawBank","Golden Idol","Bag of Preparation","Peace Pipe","Pantograph","Ornamental Fan"],"potions_floor_usage":[12],"damage_taken":[{"damage":0.0,"enemies":"Cultist","floor":1.0,"turns":3.0},{"damage":2.0,"enemies":"Jaw Worm","floor":2.0,"turns":3.0},{"damage":3.0,"enemies":"Small Slimes","floor":4.0,"turns":2.0},{"damage":16.0,"enemies":"3 Sentries","floor":7.0,"turns":4.0},{"damage":22.0,"enemies":"Gremlin Gang","floor":8.0,"turns":4.0},{"damage":30.0,"enemies":"Lagavulin","floor":11.0,"turns":5.0},{"damage":22,"enemies":"Exordium Wildlife","floor":12,"turns":2}],"seed_played":"7321640108472251355","potions_obtained":[{"floor":2.0,"key":"Explosive Potion"},{"floor":4.0,"key":"EssenceOfSteel"},{"floor":7.0,"key":"Regen Potion"},{"floor":8.0,"key":"Strength Potion"}],"is_trial":false,"path_per_floor":["M","M","?","M","T","R","E","M","T","R","E","M"],"character_chosen":"DEFECT","items_purchased":[],"campfire_rested":1,"item_purchase_floors":[],"current_hp_per_floor":[64,62,62,59,59,59,43,33,33,52,22,0],"gold":414,"neow_bonus":"RANDOM_COMMON_RELIC","is_prod":false,"is_daily":false,"chose_seed":false,"campfire_upgraded":1,"win_rate":0,"timestamp":1563547407,"path_taken":["M","M","?","M","?","R","E","M","T","R","E","?"],"build_version":"2019-07-18","purchased_purges":0,"victory":false,"max_hp_per_floor":[71,71,64,64,64,64,64,64,64,64,64,64],"card_choices":[{"not_picked":["Turbo","Force Field"],"picked":"Sweeping Beam","floor":1.0},{"not_picked":["Stack","Barrage"],"picked":"Loop","floor":2.0},{"not_picked":["Capacitor","Scrape"],"picked":"Doom and Gloom","floor":4.0},{"not_picked":["Blizzard","Hologram"],"picked":"FTL","floor":7.0},{"not_picked":["Ball Lightning","Reprogram"],"picked":"FTL","floor":8.0},{"not_picked":["Steam","Scrape"],"picked":"Lockon","floor":11.0}],"player_experience":1897941,"relics_obtained":[{"floor":5.0,"key":"Bag of Preparation"},{"floor":7.0,"key":"Peace Pipe"},{"floor":9.0,"key":"Pantograph"},{"floor":11.0,"key":"Ornamental Fan"}],"event_choices":[{"damage_healed":0.0,"max_hp_gain":0.0,"max_hp_loss":7.0,"gold_gain":0.0,"event_name":"Golden Idol","player_choice":"Lose Max HP","floor":3.0,"gold_loss":0.0,"damage_taken":0.0,"relics_obtained":["Golden Idol"]}],"is_beta":true,"boss_relics":[],"items_purged_floors":[],"is_endless":false,"potions_floor_spawned":[2,4,7,8],"killed_by":"Exordium Wildlife","ascension_level":20}