{"gold_per_floor":[109,124,45,45,59,59,78,106,106,121,121,151,151,151],"floor_reached":14,"playtime":586,"items_purged":[],"score":135,"play_id":"17593ff0-10fd-4340-b7a9-317a0400909a","local_time":"20190731232317","is_ascension_mode":true,"campfire_choices":[{"data":"Noxious Fumes","floor":6,"key":"SMITH"},{"floor":11,"key":"REST"}],"neow_cost":"NONE","seed_source_timestamp":284293175349000,"circlet_count":0,"master_deck":["Strike_G","Strike_G","Strike_G","Strike_G","Defend_G","Defend_G+1","Defend_G","Defend_G","Defend_G","Survivor","Neutralize","Terror","Footwork","Noxious Fumes+1","Cloak And Dagger","Skewer","Footwork+1"],"relics":["Ring of the Snake","Blood Vial","Potion Belt","Omamori","Bottled Lightning"],"potions_floor_usage":[12],"damage_taken":[{"damage":1,"enemies":"Cultist","floor":1,"turns":5},{"damage":1,"enemies":"Small Slimes","floor":2,"turns":4},{"damage":9,"enemies":"2 Louse","floor":5,"turns":4},{"damage":4,"enemies":"Looter","floor":7,"turns":4},{"damage":18,"enemies":"Gremlin Nob","floor":8,"turns":4},{"damage":5,"enemies":"Large Slime","floor":10,"turns":7},{"damage":26,"enemies":"3 Sentries","floor":12,"turns":7},{"damage":15,"enemies":"Exordium Thugs","floor":14,"turns":1}],"seed_played":"5747584047267211650","potions_obtained":[{"floor":1,"key":"SkillPotion"},{"floor":5,"key":"EssenceOfSteel"},{"floor":10,"key":"PowerPotion"}],"is_trial":false,"path_per_floor":["M","M","$","?","M","R","M","E","T","M","R","E","?","M"],"character_chosen":"THE_SILENT","items_purchased":["Noxious Fumes"],"campfire_rested":1,"item_purchase_floors":[3],"current_hp_per_floor":[64,65,65,58,51,51,49,33,33,30,51,27,13,0],"gold":151,"neow_bonus":"RANDOM_COMMON_RELIC","is_prod":false,"is_daily":false,"chose_seed":false,"campfire_upgraded":1,"win_rate":0,"timestamp":1564633397,"path_taken":["M","M","$","?","M","R","M","E","T","M","R","E","?","M"],"build_version":"2019-07-17","purchased_purges":0,"victory":false,"max_hp_per_floor":[70,70,70,70,70,70,70,70,70,70,70,70,70,70],"card_choices":[{"not_picked":["Reflex","Deflect"],"picked":"Terror","floor":1},{"not_picked":["Cloak And Dagger","Riddle With Holes"],"picked":"Footwork","floor":2},{"not_picked":["Catalyst","Distraction","Setup"],"picked":"SKIP","floor":5},{"not_picked":["Backflip","Deflect"],"picked":"Cloak And Dagger","floor":7},{"not_picked":["Quick Slash","Cloak And Dagger"],"picked":"Skewer","floor":8},{"not_picked":["Accuracy","Outmaneuver"],"picked":"Footwork","floor":10},{"not_picked":["Flying Knee","Flechettes","Deadly Poison"],"picked":"SKIP","floor":12},{"not_picked":["Flying Knee","Flechettes","Deadly Poison"],"picked":"SKIP","floor":12}],"player_experience":440789,"relics_obtained":[{"floor":8,"key":"Potion Belt"},{"floor":9,"key":"Omamori"},{"floor":12,"key":"Bottled Lightning"}],"event_choices":[{"cards_removed":["Strike_G"],"damage_healed":0,"gold_gain":0,"player_choice":"Card Removal","damage_taken":7,"max_hp_gain":0,"max_hp_loss":0,"event_name":"Golden Wing","floor":4,"gold_loss":0},{"damage_healed":0,"gold_gain":0,"player_choice":"Entered Light","damage_taken":14,"max_hp_gain":0,"max_hp_loss":0,"event_name":"Shining Light","floor":13,"gold_loss":0,"cards_upgraded":["Defend_G","Footwork"]}],"is_beta":false,"boss_relics":[],"items_purged_floors":[],"is_endless":false,"potions_floor_spawned":[1,5,10],"killed_by":"Exordium Thugs","ascension_level":7}