{"gold_per_floor":[113,130,143,154,154,154,187,204,204,254,254],"floor_reached":11,"playtime":247,"items_purged":[],"score":150,"play_id":"0ca440c7-7d5b-40d7-91a7-6a0b4922ffda","local_time":"20190712231422","is_ascension_mode":true,"campfire_choices":[{"floor":6,"key":"REST"}],"neow_cost":"PERCENT_DAMAGE","seed_source_timestamp":9536579626652,"circlet_count":0,"master_deck":["AscendersBane","Strike_B","Strike_B+1","Strike_B","Strike_B","Defend_B+1","Defend_B","Defend_B","Defend_B","Zap","Dualcast","Conserve Battery","Go for the Eyes","Ball Lightning","Sweeping Beam","Hologram","Echo Form"],"relics":["Cracked Core","The Courier","Blood Vial"],"potions_floor_usage":[7,11],"damage_taken":[{"damage":6,"enemies":"Cultist","floor":1,"turns":4},{"damage":12,"enemies":"Jaw Worm","floor":2,"turns":4},{"damage":3,"enemies":"Small Slimes","floor":3,"turns":3},{"damage":9,"enemies":"Blue Slaver","floor":4,"turns":3},{"damage":17,"enemies":"Lagavulin","floor":7,"turns":7},{"damage":1,"enemies":"Looter","floor":8,"turns":4},{"damage":41,"enemies":"Gremlin Nob","floor":11,"turns":3}],"seed_played":"-2990600638804763317","potions_obtained":[{"floor":1,"key":"Energy Potion"},{"floor":2,"key":"FearPotion"},{"floor":8,"key":"Energy Potion"}],"is_trial":false,"path_per_floor":["M","M","M","M","?","R","E","M","T","?","E"],"character_chosen":"DEFECT","items_purchased":[],"campfire_rested":1,"item_purchase_floors":[],"current_hp_per_floor":[54,42,39,30,4,29,12,11,11,11,0],"gold":254,"neow_bonus":"TWENTY_PERCENT_HP_BONUS","is_prod":false,"is_daily":false,"chose_seed":false,"campfire_upgraded":0,"win_rate":0,"timestamp":1562966062,"path_taken":["M","M","M","M","?","R","E","M","T","?","E"],"build_version":"2019-07-10","purchased_purges":0,"victory":false,"max_hp_per_floor":[85,85,85,85,85,85,85,85,85,85,85],"card_choices":[{"not_picked":["Blizzard","Hologram"],"picked":"Conserve Battery","floor":1},{"not_picked":["Capacitor","Hologram"],"picked":"Go for the Eyes","floor":2},{"not_picked":["Rebound","Beam Cell"],"picked":"Ball Lightning","floor":3},{"not_picked":["Stack","Ball Lightning"],"picked":"Sweeping Beam","floor":4},{"not_picked":["Streamline","Stack"],"picked":"Hologram","floor":7},{"not_picked":["Compile Driver","Sweeping Beam"],"picked":"Echo Form","floor":8}],"player_experience":1845208,"relics_obtained":[{"floor":7,"key":"The Courier"},{"floor":9,"key":"Blood Vial"}],"event_choices":[{"damage_healed":0,"gold_gain":0,"player_choice":"Entered Light","damage_taken":26,"max_hp_gain":0,"max_hp_loss":0,"event_name":"Shining Light","floor":5,"gold_loss":0,"cards_upgraded":["Strike_B","Defend_B"]},{"damage_healed":0,"gold_gain":50,"player_choice":"Pray","damage_taken":0,"max_hp_gain":0,"max_hp_loss":0,"event_name":"Golden Shrine","floor":10,"gold_loss":0}],"is_beta":true,"boss_relics":[],"items_purged_floors":[],"is_endless":false,"potions_floor_spawned":[1,2,3,8],"killed_by":"Gremlin Nob","ascension_level":20}