{"gold_per_floor":[114,114,146,333,43,43,78,78,78,111,140,140],"floor_reached":12,"playtime":399,"items_purged":["Doubt"],"score":126,"play_id":"e6c50bf6-1984-4afa-94ec-f9eea8b6190e","local_time":"20190802033932","is_ascension_mode":true,"campfire_choices":[{"data":"Sunder","floor":6,"key":"SMITH"},{"floor":8,"key":"REST"}],"neow_cost":"NONE","seed_source_timestamp":260175973525481,"circlet_count":0,"master_deck":["AscendersBane","Strike_B","Strike_B","Strike_B","Strike_B","Defend_B","Defend_B","Defend_B","Defend_B","Zap","Dualcast","Sunder+1","Beam Cell","Self Repair","Cold Snap"],"relics":["Runic Dome","MawBank","Omamori","Vajra","DataDisk","Sundial","Odd Mushroom"],"potions_floor_usage":[7,10,12],"damage_taken":[{"damage":8,"enemies":"Small Slimes","floor":1,"turns":3},{"damage":7,"enemies":"Jaw Worm","floor":3,"turns":3},{"damage":9,"enemies":"Gremlin Nob","floor":7,"turns":4},{"damage":32,"enemies":"3 Sentries","floor":10,"turns":7},{"damage":19,"enemies":"The Mushroom Lair","floor":11,"turns":5},{"damage":22,"enemies":"Gremlin Nob","floor":12,"turns":3}],"seed_played":"5864855842522129144","potions_obtained":[{"floor":1,"key":"Weak Potion"},{"floor":7,"key":"Weak Potion"},{"floor":11,"key":"AttackPotion"}],"is_trial":false,"path_per_floor":["M","?","M","?","$","R","E","R","T","E","?","E"],"character_chosen":"DEFECT","items_purchased":["Omamori","Self Repair"],"campfire_rested":1,"item_purchase_floors":[5,5],"current_hp_per_floor":[60,42,35,35,35,35,33,55,55,30,18,0],"gold":140,"neow_bonus":"BOSS_RELIC","is_prod":false,"is_daily":false,"chose_seed":false,"campfire_upgraded":1,"win_rate":0,"timestamp":1564684772,"path_taken":["M","?","M","?","$","R","E","R","T","E","?","E"],"build_version":"2019-07-17","purchased_purges":1,"victory":false,"max_hp_per_floor":[75,75,75,75,75,75,75,75,75,75,75,75],"card_choices":[{"not_picked":["Coolheaded","Gash"],"picked":"Sunder","floor":1},{"not_picked":["Leap","Storm"],"picked":"Beam Cell","floor":3},{"not_picked":["Rebound","Turbo","Rip and Tear"],"picked":"SKIP","floor":7},{"not_picked":["Hello World","Storm"],"picked":"Cold Snap","floor":10}],"player_experience":190359,"relics_obtained":[{"floor":7,"key":"Vajra"},{"floor":9,"key":"DataDisk"},{"floor":10,"key":"Sundial"},{"floor":11,"key":"Odd Mushroom"}],"event_choices":[{"damage_healed":0,"gold_gain":0,"player_choice":"Success","damage_taken":18,"relics_obtained":["MawBank"],"max_hp_gain":0,"max_hp_loss":0,"event_name":"Scrap Ooze","floor":2,"gold_loss":0},{"damage_healed":0,"gold_gain":175,"player_choice":"AGREE","damage_taken":0,"max_hp_gain":0,"max_hp_loss":0,"event_name":"Liars Game","floor":4,"gold_loss":0,"cards_obtained":["Doubt"]},{"damage_healed":0,"gold_gain":0,"player_choice":"Fought Mushrooms","damage_taken":0,"max_hp_gain":0,"max_hp_loss":0,"event_name":"Mushrooms","floor":11,"gold_loss":0}],"is_beta":false,"boss_relics":[],"items_purged_floors":[5],"is_endless":false,"potions_floor_spawned":[1,7,11],"killed_by":"Gremlin Nob","ascension_level":10}