{"gold_per_floor":[115,3,3,3,16,16,75,75,75,75,91,109,123,148,148,224,224,236,250,250,269,286,286,286],"floor_reached":24,"playtime":1333,"items_purged":["Pain"],"score":466,"play_id":"dde4c11e-dfea-4877-83a7-5f2240beef90","local_time":"20190807020132","is_ascension_mode":true,"campfire_choices":[{"data":"Buffer","floor":6,"key":"SMITH"},{"floor":8,"key":"REST"},{"data":"Defragment","floor":10,"key":"SMITH"},{"floor":15,"key":"REST"},{"data":"Defragment","floor":23,"key":"SMITH"}],"neow_cost":"CURSE","seed_source_timestamp":59833445518973,"circlet_count":0,"master_deck":["AscendersBane","Strike_B","Strike_B","Strike_B","Strike_B","Defend_B","Defend_B","Defend_B","Defend_B","Zap","Dualcast","Buffer+1","Chaos","Defragment+1","Genetic Algorithm","Creative AI","Cold Snap","Coolheaded","Buffer","Loop","Capacitor","Defragment+1"],"relics":["FrozenCore","Tiny Chest","Letter Opener","Gremlin Horn"],"potions_floor_usage":[11,16,16,24],"damage_taken":[{"damage":14,"enemies":"Small Slimes","floor":1,"turns":4},{"damage":1,"enemies":"2 Louse","floor":5,"turns":4},{"damage":28,"enemies":"Gremlin Nob","floor":7,"turns":6},{"damage":0,"enemies":"Cultist","floor":11,"turns":5},{"damage":8,"enemies":"Blue Slaver","floor":12,"turns":5},{"damage":20,"enemies":"Lots of Slimes","floor":13,"turns":6},{"damage":0,"enemies":"Lagavulin","floor":14,"turns":8},{"damage":19,"enemies":"Slime Boss","floor":16,"turns":8},{"damage":19,"enemies":"3 Byrds","floor":18,"turns":8},{"damage":7,"enemies":"Spheric Guardian","floor":19,"turns":8},{"damage":8,"enemies":"Snake Plant","floor":21,"turns":9},{"damage":1,"enemies":"Sentry and Sphere","floor":22,"turns":19},{"damage":27,"enemies":"Cultist and Chosen","floor":24,"turns":7}],"seed_played":"5222407675833469811","potions_obtained":[{"floor":7,"key":"SteroidPotion"},{"floor":13,"key":"LiquidBronze"},{"floor":14,"key":"Weak Potion"},{"floor":18,"key":"Ancient Potion"},{"floor":22,"key":"LiquidBronze"}],"is_trial":false,"path_per_floor":["M","$","?","?","M","R","E","R","T","R","M","M","M","E","R","B",null,"M","M","?","M","M","R","M"],"character_chosen":"DEFECT","items_purchased":["Defragment"],"campfire_rested":2,"item_purchase_floors":[2],"current_hp_per_floor":[50,50,50,50,49,49,21,42,42,42,42,34,14,14,35,16,57,38,31,31,23,22,22,0],"gold":286,"neow_bonus":"THREE_RARE_CARDS","is_prod":false,"is_daily":false,"chose_seed":false,"campfire_upgraded":3,"win_rate":0,"timestamp":1565110892,"path_taken":["M","$","?","?","?","R","E","R","T","R","M","M","M","E","R","BOSS","M","M","?","M","M","R","M"],"build_version":"2019-07-17","purchased_purges":1,"victory":false,"max_hp_per_floor":[71,71,71,71,71,71,71,71,71,71,71,71,71,71,71,71,71,71,71,71,71,71,71,71],"card_choices":[{"not_picked":["Reboot","Multi-Cast"],"picked":"Buffer","floor":0},{"not_picked":["Streamline","Stack"],"picked":"Chaos","floor":1},{"not_picked":["Fusion","Genetic Algorithm"],"picked":"Creative AI","floor":7},{"not_picked":["Redo","Leap","Rebound"],"picked":"SKIP","floor":11},{"not_picked":["Fusion","Rip and Tear","Sweeping Beam"],"picked":"SKIP","floor":12},{"not_picked":["Redo","Leap"],"picked":"Cold Snap","floor":13},{"not_picked":["Beam Cell","Tempest"],"picked":"Coolheaded","floor":14},{"not_picked":["Thunder Strike","Creative AI"],"picked":"Buffer","floor":16},{"not_picked":["Steam","Turbo"],"picked":"Loop","floor":18},{"not_picked":["Rebound","Leap","Steam Power"],"picked":"SKIP","floor":19},{"not_picked":["Gash","Tempest"],"picked":"Defragment","floor":21},{"not_picked":["Hello World","Fission","Steam"],"picked":"SKIP","floor":22}],"player_experience":276997,"relics_obtained":[{"floor":7,"key":"Tiny Chest"},{"floor":9,"key":"Letter Opener"},{"floor":14,"key":"Gremlin Horn"}],"event_choices":[{"damage_healed":0,"gold_gain":0,"player_choice":"Fled","damage_taken":0,"max_hp_gain":0,"max_hp_loss":0,"event_name":"Scrap Ooze","floor":3,"gold_loss":0},{"damage_healed":0,"gold_gain":0,"player_choice":"1 cards matched","damage_taken":0,"max_hp_gain":0,"max_hp_loss":0,"event_name":"Match and Keep!","floor":4,"gold_loss":0,"cards_obtained":["Genetic Algorithm"]},{"damage_healed":0,"gold_gain":0,"player_choice":"1 cards matched","damage_taken":0,"max_hp_gain":0,"max_hp_loss":0,"event_name":"Match and Keep!","floor":20,"gold_loss":0,"cards_obtained":["Capacitor"]}],"is_beta":false,"boss_relics":[{"not_picked":["Empty Cage","Tiny House"],"picked":"FrozenCore"}],"items_purged_floors":[2],"is_endless":false,"potions_floor_spawned":[7,13,14,18,22],"killed_by":"Cultist and Chosen","ascension_level":20}