{"gold_per_floor":[117,117,117,136,136,136,162,173,225,225,258,258,258,285,285,357,357,368,8,8,21,37,65,65,80,80,92,117,136,150,178,178,252,252,267,167,167,42,42,42,69,69,69,102,117,135,135,145,145,145,145],"floor_reached":51,"playtime":2150,"items_purged":["Strike_B","Bite","Bite"],"score":1716,"play_id":"f29d6423-dfeb-4267-b317-c29dd1db52c3","local_time":"20190614014114","is_ascension_mode":true,"campfire_choices":[{"data":"Zap","floor":6.0,"key":"SMITH"},{"data":"Dualcast","floor":10.0,"key":"SMITH"},{"floor":13.0,"key":"REST"},{"data":"Buffer","floor":15.0,"key":"SMITH"},{"data":"Reboot","floor":32.0,"key":"SMITH"},{"data":"Madness","floor":40.0,"key":"SMITH"},{"data":"Madness","floor":42.0,"key":"SMITH"},{"data":"Go for the Eyes","floor":47.0,"key":"SMITH"},{"data":"Biased Cognition","floor":49.0,"key":"SMITH"}],"neow_cost":"NONE","seed_source_timestamp":23037354891875,"circlet_count":0,"master_deck":["AscendersBane","Defend_B+1","Defend_B+1","Defend_B+1","Zap+1","Dualcast+1","Auto Shields+1","All For One","Gash","Buffer+1","Steam","Reboot+1","Bite","Bite","Bite","Undo","Genetic Algorithm","Turbo","Gash","Core Surge","Madness+1","Madness+1","Core Surge","Biased Cognition+1","Go for the Eyes+1"],"special_seed":0,"relics":["Cracked Core","NeowsBlessing","PreservedInsect","Dream Catcher","Sozu","Kunai","Singing Bowl","Nloth\u0027s Gift","Happy Flower","Gambling Chip","Unceasing Top","Philosopher\u0027s Stone","Bottled Lightning","Lantern","Gremlin Horn"],"potions_floor_usage":[],"damage_taken":[{"damage":0.0,"enemies":"Small Slimes","floor":1.0,"turns":1.0},{"damage":0.0,"enemies":"Jaw Worm","floor":4.0,"turns":1.0},{"damage":0.0,"enemies":"Lagavulin","floor":7.0,"turns":1.0},{"damage":0.0,"enemies":"Cultist","floor":8.0,"turns":3.0},{"damage":26.0,"enemies":"3 Sentries","floor":11.0,"turns":7.0},{"damage":0.0,"enemies":"Lagavulin","floor":14.0,"turns":5.0},{"damage":10.0,"enemies":"The Guardian","floor":16.0,"turns":11.0},{"damage":0.0,"enemies":"Shell Parasite","floor":18.0,"turns":8.0},{"damage":0.0,"enemies":"Spheric Guardian","floor":21.0,"turns":5.0},{"damage":0.0,"enemies":"Snecko","floor":22.0,"turns":4.0},{"damage":28.0,"enemies":"Book of Stabbing","floor":23.0,"turns":5.0},{"damage":24.0,"enemies":"3 Cultists","floor":25.0,"turns":8.0},{"damage":19.0,"enemies":"Shelled Parasite and Fungi","floor":27.0,"turns":7.0},{"damage":30.0,"enemies":"Slavers","floor":28.0,"turns":10.0},{"damage":0.0,"enemies":"Chosen and Byrds","floor":29.0,"turns":7.0},{"damage":0.0,"enemies":"Cultist and Chosen","floor":30.0,"turns":7.0},{"damage":0.0,"enemies":"Gremlin Leader","floor":31.0,"turns":6.0},{"damage":19.0,"enemies":"Collector","floor":33.0,"turns":12.0},{"damage":0.0,"enemies":"3 Shapes","floor":35.0,"turns":5.0},{"damage":47.0,"enemies":"Reptomancer","floor":41.0,"turns":7.0},{"damage":0.0,"enemies":"Giant Head","floor":44.0,"turns":7.0},{"damage":0.0,"enemies":"3 Darklings","floor":45.0,"turns":5.0},{"damage":0.0,"enemies":"4 Shapes","floor":46.0,"turns":6.0},{"damage":0.0,"enemies":"Spire Growth","floor":48.0,"turns":6.0},{"damage":112.0,"enemies":"Awakened One","floor":50.0,"turns":13.0},{"damage":45,"enemies":"Donu and Deca","floor":51,"turns":6}],"seed_played":"6452824332133667204","potions_obtained":[{"floor":7.0,"key":"Poison Potion"},{"floor":14.0,"key":"FearPotion"}],"is_trial":false,"path_per_floor":["M","?","?","M","?","R","E","M","T","R","E","?","R","E","R","B",null,"M","$","?","M","M","E","?","M","T","M","E","M","M","E","R","B",null,"M","$","?","$","?","R","E","R","T","E","M","M","R","M","R","B","B"],"character_chosen":"DEFECT","items_purchased":["Kunai"],"campfire_rested":1,"item_purchase_floors":[19],"current_hp_per_floor":[64,43,43,43,36,36,36,36,36,36,10,10,31,33,33,25,60,62,62,62,71,71,51,51,49,49,52,42,60,78,81,81,81,81,83,83,68,68,83,83,50,50,50,68,80,85,85,87,87,13,0],"gold":145,"neow_bonus":"THREE_ENEMY_KILL","is_prod":false,"is_daily":false,"chose_seed":false,"campfire_upgraded":8,"win_rate":0,"timestamp":1560469274,"path_taken":["M","?","?","?","?","R","E","M","T","R","E","?","R","E","R","BOSS","M","$","?","M","M","E","?","M","T","?","E","M","M","E","R","BOSS","M","$","?","$","?","R","E","R","T","E","M","?","R","M","R","BOSS","BOSS"],"build_version":"2019-06-12","purchased_purges":3,"victory":false,"max_hp_per_floor":[71,71,71,71,71,71,71,71,71,71,71,71,71,71,71,71,71,71,71,71,71,71,71,71,71,71,73,75,77,79,81,81,81,81,83,83,83,83,83,83,83,83,83,83,85,85,85,87,87,87,87],"card_choices":[{"not_picked":["Hologram","Coolheaded","Steam"],"picked":"SKIP","floor":1.0},{"not_picked":["Barrage","Gash"],"picked":"Auto Shields","floor":4.0},{"not_picked":["Turbo","Loop"],"picked":"All For One","floor":7.0},{"not_picked":["Conserve Battery","Storm"],"picked":"Gash","floor":8.0},{"not_picked":["FTL","Fusion"],"picked":"Buffer","floor":11.0},{"not_picked":["Hello World","Consume"],"picked":"Steam","floor":14.0},{"not_picked":["Creative AI","Multi-Cast"],"picked":"Reboot","floor":16.0},{"not_picked":["Sweeping Beam","Consume"],"picked":"Sunder","floor":18.0},{"not_picked":["Melter","Steam"],"picked":"Undo","floor":21.0},{"not_picked":["White Noise","Barrage"],"picked":"Genetic Algorithm","floor":22.0},{"not_picked":["Steam Power","Rebound"],"picked":"Turbo","floor":23.0},{"not_picked":["Sweeping Beam","Reinforced Body"],"picked":"Gash","floor":25.0},{"not_picked":["Reinforced Body","Turbo","Streamline"],"picked":"Singing Bowl","floor":27.0},{"not_picked":["Capacitor","Thunder Strike","Multi-Cast"],"picked":"Singing Bowl","floor":28.0},{"not_picked":["Streamline","Double Energy","Rebound"],"picked":"Singing Bowl","floor":29.0},{"not_picked":["Sunder","Compile Driver","Conserve Battery"],"picked":"Singing Bowl","floor":30.0},{"not_picked":["Turbo+1","Darkness","Meteor Strike"],"picked":"Singing Bowl","floor":31.0},{"not_picked":["Fission","Creative AI"],"picked":"Core Surge","floor":33.0},{"not_picked":["Barrage+1","Conserve Battery","Go for the Eyes"],"picked":"Singing Bowl","floor":35.0},{"not_picked":["Rebound","Rainbow"],"picked":"Core Surge","floor":41.0},{"not_picked":["Reinforced Body+1","Conserve Battery"],"picked":"Biased Cognition","floor":44.0},{"not_picked":["Steam","Reinforced Body","Redo+1"],"picked":"Singing Bowl","floor":45.0},{"not_picked":["Capacitor","Turbo"],"picked":"Go for the Eyes","floor":46.0},{"not_picked":["Tempest","Reprogram+1","Beam Cell"],"picked":"Singing Bowl","floor":48.0}],"player_experience":1718049,"relics_obtained":[{"floor":7.0,"key":"War Paint"},{"floor":9.0,"key":"PreservedInsect"},{"floor":11.0,"key":"Blood Vial"},{"floor":14.0,"key":"Dream Catcher"},{"floor":23.0,"key":"Singing Bowl"},{"floor":26.0,"key":"Happy Flower"},{"floor":28.0,"key":"Gambling Chip"},{"floor":31.0,"key":"Unceasing Top"},{"floor":41.0,"key":"Bottled Lightning"},{"floor":43.0,"key":"Lantern"},{"floor":44.0,"key":"Gremlin Horn"}],"event_choices":[{"damage_healed":0.0,"max_hp_gain":0.0,"max_hp_loss":0.0,"gold_gain":0.0,"event_name":"Shining Light","player_choice":"Entered Light","floor":2.0,"gold_loss":0.0,"damage_taken":21.0,"cards_upgraded":["Defend_B","Defend_B"]},{"cards_removed":["Strike_B"],"damage_healed":0.0,"max_hp_gain":0.0,"max_hp_loss":0.0,"gold_gain":0.0,"event_name":"Purifier","player_choice":"Purged","floor":3.0,"gold_loss":0.0,"damage_taken":0.0},{"cards_removed":["Defend_B"],"damage_healed":0.0,"max_hp_gain":0.0,"max_hp_loss":0.0,"gold_gain":0.0,"event_name":"Golden Wing","player_choice":"Card Removal","floor":5.0,"gold_loss":0.0,"damage_taken":7.0},{"damage_healed":0.0,"max_hp_gain":0.0,"max_hp_loss":0.0,"gold_gain":0.0,"event_name":"Liars Game","player_choice":"Ignored","floor":12.0,"gold_loss":0.0,"damage_taken":0.0},{"damage_healed":0.0,"max_hp_gain":0.0,"max_hp_loss":0.0,"gold_gain":0.0,"event_name":"Vampires","player_choice":"Became a vampire (Vial)","floor":20.0,"relics_lost":["Blood Vial"],"gold_loss":0.0,"damage_taken":0.0,"cards_obtained":["Bite","Bite","Bite","Bite","Bite"]},{"damage_healed":0.0,"max_hp_gain":0.0,"max_hp_loss":0.0,"gold_gain":0.0,"event_name":"N\u0027loth","player_choice":"Traded Relic","floor":24.0,"relics_lost":["War Paint"],"gold_loss":0.0,"damage_taken":0.0,"relics_obtained":["Nloth\u0027s Gift"]},{"damage_healed":0.0,"max_hp_gain":0.0,"max_hp_loss":0.0,"gold_gain":0.0,"event_name":"Winding Halls","player_choice":"Embrace Madness","floor":37.0,"gold_loss":0.0,"damage_taken":15.0,"cards_obtained":["Madness","Madness"]},{"cards_removed":["Sunder"],"damage_healed":15.0,"max_hp_gain":0.0,"max_hp_loss":0.0,"gold_gain":0.0,"event_name":"Bonfire Elementals","player_choice":"Offered Uncommon","floor":39.0,"gold_loss":0.0,"damage_taken":0.0}],"is_beta":true,"boss_relics":[{"not_picked":["Velvet Choker","Coffee Dripper"],"picked":"Sozu"},{"not_picked":["FrozenCore","Orrery"],"picked":"Philosopher\u0027s Stone"}],"items_purged_floors":[19,36,38],"is_endless":false,"potions_floor_spawned":[7,14,21,23,25,27,29,33,35,44],"killed_by":"Donu and Deca","ascension_level":20}