{"gold_per_floor":[110,124,124,8,8,8,36,1,51,69,98,98,118,118],"floor_reached":14,"playtime":649,"items_purged":[],"score":98,"play_id":"e5a8a20d-62c5-4cfa-8ba2-ebbe76324bb9","local_time":"20190628010806","is_ascension_mode":false,"campfire_choices":[{"data":"Zap","floor":6,"key":"SMITH"}],"neow_cost":"NONE","seed_source_timestamp":4249030978855,"circlet_count":0,"master_deck":["Strike_B","Strike_B","Strike_B","Defend_B","Defend_B","Defend_B+1","Zap+1","Dualcast+1","Streamline","Genetic Algorithm","Beam Cell","Dark Shackles","Streamline","Compile Driver","White Noise","Streamline","Chaos","Iron Wave","Go for the Eyes"],"relics":["Cracked Core","Bronze Scales","Orichalcum","Calipers"],"potions_floor_usage":[14,14],"damage_taken":[{"damage":5,"enemies":"Small Slimes","floor":1,"turns":3},{"damage":0,"enemies":"2 Louse","floor":2,"turns":2},{"damage":11,"enemies":"Lagavulin","floor":7,"turns":5},{"damage":6,"enemies":"Jaw Worm","floor":10,"turns":2},{"damage":28,"enemies":"Gremlin Nob","floor":11,"turns":4},{"damage":0,"enemies":"2 Fungi Beasts","floor":13,"turns":2},{"damage":3,"enemies":"Lots of Slimes","floor":14,"turns":1}],"seed_played":"-2864847704301119033","potions_obtained":[{"floor":1,"key":"PowerPotion"},{"floor":7,"key":"AttackPotion"}],"is_trial":false,"path_per_floor":["M","M","?","$","?","R","E","$","T","M","E","?","M","M"],"character_chosen":"DEFECT","items_purchased":["Dark Shackles","Streamline","White Noise"],"campfire_rested":0,"item_purchase_floors":[4,4,8],"current_hp_per_floor":[70,70,63,63,48,48,37,37,37,31,3,3,3,0],"gold":118,"neow_bonus":"THREE_CARDS","is_prod":false,"is_daily":false,"chose_seed":false,"campfire_upgraded":1,"win_rate":0.0,"timestamp":1561651686,"path_taken":["M","M","?","$","?","R","E","?","T","M","E","?","?","M"],"build_version":"2019-01-23","purchased_purges":0,"victory":false,"max_hp_per_floor":[75,75,75,75,75,75,75,75,75,75,75,75,75,75],"card_choices":[{"not_picked":["Coolheaded","Chill"],"picked":"Streamline","floor":0},{"not_picked":["BootSequence","Chill"],"picked":"Genetic Algorithm","floor":1},{"not_picked":["Double Energy","Steam"],"picked":"Beam Cell","floor":2},{"not_picked":["Steam","Cold Snap"],"picked":"Compile Driver","floor":7},{"not_picked":["Loop","Fusion"],"picked":"Streamline","floor":10},{"not_picked":["Steam","Steam Power"],"picked":"Chaos","floor":11},{"not_picked":["Steam","Gash"],"picked":"Go for the Eyes","floor":13}],"player_experience":28201,"relics_obtained":[{"floor":7,"key":"Bronze Scales"},{"floor":9,"key":"Orichalcum"},{"floor":11,"key":"Calipers"}],"event_choices":[{"cards_removed":["Strike_B"],"damage_healed":0,"gold_gain":0,"player_choice":"Card Removal","damage_taken":7,"max_hp_gain":0,"max_hp_loss":0,"event_name":"Golden Wing","floor":3,"gold_loss":0},{"damage_healed":0,"gold_gain":0,"player_choice":"Entered Light","damage_taken":15,"max_hp_gain":0,"max_hp_loss":0,"event_name":"Shining Light","floor":5,"gold_loss":0,"cards_upgraded":["Dualcast","Defend_B"]},{"cards_removed":["Defend_B"],"damage_healed":0,"gold_gain":0,"player_choice":"Took Card","damage_taken":0,"max_hp_gain":0,"max_hp_loss":0,"event_name":"NoteForYourself","floor":12,"gold_loss":0,"cards_obtained":["Iron Wave"]}],"is_beta":false,"boss_relics":[],"items_purged_floors":[],"is_endless":false,"potions_floor_spawned":[1,7],"killed_by":"Lots of Slimes","ascension_level":0}