{"gold_per_floor":[114,114,129,129,129,129,142,169,193,193,210,236,236,266,266,340,340,358,273,283,283,208,208,86,115,115,115,149,164,226,243,243,243],"floor_reached":33,"playtime":893,"items_purged":["Strike_B"],"score":693,"play_id":"9ec64025-300d-4768-b300-a3184b36841c","local_time":"20190719191300","is_ascension_mode":true,"campfire_choices":[{"data":"Zap","floor":6.0,"key":"SMITH"},{"data":"Barrage","floor":13.0,"key":"SMITH"},{"data":"Chill","floor":15.0,"key":"SMITH"},{"floor":23,"key":"REST"},{"data":"Fusion","floor":27,"key":"SMITH"},{"data":"Sunder","floor":32,"key":"SMITH"}],"neow_cost":"NONE","seed_source_timestamp":101760823580794,"circlet_count":0,"master_deck":["AscendersBane","Strike_B","Defend_B+1","Defend_B","Defend_B","Defend_B","Zap+1","Dualcast+1","Darkness+1","Cold Snap","Barrage+1","Chill+1","Compile Driver","Echo Form","Biased Cognition","Sunder+1","Skim","Compile Driver","Fusion+1","Coolheaded+1","Undo+1","Coolheaded+1"],"special_seed":0,"relics":["Cracked Core","NeowsBlessing","Du-Vu Doll","Orichalcum","War Paint","PreservedInsect","Anchor","Bronze Scales","Nuclear Battery","Mummified Hand","Nilry\u0027s Codex","Mango","Unceasing Top","Bottled Flame","Tiny Chest"],"potions_floor_usage":[25,30,33],"damage_taken":[{"damage":0.0,"enemies":"Cultist","floor":1.0,"turns":1.0},{"damage":0.0,"enemies":"Small Slimes","floor":3.0,"turns":1.0},{"damage":0.0,"enemies":"Jaw Worm","floor":7.0,"turns":1.0},{"damage":25.0,"enemies":"Lagavulin","floor":8.0,"turns":7.0},{"damage":1.0,"enemies":"Blue Slaver","floor":11.0,"turns":3.0},{"damage":0.0,"enemies":"Gremlin Nob","floor":12.0,"turns":3.0},{"damage":3.0,"enemies":"Lagavulin","floor":14.0,"turns":5.0},{"damage":6.0,"enemies":"Hexaghost","floor":16.0,"turns":8.0},{"damage":0.0,"enemies":"Chosen","floor":18.0,"turns":3.0},{"damage":0.0,"enemies":"2 Thieves","floor":20.0,"turns":3.0},{"damage":0,"enemies":"Book of Stabbing","floor":25,"turns":3},{"damage":15,"enemies":"Gremlin Leader","floor":28,"turns":6},{"damage":7,"enemies":"Snake Plant","floor":29,"turns":3},{"damage":0,"enemies":"Book of Stabbing","floor":30,"turns":3},{"damage":0,"enemies":"Snecko","floor":31,"turns":4},{"damage":49,"enemies":"Collector","floor":33,"turns":7}],"seed_played":"-5256249637773639132","potions_obtained":[{"floor":1.0,"key":"LiquidBronze"},{"floor":7.0,"key":"LiquidBronze"},{"floor":28,"key":"FearPotion"},{"floor":31,"key":"AttackPotion"}],"is_trial":false,"path_per_floor":["M","?","M","T","?","R","M","E","T","?","M","E","R","E","R","B",null,"M","?","M","?","?","R","$","E","T","R","E","M","E","M","R","B"],"character_chosen":"DEFECT","items_purchased":["Compile Driver"],"campfire_rested":1,"item_purchase_floors":[24],"current_hp_per_floor":[64,64,64,64,64,64,64,39,39,21,20,20,20,17,17,11,56,56,56,56,35,35,56,56,70,70,70,55,48,48,48,48,0],"gold":243,"neow_bonus":"THREE_ENEMY_KILL","is_prod":false,"is_daily":false,"chose_seed":false,"campfire_upgraded":5,"win_rate":0,"timestamp":1563556380,"path_taken":["M","?","?","?","?","R","M","E","T","?","M","E","R","E","R","BOSS","M","?","M","?","?","R","$","E","T","R","E","M","E","?","R","BOSS"],"build_version":"2019-07-18","purchased_purges":1,"victory":false,"max_hp_per_floor":[71,71,71,71,71,71,71,71,71,71,71,71,71,71,71,71,71,71,71,71,71,71,71,71,85,85,85,85,85,85,85,85,85],"card_choices":[{"not_picked":["Leap","BootSequence"],"picked":"Darkness","floor":1.0},{"not_picked":["Beam Cell","Streamline"],"picked":"Cold Snap","floor":3.0},{"not_picked":["Steam Power","Hello World"],"picked":"Barrage","floor":7.0},{"not_picked":["Storm","Recycle"],"picked":"Chill","floor":8.0},{"not_picked":["Leap","Cold Snap"],"picked":"Compile Driver","floor":11.0},{"not_picked":["Steam","Heatsinks","Chill"],"picked":"SKIP","floor":12.0},{"not_picked":["Rip and Tear","Hello World"],"picked":"Echo Form","floor":14.0},{"not_picked":["Hyperbeam","Machine Learning"],"picked":"Biased Cognition","floor":16.0},{"not_picked":["Leap","Steam"],"picked":"Sunder","floor":18.0},{"not_picked":["Barrage+1","Hello World"],"picked":"Skim","floor":20},{"not_picked":["Ball Lightning","Leap"],"picked":"Fusion","floor":25},{"not_picked":["Cold Snap","Compile Driver"],"picked":"Coolheaded+1","floor":28},{"not_picked":["Hologram","Rebound"],"picked":"Undo+1","floor":29},{"not_picked":["FTL","Steam","Chaos"],"picked":"SKIP","floor":30},{"not_picked":["Barrage+1","Defragment"],"picked":"Coolheaded+1","floor":31}],"player_experience":1900809,"relics_obtained":[{"floor":4.0,"key":"Du-Vu Doll"},{"floor":8.0,"key":"Orichalcum"},{"floor":9.0,"key":"War Paint"},{"floor":12.0,"key":"Anchor"},{"floor":14.0,"key":"Bronze Scales"},{"floor":21,"key":"Nilry\u0027s Codex"},{"floor":25,"key":"Mango"},{"floor":26,"key":"Unceasing Top"},{"floor":28,"key":"Bottled Flame"},{"floor":30,"key":"Tiny Chest"}],"event_choices":[{"cards_removed":["Strike_B"],"damage_healed":0.0,"max_hp_gain":0.0,"max_hp_loss":0.0,"gold_gain":0.0,"event_name":"Purifier","player_choice":"Purged","floor":2.0,"gold_loss":0.0,"damage_taken":0.0},{"damage_healed":0.0,"max_hp_gain":0.0,"max_hp_loss":0.0,"gold_gain":0.0,"event_name":"Living Wall","player_choice":"Grow","floor":5.0,"gold_loss":0.0,"damage_taken":0.0,"cards_upgraded":["Darkness"]},{"damage_healed":0.0,"max_hp_gain":0.0,"max_hp_loss":0.0,"gold_gain":0.0,"event_name":"Scrap Ooze","player_choice":"Success","floor":10.0,"gold_loss":0.0,"damage_taken":18.0,"relics_obtained":["PreservedInsect"]},{"damage_healed":0.0,"max_hp_gain":0.0,"max_hp_loss":0.0,"gold_gain":0.0,"event_name":"Addict","player_choice":"Obtained Relic","floor":19.0,"gold_loss":85.0,"damage_taken":0.0,"relics_obtained":["Mummified Hand"]},{"damage_healed":0,"gold_gain":0,"player_choice":"Obtained Book","damage_taken":21,"max_hp_gain":0,"max_hp_loss":0,"event_name":"Cursed Tome","floor":21,"gold_loss":0},{"cards_removed":["Strike_B"],"damage_healed":0,"gold_gain":0,"player_choice":"Gave Gold","damage_taken":0,"max_hp_gain":0,"max_hp_loss":0,"event_name":"Beggar","floor":22,"gold_loss":75}],"is_beta":true,"boss_relics":[{"not_picked":["Astrolabe","Runic Dome"],"picked":"Nuclear Battery"}],"items_purged_floors":[24],"is_endless":false,"potions_floor_spawned":[1,7,12,14,16,18,28,29,31],"killed_by":"Collector","ascension_level":15}