{"gold_per_floor":[111,126,140,140,14,14,48,61,61,80,80,93,113,113],"floor_reached":14,"playtime":615,"items_purged":[],"score":113,"play_id":"4fcd8348-bcd9-4112-a7b0-4231db9fa3cc","local_time":"20190701175145","is_ascension_mode":true,"campfire_choices":[{"data":"Defragment","floor":6,"key":"SMITH"}],"neow_cost":"NONE","seed_source_timestamp":26065978032148,"circlet_count":0,"master_deck":["Strike_B","Strike_B","Strike_B","Defend_B","Defend_B","Defend_B","Zap","Dualcast","Redo","Hologram","Beam Cell","Defragment+1","Beam Cell","Conserve Battery","Reboot"],"relics":["Cracked Core","Torii","Shovel"],"potions_floor_usage":[14,14],"damage_taken":[{"damage":6,"enemies":"Cultist","floor":1,"turns":3},{"damage":5,"enemies":"Small Slimes","floor":2,"turns":3},{"damage":4,"enemies":"Jaw Worm","floor":3,"turns":3},{"damage":16,"enemies":"Lagavulin","floor":7,"turns":7},{"damage":10,"enemies":"Exordium Wildlife","floor":8,"turns":3},{"damage":7,"enemies":"Red Slaver","floor":10,"turns":3},{"damage":6,"enemies":"Exordium Thugs","floor":12,"turns":4},{"damage":13,"enemies":"Gremlin Gang","floor":13,"turns":5},{"damage":3,"enemies":"3 Sentries","floor":14,"turns":4}],"seed_played":"1828146067556537892","potions_obtained":[{"floor":2,"key":"Block Potion"},{"floor":3,"key":"SneckoOil"},{"floor":7,"key":"Weak Potion"},{"floor":10,"key":"Poison Potion"}],"is_trial":false,"path_per_floor":["M","M","M","?","$","R","E","M","T","M","?","M","M","E"],"character_chosen":"DEFECT","items_purchased":["Defragment","Beam Cell"],"campfire_rested":0,"item_purchase_floors":[5,5],"current_hp_per_floor":[69,64,60,60,60,60,44,34,34,27,27,21,8,5],"gold":113,"neow_bonus":"REMOVE_CARD","is_prod":false,"is_daily":false,"chose_seed":false,"campfire_upgraded":1,"win_rate":0,"timestamp":1561971105,"path_taken":["M","M","M","?","$","R","E","?","T","M","?","?","M","E"],"build_version":"2019-01-23","purchased_purges":0,"victory":false,"max_hp_per_floor":[75,75,75,75,75,75,75,75,75,75,75,75,75,75],"card_choices":[{"not_picked":["Streamline","Heatsinks"],"picked":"Redo","floor":1},{"not_picked":["Coolheaded","Skim"],"picked":"Hologram","floor":2},{"not_picked":["Machine Learning","Lockon"],"picked":"Beam Cell","floor":3},{"not_picked":["Compile Driver","Coolheaded"],"picked":"Conserve Battery","floor":7},{"not_picked":["Sweeping Beam","Compile Driver","Stack"],"picked":"SKIP","floor":8},{"not_picked":["Heatsinks","Recycle"],"picked":"Reboot","floor":10},{"not_picked":["Chaos","Turbo","Beam Cell"],"picked":"SKIP","floor":12},{"not_picked":["Tempest","Compile Driver","Skim"],"picked":"SKIP","floor":13}],"player_experience":105017,"relics_obtained":[{"floor":4,"key":"Torii"},{"floor":7,"key":"Shovel"}],"event_choices":[{"damage_healed":0,"gold_gain":0,"player_choice":"Relic","damage_taken":0,"max_hp_gain":0,"max_hp_loss":0,"event_name":"Wheel of Change","floor":4,"gold_loss":0},{"cards_removed":["Strike_B"],"damage_healed":0,"gold_gain":0,"player_choice":"Purged","damage_taken":0,"max_hp_gain":0,"max_hp_loss":0,"event_name":"Purifier","floor":11,"gold_loss":0}],"is_beta":false,"boss_relics":[],"items_purged_floors":[],"is_endless":false,"potions_floor_spawned":[2,3,7,10],"killed_by":"3 Sentries","ascension_level":4}