{"gold_per_floor":[115,125,137,149,163,195,195,23,23,23,51,61,79,142,142,219,219,229,229,248,9,59,59,92,92,163,192,192],"floor_reached":28,"playtime":876,"items_purged":["Strike_B"],"score":536,"play_id":"4081e26a-128a-4115-b26a-dc32c202a115","local_time":"20190622211742","is_ascension_mode":true,"campfire_choices":[{"floor":7,"key":"REST"},{"floor":10,"key":"REST"},{"floor":15,"key":"REST"},{"floor":23,"key":"REST"},{"floor":25,"key":"REST"}],"neow_cost":"NONE","seed_source_timestamp":26890156460755,"circlet_count":0,"master_deck":["AscendersBane","Strike_B","Strike_B","Defend_B","Defend_B","Defend_B","Defend_B","Zap","Dualcast","Sweeping Beam","Melter","Conserve Battery","Cold Snap","BootSequence","Genetic Algorithm","Ball Lightning","Sweeping Beam","Sweeping Beam","Auto Shields","Seek","Double Energy+1","Genetic Algorithm","Tempest"],"relics":["Fusion Hammer","Bag of Marbles","Regal Pillow","The Courier","Strawberry","WingedGreaves","Black Star","PreservedInsect","Anchor","Frozen Egg 2","Cables","Mummified Hand","Sundial"],"potions_floor_usage":[4,11,11,14,24,24],"damage_taken":[{"damage":2,"enemies":"2 Louse","floor":1,"turns":4},{"damage":7,"enemies":"Cultist","floor":2,"turns":4},{"damage":4,"enemies":"Small Slimes","floor":3,"turns":2},{"damage":5,"enemies":"Exordium Wildlife","floor":4,"turns":4},{"damage":9,"enemies":"2 Fungi Beasts","floor":5,"turns":3},{"damage":20,"enemies":"3 Sentries","floor":6,"turns":7},{"damage":23,"enemies":"Lagavulin","floor":11,"turns":7},{"damage":0,"enemies":"Exordium Thugs","floor":12,"turns":3},{"damage":2,"enemies":"Exordium Wildlife","floor":13,"turns":3},{"damage":0,"enemies":"Gremlin Nob","floor":14,"turns":3},{"damage":75,"enemies":"Slime Boss","floor":16,"turns":14},{"damage":0,"enemies":"Spheric Guardian","floor":18,"turns":4},{"damage":44,"enemies":"Chosen","floor":20,"turns":6},{"damage":43,"enemies":"Book of Stabbing","floor":24,"turns":6},{"damage":28,"enemies":"Gremlin Leader","floor":27,"turns":7},{"damage":22,"enemies":"Snecko","floor":28,"turns":5}],"seed_played":"8216684878896532674","potions_obtained":[{"floor":1,"key":"Block Potion"},{"floor":4,"key":"Ancient Potion"},{"floor":5,"key":"Ancient Potion"},{"floor":11,"key":"Swift Potion"},{"floor":16,"key":"SneckoOil"},{"floor":20,"key":"Weak Potion"}],"is_trial":false,"path_per_floor":["M","M","M","M","M","E","R","$","T","R","E","M","M","?","R","B",null,"M","?","M","$","?","R","E","R","T","E","M"],"character_chosen":"DEFECT","items_purchased":["Regal Pillow","PreservedInsect","Fire Potion"],"campfire_rested":5,"item_purchase_floors":[8,21,21],"current_hp_per_floor":[62,55,51,46,37,17,38,38,38,71,55,55,53,53,78,3,59,59,59,15,15,15,53,10,48,48,20,0],"gold":192,"neow_bonus":"BOSS_RELIC","is_prod":false,"is_daily":false,"chose_seed":false,"campfire_upgraded":0,"win_rate":0,"timestamp":1561231062,"path_taken":["M","M","M","M","M","E","R","$","T","R","E","M","M","?","R","BOSS","M","?","?","$","?","R","E","R","T","E","M"],"build_version":"2019-06-21","purchased_purges":1,"victory":false,"max_hp_per_floor":[71,71,71,71,71,71,71,71,71,71,78,78,78,78,78,78,78,78,78,78,78,78,78,78,78,78,78,78],"card_choices":[{"not_picked":["Coolheaded","Gash"],"picked":"Sweeping Beam","floor":1},{"not_picked":["Stack","Turbo"],"picked":"Melter","floor":2},{"not_picked":["Turbo","Consume"],"picked":"Conserve Battery","floor":3},{"not_picked":["Skim","Loop"],"picked":"Cold Snap","floor":4},{"not_picked":["Double Energy","Steam"],"picked":"BootSequence","floor":5},{"not_picked":["Scrape","Conserve Battery"],"picked":"Genetic Algorithm","floor":6},{"not_picked":["Double Energy","Consume"],"picked":"Ball Lightning","floor":11},{"not_picked":["Melter","Cold Snap"],"picked":"Sweeping Beam","floor":12},{"not_picked":["Turbo","Stack"],"picked":"Sweeping Beam","floor":13},{"not_picked":["Lockon","Reprogram"],"picked":"Auto Shields","floor":14},{"not_picked":["Amplify","Buffer"],"picked":"Seek","floor":16},{"not_picked":["Storm","Sunder"],"picked":"Double Energy+1","floor":18},{"not_picked":["Gash","Go for the Eyes"],"picked":"Tempest","floor":20},{"not_picked":["Coolheaded","Lockon","Double Energy"],"picked":"SKIP","floor":24},{"not_picked":["Beam Cell","Conserve Battery","Barrage"],"picked":"SKIP","floor":27}],"player_experience":1761161,"relics_obtained":[{"floor":6,"key":"Bag of Marbles"},{"floor":9,"key":"The Courier"},{"floor":11,"key":"Strawberry"},{"floor":14,"key":"WingedGreaves"},{"floor":24,"key":"Anchor"},{"floor":24,"key":"Frozen Egg 2"},{"floor":26,"key":"Cables"},{"floor":27,"key":"Mummified Hand"},{"floor":27,"key":"Sundial"}],"event_choices":[{"damage_healed":0,"gold_gain":0,"player_choice":"Searched \u00272\u0027 times","damage_taken":0,"max_hp_gain":0,"max_hp_loss":0,"event_name":"Dead Adventurer","floor":14,"gold_loss":0},{"damage_healed":0,"gold_gain":0,"cards_transformed":["Strike_B"],"player_choice":"Transformed","damage_taken":0,"max_hp_gain":0,"max_hp_loss":0,"event_name":"Transmorgrifier","floor":19,"gold_loss":0,"cards_obtained":["Genetic Algorithm"]},{"damage_healed":0,"gold_gain":50,"player_choice":"Stole From Cult","damage_taken":0,"max_hp_gain":0,"max_hp_loss":0,"event_name":"Nest","floor":22,"gold_loss":0}],"is_beta":true,"boss_relics":[{"not_picked":["Runic Pyramid","Pandora\u0027s Box"],"picked":"Black Star"}],"items_purged_floors":[21],"is_endless":false,"potions_floor_spawned":[1,4,5,11,16,20],"killed_by":"Snecko","ascension_level":20}