{"gold_per_floor":[109,109,184,200,98,126,139,139,139,170,170,181,181,198,198,198],"floor_reached":16,"playtime":438,"items_purged":["Defend_B"],"score":182,"play_id":"440d5b33-020e-4a0f-9dde-1b7e102e61b7","local_time":"20190702021707","is_ascension_mode":true,"campfire_choices":[{"data":"Zap","floor":11,"key":"SMITH"},{"data":"Dualcast","floor":13,"key":"SMITH"},{"data":"Conserve Battery","floor":15,"key":"SMITH"}],"neow_cost":"NONE","seed_source_timestamp":26747893889555,"circlet_count":0,"master_deck":["Strike_B","Strike_B","Strike_B","Strike_B","Defend_B","Defend_B","Defend_B","Zap+1","Dualcast+1","Capacitor","Go for the Eyes","Conserve Battery+1","Amplify","BootSequence"],"relics":["Cracked Core","NeowsBlessing","Ice Cream","Mercury Hourglass","Lantern"],"potions_floor_usage":[10,10,16],"damage_taken":[{"damage":0,"enemies":"Small Slimes","floor":1,"turns":1},{"damage":0,"enemies":"Jaw Worm","floor":4,"turns":1},{"damage":0,"enemies":"3 Sentries","floor":6,"turns":1},{"damage":0,"enemies":"2 Louse","floor":7,"turns":2},{"damage":15,"enemies":"Gremlin Nob","floor":10,"turns":4},{"damage":11,"enemies":"Exordium Thugs","floor":12,"turns":3},{"damage":3,"enemies":"Looter","floor":14,"turns":3},{"damage":36,"enemies":"The Guardian","floor":16,"turns":14}],"seed_played":"-3878682843062772456","potions_obtained":[{"floor":1,"key":"Weak Potion"},{"floor":4,"key":"GamblersBrew"},{"floor":6,"key":"Block Potion"}],"is_trial":false,"path_per_floor":["M","?","?","M","$","E","M","$","T","E","R","M","R","M","R","B"],"character_chosen":"DEFECT","items_purchased":["Conserve Battery"],"campfire_rested":0,"item_purchase_floors":[5],"current_hp_per_floor":[68,73,62,62,62,62,62,62,62,47,47,36,36,33,33,0],"gold":198,"neow_bonus":"THREE_ENEMY_KILL","is_prod":false,"is_daily":false,"chose_seed":false,"campfire_upgraded":3,"win_rate":0,"timestamp":1562001427,"path_taken":["M","?","?","M","$","E","M","$","T","E","R","M","R","M","R","BOSS"],"build_version":"2019-01-23","purchased_purges":1,"victory":false,"max_hp_per_floor":[75,80,80,80,80,80,80,80,80,80,80,80,80,80,80,80],"card_choices":[{"not_picked":["Rebound","Reinforced Body"],"picked":"Capacitor","floor":1},{"not_picked":["Compile Driver","Blizzard"],"picked":"Go for the Eyes","floor":4},{"not_picked":["Gash","Redo","Chaos"],"picked":"SKIP","floor":6},{"not_picked":["Force Field","Redo"],"picked":"Amplify","floor":7},{"not_picked":["Rebound","Aggregate","Doom and Gloom"],"picked":"SKIP","floor":10},{"not_picked":["Streamline","Double Energy"],"picked":"BootSequence","floor":12},{"not_picked":["Beam Cell","Compile Driver","Gash"],"picked":"SKIP","floor":14}],"player_experience":132660,"relics_obtained":[{"floor":6,"key":"Ice Cream"},{"floor":9,"key":"Mercury Hourglass"},{"floor":10,"key":"Lantern"}],"event_choices":[{"damage_healed":0,"gold_gain":0,"player_choice":"Donut","damage_taken":0,"max_hp_gain":5,"max_hp_loss":0,"event_name":"Big Fish","floor":2,"gold_loss":0},{"damage_healed":0,"gold_gain":75,"player_choice":"Gather Gold","damage_taken":11,"max_hp_gain":0,"max_hp_loss":0,"event_name":"World of Goop","floor":3,"gold_loss":0}],"is_beta":false,"boss_relics":[],"items_purged_floors":[5],"is_endless":false,"potions_floor_spawned":[1,4,6],"killed_by":"The Guardian","ascension_level":7}