{"gold_per_floor":[110,35,35,49,60,60,87,87,87,87,87,87,100,126,126,231,231,243,7,21,31,31,31,63,63,63,63,63,63,63,74,74,177,177,190,190,290,82,0,0,26,26,51,51,70,22,90,100,100,100,100,100,52,82,82],"floor_reached":55,"playtime":7270,"items_purged":["Strike_G","Strike_G"],"score":753,"play_id":"f195d905-e66b-4a35-9b34-f889bacd66de","local_time":"20190303205335","is_ascension_mode":true,"campfire_choices":[{"data":"Outmaneuver","floor":6,"key":"SMITH"},{"floor":10,"key":"RECALL"},{"data":"Tactician","floor":12,"key":"SMITH"},{"floor":15,"key":"REST"},{"data":"Tools of the Trade","floor":23,"key":"SMITH"},{"floor":25,"key":"REST"},{"floor":27,"key":"REST"},{"data":"Neutralize","floor":30,"key":"SMITH"},{"floor":32,"key":"REST"},{"floor":40,"key":"REST"},{"floor":44,"key":"REST"},{"data":"Survivor","floor":49,"key":"SMITH"},{"data":"Deflect","floor":52,"key":"SMITH"}],"neow_cost":"NONE","seed_source_timestamp":229718493048039,"circlet_count":0,"master_deck":["Defend_G","Defend_G","Defend_G","Defend_G","Survivor+1","Neutralize+1","Acrobatics+1","Eviscerate+1","Unload+1","Deflect+1","Tactician+1","Prepared+1","Tools of the Trade+1","Adrenaline+1","Noxious Fumes+1","Predator","Outmaneuver+1","Footwork+1","Phantasmal Killer+1","Madness+1","Quick Slash","Adrenaline+1","Footwork+1","Prepared+1"],"relics":["Astrolabe","Toxic Egg 2","Blood Vial","Lizard Tail","Pen Nib","Blue Candle","Prayer Wheel","Nloth\u0027s Gift","Runic Pyramid","Du-Vu Doll","DollysMirror","Red Mask","StoneCalendar","Happy Flower","Letter Opener","Bronze Scales"],"potions_floor_usage":[7,16,21,24,50,50,54],"damage_taken":[{"damage":0,"enemies":"Cultist","floor":1,"turns":3},{"damage":0,"enemies":"Jaw Worm","floor":4,"turns":2},{"damage":6,"enemies":"2 Louse","floor":5,"turns":3},{"damage":0,"enemies":"Lagavulin","floor":7,"turns":5},{"damage":0,"enemies":"Gremlin Gang","floor":13,"turns":4},{"damage":46,"enemies":"Gremlin Nob","floor":14,"turns":6},{"damage":26,"enemies":"The Guardian","floor":16,"turns":15},{"damage":12,"enemies":"Shell Parasite","floor":18,"turns":7},{"damage":2,"enemies":"Spheric Guardian","floor":20,"turns":4},{"damage":16,"enemies":"Chosen and Byrds","floor":21,"turns":7},{"damage":41,"enemies":"Book of Stabbing","floor":24,"turns":8},{"damage":5,"enemies":"Shelled Parasite and Fungi","floor":31,"turns":6},{"damage":31,"enemies":"Collector","floor":33,"turns":9},{"damage":52,"enemies":"3 Darklings","floor":35,"turns":5},{"damage":0,"enemies":"Mind Bloom Boss Battle","floor":37,"turns":9},{"damage":0,"enemies":"Nemesis","floor":41,"turns":5},{"damage":0,"enemies":"Orb Walker","floor":45,"turns":5},{"damage":7,"enemies":"Jaw Worm Horde","floor":48,"turns":4},{"damage":43,"enemies":"Donu and Deca","floor":50,"turns":8},{"damage":46,"enemies":"Shield and Spear","floor":54,"turns":7},{"damage":81,"enemies":"The Heart","floor":55,"turns":9}],"seed_played":"4691311792786150624","potions_obtained":[{"floor":1,"key":"Fire Potion"},{"floor":14,"key":"SkillPotion"},{"floor":20,"key":"GamblersBrew"},{"floor":21,"key":"GhostInAJar"},{"floor":31,"key":"Explosive Potion"},{"floor":41,"key":"SteroidPotion"},{"floor":48,"key":"Weak Potion"}],"is_trial":false,"path_per_floor":["M","$","?","M","M","R","E","?","T","R","$","R","M","E","R","B",null,"M","$","M","M","?","R","E","R","T","R","T","?","R","M","R","B",null,"M","?","?","$","?","R","E","?","T","R","M","$","T","M","R","B",null,"R","$","E","B"],"character_chosen":"THE_SILENT","items_purchased":["Adrenaline+1","DollysMirror","Dexterity Potion","Prepared+1"],"campfire_rested":6,"item_purchase_floors":[19,38,46,53],"current_hp_per_floor":[70,70,63,63,57,57,57,50,50,50,50,50,50,4,25,1,70,58,58,58,44,44,44,5,26,26,47,47,47,47,44,65,36,70,18,18,20,20,20,41,43,43,43,64,66,66,66,61,61,20,70,70,70,24,0],"gold":82,"neow_bonus":"BOSS_RELIC","is_prod":false,"is_daily":false,"chose_seed":false,"campfire_upgraded":6,"win_rate":0,"timestamp":1551675215,"path_taken":["M","$","?","M","M","R","E","?","T","R","?","R","M","E","R","BOSS","M","$","M","M","?","R","E","R","T","R","?","?","R","?","R","BOSS","M","?","?","?","?","R","E","?","T","R","M","$","?","?","R","BOSS","R","$","E","BOSS"],"build_version":"2019-01-23","purchased_purges":2,"victory":false,"max_hp_per_floor":[70,70,70,70,70,70,70,70,70,70,70,70,70,70,70,70,70,70,70,70,70,70,70,70,70,70,70,70,70,70,70,70,70,70,70,70,70,70,70,70,70,70,70,70,70,70,70,70,70,70,70,70,70,70,70],"card_choices":[{"not_picked":["Dash","Slice"],"picked":"Deflect","floor":1},{"not_picked":["Deflect","Cloak And Dagger"],"picked":"Outmaneuver","floor":4},{"not_picked":["Finisher","Dagger Throw","Leg Sweep"],"picked":"SKIP","floor":5},{"not_picked":["Leg Sweep","Masterful Stab"],"picked":"Tactician","floor":7},{"not_picked":["Backstab","Flying Knee","Leg Sweep+1","Dodge and Roll+1"],"picked":"SKIP","floor":13},{"not_picked":["Quick Slash","Blade Dance+1","Dagger Spray"],"picked":"Prepared+1","floor":14},{"not_picked":["Envenom","A Thousand Cuts","Phantasmal Killer+1"],"picked":"Tools of the Trade","floor":16},{"not_picked":["Outmaneuver+1","Deadly Poison+1","Skewer+1","Infinite Blades"],"picked":"SKIP","floor":18},{"not_picked":["Footwork","All Out Attack+1","Backflip+1"],"picked":"Noxious Fumes+1","floor":20},{"not_picked":["Outmaneuver+1","PiercingWail+1","Infinite Blades+1"],"picked":"Predator","floor":21},{"not_picked":["Choke","Backstab","Dagger Throw+1","Sucker Punch"],"picked":"SKIP","floor":24},{"not_picked":["Deadly Poison+1","Terror+1"],"picked":"Outmaneuver+1","floor":31},{"not_picked":["Underhanded Strike","Flying Knee"],"picked":"Footwork+1","floor":31},{"not_picked":["Die Die Die","Wraith Form v2"],"picked":"Phantasmal Killer+1","floor":33},{"not_picked":["Wraith Form v2","Distraction+1","Bane"],"picked":"SKIP","floor":35},{"not_picked":["Distraction+1","Dagger Throw","Bane"],"picked":"SKIP","floor":35},{"not_picked":["Violence+1","Metamorphosis+1"],"picked":"Madness+1","floor":36},{"not_picked":["Well Laid Plans+1","Predator"],"picked":"Quick Slash","floor":37},{"not_picked":["Riddle With Holes+1","Deflect+1","Bane+1"],"picked":"SKIP","floor":41},{"not_picked":["PiercingWail+1","Flying Knee"],"picked":"Footwork+1","floor":45},{"not_picked":["Deflect+1","Poisoned Stab","Tactician+1"],"picked":"SKIP","floor":45},{"not_picked":["Dodge and Roll+1","PiercingWail+1","Poisoned Stab+1"],"picked":"SKIP","floor":48},{"not_picked":["Eviscerate","Bouncing Flask+1","Bane+1"],"picked":"SKIP","floor":48},{"not_picked":["Well Laid Plans","Glass Knife","Tactician+1"],"picked":"SKIP","floor":54}],"player_experience":72588,"relics_obtained":[{"floor":7,"key":"Question Card"},{"floor":14,"key":"Blood Vial"},{"floor":24,"key":"Pen Nib"},{"floor":26,"key":"Blue Candle"},{"floor":28,"key":"Prayer Wheel"},{"floor":37,"key":"Du-Vu Doll"},{"floor":41,"key":"StoneCalendar"},{"floor":43,"key":"Happy Flower"},{"floor":47,"key":"Letter Opener"},{"floor":54,"key":"Bronze Scales"}],"event_choices":[{"cards_removed":["Strike_G"],"damage_healed":0,"gold_gain":0,"player_choice":"Card Removal","damage_taken":7,"max_hp_gain":0,"max_hp_loss":0,"event_name":"Golden Wing","floor":3,"gold_loss":0},{"damage_healed":0,"gold_gain":0,"player_choice":"Success","damage_taken":7,"relics_obtained":["Toxic Egg 2"],"max_hp_gain":0,"max_hp_loss":0,"event_name":"Scrap Ooze","floor":8,"gold_loss":0},{"damage_healed":0,"gold_gain":0,"player_choice":"Ignored","damage_taken":0,"max_hp_gain":0,"max_hp_loss":0,"event_name":"Ghosts","floor":22,"gold_loss":0},{"damage_healed":0,"gold_gain":0,"player_choice":"Traded Relic","damage_taken":0,"relics_obtained":["Nloth\u0027s Gift"],"max_hp_gain":0,"max_hp_loss":0,"event_name":"N\u0027loth","floor":29,"relics_lost":["Question Card"],"gold_loss":0},{"damage_healed":0,"gold_gain":0,"player_choice":"Memory 1","damage_taken":0,"max_hp_gain":0,"max_hp_loss":0,"event_name":"SensoryStone","floor":36,"gold_loss":0},{"damage_healed":0,"gold_gain":0,"player_choice":"Fight","damage_taken":0,"max_hp_gain":0,"max_hp_loss":0,"event_name":"MindBloom","floor":37,"gold_loss":0},{"damage_healed":0,"gold_gain":0,"player_choice":"Paid","damage_taken":0,"relics_obtained":["Red Mask"],"max_hp_gain":0,"max_hp_loss":0,"event_name":"Tomb of Lord Red Mask","floor":39,"gold_loss":82},{"cards_removed":["Outmaneuver"],"damage_healed":0,"gold_gain":0,"player_choice":"Removed Skill","damage_taken":0,"max_hp_gain":0,"max_hp_loss":0,"event_name":"Falling","floor":42,"gold_loss":0}],"is_beta":false,"boss_relics":[{"not_picked":["Velvet Choker","WristBlade"],"picked":"Lizard Tail"},{"not_picked":["Orrery","Empty Cage"],"picked":"Runic Pyramid"}],"items_purged_floors":[2,19],"is_endless":false,"potions_floor_spawned":[1,14,20,21,31,41,48],"killed_by":"The Heart","ascension_level":1}