{"gold_per_floor":[112,38,49,49,49,49,88,88,115,115,139,183,202,275,275,275],"floor_reached":16,"playtime":747,"items_purged":[],"score":162,"play_id":"ee7014f2-efeb-4ce5-b6af-67b7df33c1e6","local_time":"20190803142355","is_ascension_mode":true,"campfire_choices":[{"data":"Neutralize","floor":6,"key":"SMITH"},{"floor":8,"key":"REST"},{"floor":10,"key":"REST"},{"data":"Footwork","floor":15,"key":"SMITH"}],"neow_cost":"NONE","seed_source_timestamp":383763070370900,"circlet_count":0,"master_deck":["AscendersBane","Strike_G","Strike_G","Strike_G","Strike_G","Strike_G","Defend_G","Defend_G","Defend_G","Defend_G","Defend_G","Survivor","Neutralize+1","Die Die Die","Skewer","Footwork+1","Cloak And Dagger","Dodge and Roll","Blur","PiercingWail"],"relics":["Ring of the Snake","Golden Idol","PreservedInsect","Blood Vial","WingedGreaves","Ninja Scroll"],"potions_floor_usage":[],"damage_taken":[{"damage":0,"enemies":"Cultist","floor":1,"turns":4},{"damage":0,"enemies":"2 Louse","floor":3,"turns":2},{"damage":36,"enemies":"Gremlin Nob","floor":7,"turns":6},{"damage":0,"enemies":"Small Slimes","floor":11,"turns":3},{"damage":20,"enemies":"3 Sentries","floor":12,"turns":7},{"damage":1,"enemies":"Looter","floor":13,"turns":4},{"damage":18,"enemies":"The Guardian","floor":16,"turns":14}],"seed_played":"-9140500055968581282","potions_obtained":[{"floor":11,"key":"Explosive Potion"},{"floor":12,"key":"FearPotion"},{"floor":13,"key":"Strength Potion"}],"is_trial":false,"path_per_floor":["M","$","M","?","?","R","E","R","T","R","M","E","M","T","R","B"],"character_chosen":"THE_SILENT","items_purchased":["Footwork"],"campfire_rested":2,"item_purchase_floors":[2],"current_hp_per_floor":[63,63,63,46,46,46,10,31,31,52,54,36,37,37,37,21],"gold":275,"neow_bonus":"ONE_RANDOM_RARE_CARD","is_prod":false,"is_daily":false,"chose_seed":false,"campfire_upgraded":2,"win_rate":0,"timestamp":1564856635,"path_taken":["M","?","M","?","?","R","E","R","T","R","M","E","M","?","R","BOSS"],"build_version":"2019-07-18","purchased_purges":0,"victory":false,"max_hp_per_floor":[70,70,70,70,70,70,70,70,70,70,70,70,70,70,70,70],"card_choices":[{"not_picked":["Outmaneuver","Finisher"],"picked":"Skewer","floor":1},{"not_picked":["Acrobatics","Sucker Punch"],"picked":"Cloak And Dagger","floor":3},{"not_picked":["All Out Attack","Slice","Sucker Punch"],"picked":"SKIP","floor":7},{"not_picked":["Dagger Spray","Outmaneuver"],"picked":"Dodge and Roll","floor":11},{"not_picked":["Choke","Dodge and Roll"],"picked":"Blur","floor":12},{"not_picked":["Slice","Dagger Spray"],"picked":"PiercingWail","floor":13}],"player_experience":334022,"relics_obtained":[{"floor":7,"key":"PreservedInsect"},{"floor":9,"key":"Blood Vial"},{"floor":12,"key":"WingedGreaves"},{"floor":14,"key":"Ninja Scroll"}],"event_choices":[{"damage_healed":0,"gold_gain":0,"player_choice":"Take Damage","damage_taken":17,"relics_obtained":["Golden Idol"],"max_hp_gain":0,"max_hp_loss":0,"event_name":"Golden Idol","floor":4,"gold_loss":0},{"damage_healed":0,"gold_gain":0,"player_choice":"Ignored","damage_taken":0,"max_hp_gain":0,"max_hp_loss":0,"event_name":"Liars Game","floor":5,"gold_loss":0}],"is_beta":true,"boss_relics":[],"items_purged_floors":[],"is_endless":false,"potions_floor_spawned":[11,12,13],"killed_by":"The Guardian","ascension_level":10}