{"gold_per_floor":[117,97,112,37,49,81,97,124,147,174,200,215,215,242,242,318,318,335,2,2,2,18,18,53,65,65,65,93,93,104,134,134,211,211,224,224,238,238,338,368,417,417,444,454,468,35,47,72,72,72,72,72,72,72,107,107],"floor_reached":57,"playtime":9664,"items_purged":["Writhe"],"score":2921,"play_id":"c588e819-2ba0-4711-8acc-52c8a157d5d2","local_time":"20190729194601","is_ascension_mode":true,"campfire_choices":[{"floor":13.0,"key":"REST"},{"floor":15.0,"key":"REST"},{"floor":23.0,"key":"REST"},{"floor":27.0,"key":"REST"},{"floor":29.0,"key":"REST"},{"floor":32.0,"key":"REST"},{"floor":42.0,"key":"REST"},{"floor":49.0,"key":"RECALL"},{"floor":53.0,"key":"REST"}],"neow_cost":"NONE","seed_source_timestamp":843013263242019,"circlet_count":0,"master_deck":["AscendersBane","Strike_G","Strike_G","Defend_G","Defend_G","Defend_G","Defend_G","Defend_G","Survivor","Neutralize+1","Footwork","Predator","Backflip","Poisoned Stab+1","Skewer","Acrobatics","PiercingWail","Escape Plan","Backflip","Tools of the Trade","After Image","Dodge and Roll","Footwork","Escape Plan","Doppelganger","Noxious Fumes","Acrobatics","Crippling Poison","Well Laid Plans","Backflip","Deadly Poison","Corpse Explosion","Acrobatics+1","Well Laid Plans","Burst","Backflip","Outmaneuver+1","Blur+1","Acrobatics","After Image"],"special_seed":0,"relics":["Ring of the Snake","NeowsBlessing","Mercury Hourglass","Whetstone","Blood Vial","Juzu Bracelet","Odd Mushroom","Sundial","Fusion Hammer","Art of War","Ornamental Fan","Boot","Bottled Tornado","Ancient Tea Set","The Specimen","Philosopher\u0027s Stone","Bird Faced Urn","Bag of Preparation","Tough Bandages","Chemical X","Mummified Hand","Anchor"],"potions_floor_usage":[56],"damage_taken":[{"damage":0.0,"enemies":"Small Slimes","floor":1.0,"turns":1.0},{"damage":0.0,"enemies":"Cultist","floor":3.0,"turns":1.0},{"damage":0.0,"enemies":"Jaw Worm","floor":5.0,"turns":1.0},{"damage":11.0,"enemies":"3 Sentries","floor":6.0,"turns":10.0},{"damage":4.0,"enemies":"Looter","floor":7.0,"turns":4.0},{"damage":24.0,"enemies":"Gremlin Nob","floor":8.0,"turns":4.0},{"damage":18.0,"enemies":"Lagavulin","floor":10.0,"turns":5.0},{"damage":0.0,"enemies":"The Mushroom Lair","floor":11.0,"turns":5.0},{"damage":4.0,"enemies":"3 Louse","floor":12.0,"turns":2.0},{"damage":21.0,"enemies":"Gremlin Nob","floor":14.0,"turns":4.0},{"damage":1.0,"enemies":"The Guardian","floor":16.0,"turns":14.0},{"damage":13.0,"enemies":"2 Thieves","floor":18.0,"turns":4.0},{"damage":6.0,"enemies":"Chosen","floor":22.0,"turns":6.0},{"damage":31.0,"enemies":"Slavers","floor":24.0,"turns":7.0},{"damage":5.0,"enemies":"Centurion and Healer","floor":25.0,"turns":7.0},{"damage":15.0,"enemies":"Gremlin Leader","floor":28.0,"turns":6.0},{"damage":15.0,"enemies":"Sentry and Sphere","floor":30.0,"turns":7.0},{"damage":10.0,"enemies":"Book of Stabbing","floor":31.0,"turns":8.0},{"damage":16.0,"enemies":"Champ","floor":33.0,"turns":16.0},{"damage":15.0,"enemies":"3 Shapes","floor":35.0,"turns":2.0},{"damage":14.0,"enemies":"Orb Walker","floor":37.0,"turns":5.0},{"damage":0.0,"enemies":"Mind Bloom Boss Battle","floor":39.0,"turns":6.0},{"damage":7.0,"enemies":"Giant Head","floor":40.0,"turns":12.0},{"damage":40.0,"enemies":"2 Orb Walkers","floor":41.0,"turns":4.0},{"damage":5.0,"enemies":"Maw","floor":44.0,"turns":8.0},{"damage":25.0,"enemies":"Transient","floor":45.0,"turns":6.0},{"damage":0.0,"enemies":"Jaw Worm Horde","floor":47.0,"turns":4.0},{"damage":3.0,"enemies":"Reptomancer","floor":48.0,"turns":6.0},{"damage":0.0,"enemies":"Donu and Deca","floor":50.0,"turns":7.0},{"damage":53.0,"enemies":"Awakened One","floor":51.0,"turns":19.0},{"damage":25.0,"enemies":"Shield and Spear","floor":55.0,"turns":6.0},{"damage":31,"enemies":"The Heart","floor":56,"turns":13}],"seed_played":"2700141872357766847","potions_obtained":[{"floor":1.0,"key":"Fire Potion"},{"floor":2.0,"key":"SneckoOil"},{"floor":6.0,"key":"AttackPotion"},{"floor":7.0,"key":"PowerPotion"},{"floor":11.0,"key":"LiquidBronze"},{"floor":12.0,"key":"Fire Potion"},{"floor":18.0,"key":"Swift Potion"},{"floor":31.0,"key":"LiquidBronze"},{"floor":33.0,"key":"SkillPotion"},{"floor":40.0,"key":"EssenceOfSteel"},{"floor":44.0,"key":"FearPotion"}],"is_trial":false,"path_per_floor":["M","?","M","?","M","E","M","E","T","E","?","M","R","E","R","B",null,"M","$","?","?","M","R","E","M","T","R","E","R","M","E","R","B",null,"M","?","M","?","?","E","?","R","T","M","M","$","M","E","R","B","B",null,"R","$","E","B",null],"character_chosen":"THE_SILENT","items_purchased":["Art of War","Footwork","Escape Plan","Chemical X","Acrobatics","GamblersBrew"],"campfire_rested":8,"item_purchase_floors":[19,19,19,46,46,46],"current_hp_per_floor":[59,59,59,59,59,48,44,20,20,4,6,4,23,4,23,24,56,45,45,45,45,41,60,31,28,28,47,34,53,40,32,51,37,59,46,46,34,34,36,45,19,38,38,49,40,40,54,65,65,66,27,56,66,66,45,32],"gold":107,"neow_bonus":"THREE_ENEMY_KILL","is_prod":false,"is_daily":false,"chose_seed":false,"campfire_upgraded":0,"win_rate":0,"timestamp":1564418761,"path_taken":["M","?","?","?","M","E","M","E","T","E","?","M","R","E","R","BOSS","M","$","?","?","M","R","E","M","T","R","E","R","M","E","R","BOSS","M","?","M","?","?","E","?","R","T","M","M","$","M","E","R","BOSS","BOSS","R","$","E","BOSS"],"build_version":"2019-07-17","purchased_purges":1,"victory":true,"max_hp_per_floor":[66,66,66,66,66,66,66,66,66,66,66,66,66,66,66,66,66,66,66,66,66,66,66,66,66,66,66,66,66,66,66,66,66,66,66,66,66,66,66,66,66,66,66,66,66,66,66,66,66,66,66,66,66,66,66,66],"card_choices":[{"not_picked":["Choke","Quick Slash"],"picked":"Footwork","floor":1.0},{"not_picked":["Outmaneuver","Blur"],"picked":"Predator","floor":3.0},{"not_picked":["Finisher","Dodge and Roll"],"picked":"Backflip","floor":5.0},{"not_picked":["Skewer","Dagger Spray"],"picked":"Poisoned Stab","floor":6.0},{"not_picked":["Acrobatics","Tactician"],"picked":"Skewer","floor":7.0},{"not_picked":["Accuracy","Concentrate"],"picked":"Acrobatics","floor":8.0},{"not_picked":["Deadly Poison","Slice"],"picked":"PiercingWail","floor":10.0},{"not_picked":["Infinite Blades","All Out Attack"],"picked":"Escape Plan","floor":11.0},{"not_picked":["Leg Sweep","Cloak And Dagger"],"picked":"Backflip","floor":12.0},{"not_picked":["Bane","Flying Knee"],"picked":"Tools of the Trade","floor":14.0},{"not_picked":["Phantasmal Killer","Storm of Steel"],"picked":"After Image","floor":16.0},{"not_picked":["Prepared","Distraction"],"picked":"Dodge and Roll","floor":18.0},{"not_picked":["Setup","Dagger Spray"],"picked":"Noxious Fumes","floor":22.0},{"not_picked":["Quick Slash","Flying Knee"],"picked":"Acrobatics","floor":24.0},{"not_picked":["Skewer","Predator"],"picked":"Crippling Poison","floor":25.0},{"not_picked":["Dagger Spray","Flying Knee"],"picked":"Well Laid Plans","floor":28.0},{"not_picked":["Doppelganger","Calculated Gamble"],"picked":"Backflip","floor":30.0},{"not_picked":["Dagger Spray","Distraction"],"picked":"Deadly Poison","floor":31.0},{"not_picked":["Envenom","Bullet Time"],"picked":"Corpse Explosion","floor":33.0},{"not_picked":["Cloak And Dagger","Skewer"],"picked":"Acrobatics+1","floor":35.0},{"not_picked":["Tactician","Crippling Poison+1"],"picked":"Well Laid Plans","floor":37.0},{"not_picked":["Venomology","Slice+1","Unload"],"picked":"SKIP","floor":40.0},{"not_picked":["Venomology","Slice+1","Unload"],"picked":"SKIP","floor":40.0},{"not_picked":["Venomology","Slice+1","Unload"],"picked":"SKIP","floor":40.0},{"not_picked":["Concentrate","Dagger Spray"],"picked":"Backflip","floor":41.0},{"not_picked":["Crippling Poison","Dash"],"picked":"Outmaneuver+1","floor":44.0},{"not_picked":["Blade Dance","Noxious Fumes"],"picked":"Blur+1","floor":45.0},{"not_picked":["Blade Dance","Outmaneuver","Cloak And Dagger"],"picked":"SKIP","floor":47.0},{"not_picked":["Finisher+1","Riddle With Holes","Outmaneuver"],"picked":"SKIP","floor":48.0},{"not_picked":["Finisher+1","Quick Slash"],"picked":"After Image","floor":55.0}],"player_experience":1063771,"relics_obtained":[{"floor":6.0,"key":"Mercury Hourglass"},{"floor":8.0,"key":"Whetstone"},{"floor":9.0,"key":"Blood Vial"},{"floor":10.0,"key":"Juzu Bracelet"},{"floor":11.0,"key":"Odd Mushroom"},{"floor":14.0,"key":"Sundial"},{"floor":24.0,"key":"Boot"},{"floor":26.0,"key":"Bottled Tornado"},{"floor":28.0,"key":"Ancient Tea Set"},{"floor":31.0,"key":"The Specimen"},{"floor":39.0,"key":"Bird Faced Urn"},{"floor":40.0,"key":"Bag of Preparation"},{"floor":41.0,"key":"Tough Bandages"},{"floor":48.0,"key":"Mummified Hand"},{"floor":55.0,"key":"Anchor"}],"event_choices":[{"damage_healed":0.0,"max_hp_gain":0.0,"max_hp_loss":0.0,"gold_gain":0.0,"event_name":"The Woman in Blue","player_choice":"Bought 1 Potion","floor":2.0,"gold_loss":0.0,"damage_taken":0.0},{"cards_removed":["Strike_G"],"damage_healed":0.0,"max_hp_gain":0.0,"max_hp_loss":0.0,"gold_gain":0.0,"event_name":"The Cleric","player_choice":"Card Removal","floor":4.0,"gold_loss":75.0,"damage_taken":0.0},{"damage_healed":0.0,"max_hp_gain":0.0,"max_hp_loss":0.0,"gold_gain":0.0,"event_name":"Mushrooms","player_choice":"Fought Mushrooms","floor":11.0,"gold_loss":0.0,"damage_taken":0.0},{"damage_healed":0.0,"max_hp_gain":0.0,"max_hp_loss":0.0,"gold_gain":0.0,"event_name":"The Mausoleum","player_choice":"Opened","floor":20.0,"gold_loss":0.0,"damage_taken":0.0,"relics_obtained":["Ornamental Fan"],"cards_obtained":["Writhe"]},{"damage_healed":0.0,"max_hp_gain":0.0,"max_hp_loss":0.0,"gold_gain":0.0,"cards_transformed":["Strike_G","Strike_G"],"event_name":"Drug Dealer","player_choice":"Became Test Subject","floor":21.0,"gold_loss":0.0,"damage_taken":0.0,"cards_obtained":["Doppelganger","Predator"]},{"cards_removed":["Predator"],"damage_healed":0.0,"max_hp_gain":0.0,"max_hp_loss":0.0,"gold_gain":0.0,"event_name":"Falling","player_choice":"Removed Attack","floor":36.0,"gold_loss":0.0,"damage_taken":0.0},{"damage_healed":0.0,"max_hp_gain":0.0,"max_hp_loss":0.0,"gold_gain":0.0,"event_name":"Match and Keep!","player_choice":"1 cards matched","floor":38.0,"gold_loss":0.0,"damage_taken":0.0,"cards_obtained":["Burst"]},{"damage_healed":0.0,"max_hp_gain":0.0,"max_hp_loss":0.0,"gold_gain":0.0,"event_name":"MindBloom","player_choice":"Fight","floor":39.0,"gold_loss":0.0,"damage_taken":0.0},{"damage_healed":0.0,"max_hp_gain":0.0,"max_hp_loss":0.0,"gold_gain":0.0,"event_name":"Mysterious Sphere","player_choice":"Fight","floor":41.0,"gold_loss":0.0,"damage_taken":0.0}],"is_beta":false,"boss_relics":[{"not_picked":["Calling Bell","White Beast Statue"],"picked":"Fusion Hammer"},{"not_picked":["Lizard Tail","Tiny House"],"picked":"Philosopher\u0027s Stone"}],"items_purged_floors":[46],"is_endless":false,"potions_floor_spawned":[1,6,7,11,12,18,31,33,35,40,44,45],"ascension_level":20}