{"gold_per_floor":[113,133,58,68,143,174,174,204,204,221,221,221,233,244,244,244],"floor_reached":16,"playtime":1838,"items_purged":["Defend_G"],"score":102,"play_id":"c72d0316-6908-45c9-bb78-86410bebc01e","local_time":"20190717221108","is_ascension_mode":false,"campfire_choices":[{"floor":7,"key":"REST"},{"floor":15,"key":"REST"}],"neow_cost":"NONE","seed_source_timestamp":7297624943506,"circlet_count":0,"master_deck":["Strike_G","Strike_G","Strike_G","Strike_G","Defend_G","Defend_G","Defend_G","Defend_G","Survivor","Neutralize","Burst+1","Outmaneuver","Prepared","Escape Plan","Bouncing Flask"],"relics":["Ring of the Snake","Incense Burner","Gambling Chip","Tough Bandages"],"potions_floor_usage":[],"damage_taken":[{"damage":5,"enemies":"2 Louse","floor":1,"turns":4},{"damage":2,"enemies":"Jaw Worm","floor":2,"turns":9},{"damage":0,"enemies":"Small Slimes","floor":4,"turns":6},{"damage":55,"enemies":"3 Sentries","floor":6,"turns":20},{"damage":4,"enemies":"Red Slaver","floor":10,"turns":7},{"damage":6,"enemies":"2 Fungi Beasts","floor":13,"turns":5},{"damage":2,"enemies":"Blue Slaver","floor":14,"turns":5},{"damage":37,"enemies":"Slime Boss","floor":16,"turns":5}],"seed_played":"4269748096347277389","potions_obtained":[{"floor":4,"key":"FairyPotion"},{"floor":10,"key":"Block Potion"},{"floor":14,"key":"SpeedPotion"}],"is_trial":false,"path_per_floor":["M","M","$","M","?","E","R","?","T","M","?","?","M","M","R","B"],"character_chosen":"THE_SILENT","items_purchased":[],"campfire_rested":2,"item_purchase_floors":[],"current_hp_per_floor":[65,63,63,63,52,7,28,28,28,24,21,21,15,13,34,0],"gold":244,"neow_bonus":"TRANSFORM_CARD","is_prod":false,"is_daily":false,"chose_seed":false,"campfire_upgraded":0,"win_rate":0.0,"timestamp":1563426668,"path_taken":["M","M","$","M","?","E","R","?","T","M","?","?","M","M","R","BOSS"],"build_version":"2019-07-05","purchased_purges":1,"victory":false,"max_hp_per_floor":[70,70,70,70,70,70,70,70,70,70,70,70,70,70,70,70],"card_choices":[{"not_picked":["Dodge and Roll","Masterful Stab","Quick Slash"],"picked":"SKIP","floor":1},{"not_picked":["Deflect","PiercingWail"],"picked":"Outmaneuver","floor":2},{"not_picked":["Tactician","Dagger Throw","Flying Knee"],"picked":"SKIP","floor":4},{"not_picked":["Bullet Time","Infinite Blades"],"picked":"Prepared","floor":6},{"not_picked":["Dagger Throw","Eviscerate","Dagger Spray"],"picked":"SKIP","floor":10},{"not_picked":["Poisoned Stab","Acrobatics"],"picked":"Escape Plan","floor":13},{"not_picked":["Deadly Poison","Eviscerate"],"picked":"Bouncing Flask","floor":14}],"player_experience":13980,"relics_obtained":[{"floor":6,"key":"Incense Burner"},{"floor":9,"key":"Gambling Chip"}],"event_choices":[{"damage_healed":0,"gold_gain":75,"player_choice":"Gather Gold","damage_taken":11,"max_hp_gain":0,"max_hp_loss":0,"event_name":"World of Goop","floor":5,"gold_loss":0},{"damage_healed":0,"gold_gain":30,"player_choice":"Searched \u00272\u0027 times","damage_taken":0,"max_hp_gain":0,"max_hp_loss":0,"event_name":"Dead Adventurer","floor":8,"gold_loss":0},{"damage_healed":0,"gold_gain":0,"player_choice":"Success","damage_taken":3,"relics_obtained":["Tough Bandages"],"max_hp_gain":0,"max_hp_loss":0,"event_name":"Scrap Ooze","floor":11,"gold_loss":0},{"damage_healed":0,"gold_gain":0,"player_choice":"Forge","damage_taken":0,"max_hp_gain":0,"max_hp_loss":0,"event_name":"Accursed Blacksmith","floor":12,"gold_loss":0,"cards_upgraded":["Burst"]}],"is_beta":false,"boss_relics":[],"items_purged_floors":[3],"is_endless":false,"potions_floor_spawned":[4,10,14],"killed_by":"Slime Boss","ascension_level":0}