{"gold_per_floor":[117,267,542,558,255,285,297,45,97,112,143,143,143,187,187,280,280,293,76,76,90,111,111,152,152,175,190,204,329,329,362,362,456,456,469,483,463,463,796,136,136,163,163,179,179,179,205,55,55,55,55],"floor_reached":52,"playtime":1846,"items_purged":["Regret","Doubt","Writhe","Strike_B"],"score":2149,"play_id":"1b6ccbbe-af89-4576-953d-d2e6719ef361","local_time":"20190802202714","is_ascension_mode":true,"campfire_choices":[{"data":"Sunder","floor":7.0,"key":"SMITH"},{"data":"Defragment","floor":12.0,"key":"SMITH"},{"data":"Go for the Eyes","floor":15.0,"key":"SMITH"},{"floor":23.0,"key":"REST"},{"data":"Defragment","floor":25.0,"key":"SMITH"},{"data":"Consume","floor":30.0,"key":"SMITH"},{"data":"Defragment","floor":32.0,"key":"SMITH"},{"data":"Hyperbeam","floor":41.0,"key":"SMITH"},{"floor":46,"key":"REST"},{"data":"Glacier","floor":49,"key":"SMITH"}],"neow_cost":"NONE","seed_source_timestamp":1252495068918,"circlet_count":0,"master_deck":["AscendersBane","Strike_B","Strike_B","Strike_B","Defend_B+1","Defend_B+1","Defend_B","Defend_B","Zap","Dualcast","Self Repair","Sunder+1","Glacier+1","Defragment+1","Go for the Eyes+1","Auto Shields","Hyperbeam+1","Genetic Algorithm","Compile Driver","Defragment+1","Consume+1","Ball Lightning","Defragment+1","All For One","Recycle","Conserve Battery","Apotheosis","Glacier+1","Skim+1","Fusion+1"],"special_seed":0,"relics":["Cracked Core","NeowsBlessing","Runic Capacitor","MawBank","PreservedInsect","Ancient Tea Set","Juzu Bracelet","Gremlin Horn","Snecko Eye","OrangePellets","MutagenicStrength","Happy Flower","War Paint","Ice Cream","Shuriken","DataDisk","Nuclear Battery","FossilizedHelix","Toxic Egg 2","Letter Opener","Calipers"],"potions_floor_usage":[51],"damage_taken":[{"damage":0.0,"enemies":"Jaw Worm","floor":1.0,"turns":1.0},{"damage":0.0,"enemies":"2 Louse","floor":4.0,"turns":1.0},{"damage":0.0,"enemies":"Lagavulin","floor":6.0,"turns":1.0},{"damage":0.0,"enemies":"Cultist","floor":10.0,"turns":3.0},{"damage":11.0,"enemies":"3 Sentries","floor":11.0,"turns":6.0},{"damage":11.0,"enemies":"Gremlin Nob","floor":14.0,"turns":3.0},{"damage":1.0,"enemies":"The Guardian","floor":16.0,"turns":11.0},{"damage":21.0,"enemies":"Shell Parasite","floor":18.0,"turns":5.0},{"damage":12.0,"enemies":"Chosen","floor":21.0,"turns":3.0},{"damage":21.0,"enemies":"Snecko","floor":22.0,"turns":6.0},{"damage":0.0,"enemies":"Slavers","floor":24.0,"turns":2.0},{"damage":10.0,"enemies":"Cultist and Chosen","floor":27.0,"turns":5.0},{"damage":0.0,"enemies":"3 Cultists","floor":28.0,"turns":3.0},{"damage":16.0,"enemies":"Colosseum Slavers","floor":29.0,"turns":3.0},{"damage":0.0,"enemies":"Colosseum Nobs","floor":29.0,"turns":4.0},{"damage":13.0,"enemies":"Gremlin Leader","floor":31.0,"turns":4.0},{"damage":12.0,"enemies":"Collector","floor":33.0,"turns":11.0},{"damage":49.0,"enemies":"3 Darklings","floor":35.0,"turns":5.0},{"damage":1.0,"enemies":"Orb Walker","floor":36.0,"turns":3.0},{"damage":14.0,"enemies":"Nemesis","floor":42.0,"turns":9.0},{"damage":0.0,"enemies":"3 Darklings","floor":44.0,"turns":6.0},{"damage":0,"enemies":"Giant Head","floor":47,"turns":5},{"damage":16,"enemies":"Time Eater","floor":50,"turns":11},{"damage":0,"enemies":"Donu and Deca","floor":51,"turns":8}],"seed_played":"8984700605118823476","potions_obtained":[{"floor":11.0,"key":"LiquidBronze"},{"floor":14.0,"key":"FearPotion"},{"floor":16.0,"key":"Weak Potion"},{"floor":29.0,"key":"FocusPotion"},{"floor":31.0,"key":"FocusPotion"},{"floor":35.0,"key":"GamblersBrew"}],"is_trial":false,"path_per_floor":["M","?","?","M","$","E","R","$","T","M","E","R","?","E","R","B",null,"M","$","?","M","M","R","E","R","T","M","M","?","R","E","R","B",null,"M","M","?","?","?","$","R","E","T","M","?","R","E","$","R","B","B",null],"character_chosen":"DEFECT","items_purchased":["Runic Capacitor","PreservedInsect","OrangePellets","Apotheosis","FossilizedHelix"],"campfire_rested":2,"item_purchase_floors":[5,8,19,40,40],"current_hp_per_floor":[64,64,64,71,71,71,71,71,71,71,67,67,43,39,39,45,65,44,44,44,32,18,39,39,39,39,36,43,41,41,35,35,30,61,19,25,25,39,39,39,39,35,35,42,42,63,71,71,71,65,71],"gold":55,"neow_bonus":"THREE_ENEMY_KILL","is_prod":false,"is_daily":false,"chose_seed":false,"campfire_upgraded":8,"win_rate":0,"timestamp":1564770434,"path_taken":["M","?","?","M","$","E","R","$","T","?","E","R","?","E","R","BOSS","M","$","?","M","M","R","E","R","T","M","M","?","R","E","R","BOSS","M","M","?","?","?","$","R","E","T","M","?","R","E","$","R","BOSS","BOSS"],"build_version":"2019-07-18","purchased_purges":4,"victory":true,"max_hp_per_floor":[71,71,71,71,71,71,71,71,71,71,71,71,71,71,71,71,71,71,71,71,71,71,71,71,71,71,71,71,71,71,71,71,71,71,71,71,71,71,71,71,71,71,71,71,71,71,71,71,71,71,71],"card_choices":[{"not_picked":["Beam Cell","Loop"],"picked":"Self Repair","floor":1.0},{"not_picked":["Streamline","Sweeping Beam"],"picked":"Sunder","floor":4.0},{"not_picked":["Ball Lightning","Lockon"],"picked":"Glacier","floor":6.0},{"not_picked":["Steam","Tempest"],"picked":"Defragment","floor":10.0},{"not_picked":["Steam Power","Leap"],"picked":"Go for the Eyes","floor":11.0},{"not_picked":["Go for the Eyes","Conserve Battery"],"picked":"Auto Shields","floor":14.0},{"not_picked":["Seek","Machine Learning"],"picked":"Hyperbeam","floor":16.0},{"not_picked":["Ball Lightning","Stack"],"picked":"Genetic Algorithm","floor":18.0},{"not_picked":["Darkness+1","Hologram"],"picked":"Compile Driver","floor":21.0},{"not_picked":["Sunder","Steam","Gash"],"picked":"SKIP","floor":22.0},{"not_picked":["Reboot","Stack"],"picked":"Defragment","floor":24.0},{"not_picked":["Storm+1","Redo","Loop"],"picked":"SKIP","floor":27.0},{"not_picked":["Go for the Eyes","Barrage"],"picked":"Consume","floor":28.0},{"not_picked":["Force Field","Go for the Eyes"],"picked":"Ball Lightning","floor":29.0},{"not_picked":["Beam Cell","BootSequence"],"picked":"Defragment","floor":31.0},{"not_picked":["Meteor Strike","Thunder Strike"],"picked":"All For One","floor":33.0},{"not_picked":["Darkness","Gash"],"picked":"Recycle","floor":35.0},{"not_picked":["Beam Cell","Barrage"],"picked":"Conserve Battery","floor":36.0},{"not_picked":["Scrape","Hello World"],"picked":"Glacier","floor":42.0},{"not_picked":["Conserve Battery+1","Double Energy+1"],"picked":"Skim+1","floor":44.0},{"not_picked":["Sweeping Beam","Multi-Cast+1"],"picked":"Fusion+1","floor":47}],"player_experience":1944371,"relics_obtained":[{"floor":6.0,"key":"MawBank"},{"floor":9.0,"key":"Ancient Tea Set"},{"floor":11.0,"key":"Juzu Bracelet"},{"floor":14.0,"key":"Gremlin Horn"},{"floor":24.0,"key":"Happy Flower"},{"floor":26.0,"key":"War Paint"},{"floor":29.0,"key":"Ice Cream"},{"floor":29.0,"key":"Shuriken"},{"floor":31.0,"key":"DataDisk"},{"floor":42.0,"key":"Toxic Egg 2"},{"floor":43.0,"key":"Letter Opener"},{"floor":47,"key":"Calipers"}],"event_choices":[{"damage_healed":0.0,"max_hp_gain":0.0,"max_hp_loss":0.0,"gold_gain":150.0,"event_name":"Liars Game","player_choice":"AGREE","floor":2.0,"gold_loss":0.0,"damage_taken":0.0,"cards_obtained":["Doubt"]},{"damage_healed":0.0,"max_hp_gain":0.0,"max_hp_loss":0.0,"gold_gain":275.0,"event_name":"Golden Shrine","player_choice":"Desecrate","floor":3.0,"gold_loss":0.0,"damage_taken":0.0,"cards_obtained":["Regret"]},{"damage_healed":0.0,"max_hp_gain":0.0,"max_hp_loss":0.0,"gold_gain":0.0,"event_name":"Golden Idol","player_choice":"Take Damage","floor":13.0,"gold_loss":0.0,"damage_taken":24.0,"relics_obtained":["Golden Idol"]},{"damage_healed":0.0,"max_hp_gain":0.0,"max_hp_loss":0.0,"gold_gain":0.0,"event_name":"Drug Dealer","player_choice":"Inject Mutagens","floor":20.0,"gold_loss":0.0,"damage_taken":0.0,"relics_obtained":["MutagenicStrength"]},{"damage_healed":0.0,"max_hp_gain":0.0,"max_hp_loss":0.0,"gold_gain":0.0,"event_name":"Colosseum","player_choice":"Fight","floor":29.0,"gold_loss":0.0,"damage_taken":0.0},{"damage_healed":0.0,"max_hp_gain":0.0,"max_hp_loss":0.0,"gold_gain":0.0,"event_name":"Colosseum","player_choice":"Fought Nobs","floor":29.0,"gold_loss":0.0,"damage_taken":0.0},{"damage_healed":0.0,"max_hp_gain":0.0,"max_hp_loss":0.0,"gold_gain":0.0,"event_name":"The Woman in Blue","player_choice":"Bought 1 Potion","floor":37.0,"gold_loss":0.0,"damage_taken":0.0},{"damage_healed":14.0,"max_hp_gain":0.0,"max_hp_loss":0.0,"gold_gain":0.0,"event_name":"Winding Halls","player_choice":"Writhe","floor":38.0,"gold_loss":0.0,"damage_taken":0.0,"cards_obtained":["Writhe"]},{"damage_healed":0.0,"max_hp_gain":0.0,"max_hp_loss":0.0,"gold_gain":333.0,"event_name":"The Moai Head","player_choice":"Gave Idol","floor":39.0,"relics_lost":["Golden Idol"],"gold_loss":0.0,"damage_taken":0.0},{"damage_healed":0,"gold_gain":0,"player_choice":"Ignored","damage_taken":0,"max_hp_gain":0,"max_hp_loss":0,"event_name":"Mysterious Sphere","floor":45,"gold_loss":0}],"is_beta":true,"boss_relics":[{"not_picked":["Tiny House","White Beast Statue"],"picked":"Snecko Eye"},{"not_picked":["Velvet Choker","Runic Dome"],"picked":"Nuclear Battery"}],"items_purged_floors":[5,8,40,48],"is_endless":false,"potions_floor_spawned":[11,14,16,21,22,29,29,31,33,35,42,47],"ascension_level":20}