{"gold_per_floor":[112,112,212,228,245,245,274,289,316,316,329,349,57,90,90,90],"floor_reached":16,"playtime":991,"items_purged":["Strike_G"],"score":224,"play_id":"81350820-2425-49e1-8e4d-065839841b02","local_time":"20190802144717","is_ascension_mode":true,"campfire_choices":[{"floor":6,"key":"REST"},{"floor":10,"key":"REST"},{"floor":15,"key":"REST"}],"neow_cost":"PERCENT_DAMAGE","seed_source_timestamp":45643380380600,"circlet_count":0,"master_deck":["AscendersBane","Strike_G","Strike_G","Strike_G","Strike_G","Defend_G","Defend_G","Defend_G","Defend_G","Defend_G","Survivor","Neutralize","Deadly Poison","Cloak And Dagger","A Thousand Cuts","Skewer","All Out Attack","Predator","Wraith Form v2","Die Die Die","Footwork","Backflip","Die Die Die"],"relics":["Ring of the Snake","Nunchaku","Anchor","Bag of Preparation","Strawberry","Singing Bowl"],"potions_floor_usage":[7,14,14],"damage_taken":[{"damage":1,"enemies":"Small Slimes","floor":1,"turns":4},{"damage":2,"enemies":"Jaw Worm","floor":4,"turns":4},{"damage":0,"enemies":"Cultist","floor":5,"turns":3},{"damage":26,"enemies":"3 Sentries","floor":7,"turns":9},{"damage":11,"enemies":"Lots of Slimes","floor":8,"turns":3},{"damage":1,"enemies":"Exordium Wildlife","floor":11,"turns":3},{"damage":4,"enemies":"2 Fungi Beasts","floor":12,"turns":3},{"damage":17,"enemies":"Lagavulin","floor":14,"turns":5},{"damage":32,"enemies":"Slime Boss","floor":16,"turns":8}],"seed_played":"-5137708080261810820","potions_obtained":[{"floor":4,"key":"EssenceOfSteel"},{"floor":5,"key":"AttackPotion"},{"floor":11,"key":"Poison Potion"}],"is_trial":false,"path_per_floor":["M","?","?","M","M","R","E","M","T","R","M","M","$","E","R","B"],"character_chosen":"THE_SILENT","items_purchased":["Die Die Die","Footwork","Backflip"],"campfire_rested":3,"item_purchase_floors":[13,13,13],"current_hp_per_floor":[43,25,25,23,23,42,16,5,12,33,32,28,28,11,32,0],"gold":90,"neow_bonus":"ONE_RARE_RELIC","is_prod":false,"is_daily":false,"chose_seed":false,"campfire_upgraded":0,"win_rate":0,"timestamp":1564782437,"path_taken":["M","?","?","M","M","R","E","?","T","R","M","M","?","E","R","BOSS"],"build_version":"2019-07-17","purchased_purges":1,"victory":false,"max_hp_per_floor":[66,66,66,66,66,66,66,66,73,73,73,73,73,73,73,73],"card_choices":[{"not_picked":["Dagger Throw","Cloak And Dagger"],"picked":"Deadly Poison","floor":1},{"not_picked":["Accuracy","Prepared"],"picked":"Cloak And Dagger","floor":4},{"not_picked":["Dodge and Roll","Reflex"],"picked":"A Thousand Cuts","floor":5},{"not_picked":["Flying Knee","Bane"],"picked":"Skewer","floor":7},{"not_picked":["Dodge and Roll","Prepared"],"picked":"All Out Attack","floor":8},{"not_picked":["Distraction","Prepared"],"picked":"Predator","floor":11},{"not_picked":["Cloak And Dagger","Setup"],"picked":"Wraith Form v2","floor":12},{"not_picked":["Underhanded Strike","PiercingWail"],"picked":"Die Die Die","floor":14}],"player_experience":1163891,"relics_obtained":[{"floor":7,"key":"Bag of Preparation"},{"floor":9,"key":"Strawberry"},{"floor":14,"key":"Singing Bowl"}],"event_choices":[{"damage_healed":0,"gold_gain":0,"player_choice":"Success","damage_taken":18,"relics_obtained":["Anchor"],"max_hp_gain":0,"max_hp_loss":0,"event_name":"Scrap Ooze","floor":2,"gold_loss":0},{"damage_healed":0,"gold_gain":100,"player_choice":"Gold","damage_taken":0,"max_hp_gain":0,"max_hp_loss":0,"event_name":"Wheel of Change","floor":3,"gold_loss":0}],"is_beta":false,"boss_relics":[],"items_purged_floors":[13],"is_endless":false,"potions_floor_spawned":[4,5,11],"killed_by":"Slime Boss","ascension_level":20}