{"gold_per_floor":[114,124,124,142,160,190,265,19,19,37,68,18,36,52,52,155,155,167,187,102,129,54,65,95,95,95,106,124,124,124,136,136,241,241,259,481,481,581,581,581,607,607,633,27,56,72,85,103,103,103],"floor_reached":51,"playtime":8386,"items_purged":["Bash","Normality"],"score":739,"play_id":"b374a555-dd8a-499f-8b38-dc4cbd77ad8e","local_time":"20190731233248","is_ascension_mode":false,"campfire_choices":[{"data":"Hemokinesis","floor":15,"key":"SMITH"},{"floor":25,"key":"REST"},{"floor":30,"key":"REST"},{"floor":32,"key":"REST"},{"floor":40,"key":"REST"},{"floor":42,"key":"REST"},{"floor":49,"key":"REST"}],"neow_cost":"NONE","seed_source_timestamp":256459332321682,"circlet_count":0,"master_deck":["Strike_R","Strike_R","Strike_R","Strike_R","Strike_R","Defend_R","Defend_R","Defend_R","Defend_R","Perfected Strike","Headbutt","Rampage","Clash","Blood for Blood","Hemokinesis+1","Dual Wield","Shrug It Off","Thunderclap","Uppercut","Juggernaut","Battle Trance+1","Fire Breathing+1","Flame Barrier+1","Whirlwind+1","Clash","Clash","Anger","Inflame","Metallicize+1","Parasite","Shame","Shrug It Off","Enlightenment","Double Tap","Metallicize","Blood for Blood","Dropkick","Battle Trance+1","Offering"],"relics":["Burning Blood","NeowsBlessing","Bronze Scales","Champion Belt","Shuriken","Pantograph","Bag of Marbles","Fusion Hammer","Centennial Puzzle","Red Mask","Vajra","Meat on the Bone","Calling Bell","Oddly Smooth Stone","Mercury Hourglass","Nunchaku","StoneCalendar","Strawberry","Red Skull","Sundial","Pen Nib"],"potions_floor_usage":[14,45,50],"damage_taken":[{"damage":0,"enemies":"Small Slimes","floor":1,"turns":1},{"damage":0,"enemies":"Jaw Worm","floor":2,"turns":1},{"damage":0,"enemies":"2 Louse","floor":4,"turns":1},{"damage":9,"enemies":"2 Fungi Beasts","floor":5,"turns":4},{"damage":16,"enemies":"Lagavulin","floor":6,"turns":5},{"damage":6,"enemies":"Exordium Wildlife","floor":10,"turns":3},{"damage":15,"enemies":"3 Sentries","floor":11,"turns":5},{"damage":3,"enemies":"3 Louse","floor":13,"turns":2},{"damage":12,"enemies":"Large Slime","floor":14,"turns":5},{"damage":35,"enemies":"Hexaghost","floor":16,"turns":6},{"damage":14,"enemies":"2 Thieves","floor":18,"turns":3},{"damage":19,"enemies":"Spheric Guardian","floor":19,"turns":3},{"damage":6,"enemies":"Masked Bandits","floor":21,"turns":3},{"damage":13,"enemies":"Snecko","floor":23,"turns":4},{"damage":18,"enemies":"Slavers","floor":24,"turns":4},{"damage":10,"enemies":"Shelled Parasite and Fungi","floor":27,"turns":5},{"damage":6,"enemies":"3 Cultists","floor":28,"turns":4},{"damage":21,"enemies":"Centurion and Healer","floor":31,"turns":4},{"damage":23,"enemies":"Automaton","floor":33,"turns":6},{"damage":12,"enemies":"Orb Walker","floor":35,"turns":3},{"damage":21,"enemies":"Mind Bloom Boss Battle","floor":38,"turns":5},{"damage":73,"enemies":"Reptomancer","floor":41,"turns":5},{"damage":25,"enemies":"Nemesis","floor":45,"turns":3},{"damage":8,"enemies":"3 Shapes","floor":46,"turns":2},{"damage":8,"enemies":"Writhing Mass","floor":47,"turns":3},{"damage":12,"enemies":"3 Darklings","floor":48,"turns":3},{"damage":95,"enemies":"Awakened One","floor":50,"turns":10}],"seed_played":"8025390533554580866","potions_obtained":[{"floor":1,"key":"FairyPotion"},{"floor":2,"key":"Swift Potion"},{"floor":6,"key":"Energy Potion"},{"floor":13,"key":"Regen Potion"},{"floor":14,"key":"FearPotion"},{"floor":21,"key":"PowerPotion"},{"floor":45,"key":"GamblersBrew"}],"is_trial":false,"path_per_floor":["M","M","?","M","M","E","?","$","T","M","E","$","M","M","R","B",null,"M","M","?","?","$","M","E","R","T","M","M","?","R","M","R","B",null,"M","?","?","?","?","R","E","R","T","$","E","M","M","M","R","B",null],"character_chosen":"IRONCLAD","items_purchased":["Shuriken","Shrug It Off","Metallicize","Blood for Blood","Sundial","Dropkick","EssenceOfSteel"],"campfire_rested":6,"item_purchase_floors":[8,12,44,44,44,44,44],"current_hp_per_floor":[80,80,77,80,77,67,56,56,56,56,47,47,50,58,58,51,80,72,59,59,59,59,52,40,64,64,60,60,60,80,65,80,63,80,74,74,74,65,65,80,32,58,58,58,51,61,59,53,79,26],"gold":103,"neow_bonus":"THREE_ENEMY_KILL","is_prod":false,"is_daily":false,"chose_seed":false,"campfire_upgraded":1,"win_rate":0.0,"timestamp":1564633968,"path_taken":["M","M","?","M","M","E","?","$","T","M","E","?","M","M","R","BOSS","M","M","?","?","?","M","E","R","T","M","?","?","R","M","R","BOSS","M","?","?","?","?","R","E","R","T","$","E","M","M","M","R","BOSS"],"build_version":"2019-01-23","purchased_purges":2,"victory":true,"max_hp_per_floor":[80,80,80,80,80,80,80,80,80,80,80,80,80,80,80,80,80,80,80,80,80,80,80,80,80,80,80,80,80,80,80,80,80,80,80,80,80,80,80,80,87,87,87,87,87,87,87,87,87,87],"card_choices":[{"not_picked":["Warcry","Feel No Pain"],"picked":"Perfected Strike","floor":1},{"not_picked":["Carnage","Burning Pact"],"picked":"Headbutt","floor":2},{"not_picked":["Searing Blow","Power Through"],"picked":"Rampage","floor":4},{"not_picked":["Twin Strike","Whirlwind"],"picked":"Clash","floor":5},{"not_picked":["Reckless Charge","Dropkick"],"picked":"Blood for Blood","floor":6},{"not_picked":["Carnage","Twin Strike"],"picked":"Hemokinesis","floor":10},{"not_picked":["Perfected Strike","Body Slam"],"picked":"Dual Wield","floor":11},{"not_picked":["Warcry","Flame Barrier"],"picked":"Thunderclap","floor":13},{"not_picked":["Twin Strike","Flame Barrier"],"picked":"Uppercut","floor":14},{"not_picked":["Reaper","Dark Embrace"],"picked":"Juggernaut","floor":16},{"not_picked":["True Grit","Body Slam"],"picked":"Battle Trance+1","floor":18},{"not_picked":["Carnage","Disarm"],"picked":"Fire Breathing+1","floor":19},{"not_picked":["Fire Breathing","Iron Wave"],"picked":"Flame Barrier+1","floor":21},{"not_picked":["Warcry","Entrench"],"picked":"Whirlwind+1","floor":23},{"not_picked":["Entrench","Dark Embrace"],"picked":"Clash","floor":24},{"not_picked":["Ghostly Armor+1","Iron Wave"],"picked":"Clash","floor":27},{"not_picked":["Iron Wave","Feel No Pain"],"picked":"Anger","floor":28},{"not_picked":["Warcry","True Grit"],"picked":"Metallicize+1","floor":31},{"not_picked":["Pummel+1","True Grit"],"picked":"Headbutt","floor":35},{"not_picked":["Battle Trance","Headbutt+1"],"picked":"Shrug It Off","floor":38},{"not_picked":["Jack Of All Trades","Dramatic Entrance"],"picked":"Enlightenment","floor":39},{"not_picked":["Twin Strike+1","Pommel Strike+1"],"picked":"Double Tap","floor":41},{"not_picked":["Anger","Power Through","True Grit+1"],"picked":"SKIP","floor":45},{"not_picked":["Perfected Strike","Burning Pact"],"picked":"Battle Trance+1","floor":46},{"not_picked":["Iron Wave","Carnage"],"picked":"Offering","floor":47},{"not_picked":["Carnage","Anger+1","Warcry+1"],"picked":"SKIP","floor":48}],"player_experience":28647,"relics_obtained":[{"floor":6,"key":"Champion Belt"},{"floor":9,"key":"Pantograph"},{"floor":11,"key":"Bag of Marbles"},{"floor":21,"key":"Red Mask"},{"floor":24,"key":"Vajra"},{"floor":26,"key":"Meat on the Bone"},{"floor":34,"key":"Oddly Smooth Stone"},{"floor":34,"key":"Mercury Hourglass"},{"floor":34,"key":"Nunchaku"},{"floor":38,"key":"StoneCalendar"},{"floor":41,"key":"Strawberry"},{"floor":43,"key":"Red Skull"},{"floor":45,"key":"Pen Nib"}],"event_choices":[{"damage_healed":0,"gold_gain":0,"player_choice":"Success","damage_taken":3,"relics_obtained":["Bronze Scales"],"max_hp_gain":0,"max_hp_loss":0,"event_name":"Scrap Ooze","floor":3,"gold_loss":0},{"damage_healed":0,"gold_gain":75,"player_choice":"Gather Gold","damage_taken":11,"max_hp_gain":0,"max_hp_loss":0,"event_name":"World of Goop","floor":7,"gold_loss":0},{"damage_healed":0,"gold_gain":0,"player_choice":"Obtained Relic","damage_taken":0,"relics_obtained":["Centennial Puzzle"],"max_hp_gain":0,"max_hp_loss":0,"event_name":"Addict","floor":20,"gold_loss":85},{"damage_healed":0,"gold_gain":0,"player_choice":"Fought Bandits","damage_taken":0,"max_hp_gain":0,"max_hp_loss":0,"event_name":"Masked Bandits","floor":21,"gold_loss":0},{"damage_healed":0,"gold_gain":0,"player_choice":"Read","damage_taken":0,"max_hp_gain":0,"max_hp_loss":0,"event_name":"The Library","floor":29,"gold_loss":0,"cards_obtained":["Inflame"]},{"damage_healed":0,"gold_gain":222,"player_choice":"Wore Mask","damage_taken":0,"max_hp_gain":0,"max_hp_loss":0,"event_name":"Tomb of Lord Red Mask","floor":36,"gold_loss":0},{"cards_removed":["Headbutt"],"damage_healed":0,"gold_gain":0,"player_choice":"Removed Attack","damage_taken":0,"max_hp_gain":0,"max_hp_loss":0,"event_name":"Falling","floor":37,"gold_loss":0},{"damage_healed":0,"gold_gain":0,"player_choice":"Fight","damage_taken":0,"max_hp_gain":0,"max_hp_loss":0,"event_name":"MindBloom","floor":38,"gold_loss":0},{"damage_healed":0,"gold_gain":0,"player_choice":"Memory 1","damage_taken":0,"max_hp_gain":0,"max_hp_loss":0,"event_name":"SensoryStone","floor":39,"gold_loss":0}],"is_beta":true,"boss_relics":[{"not_picked":["Empty Cage","Velvet Choker"],"picked":"Fusion Hammer"},{"not_picked":["Lizard Tail","Cursed Key"],"picked":"Calling Bell"}],"items_purged_floors":[22,44],"is_endless":false,"potions_floor_spawned":[1,2,6,13,14,21,24,27,28,31,35,45,47,48],"ascension_level":0}