{"gold_per_floor":[118,170,71,84,84,84,110,123,123,139,156,189,204,204,204,306,306,318,318],"floor_reached":19,"playtime":844,"items_purged":["Strike_B"],"score":298,"play_id":"ba2675b4-e362-4b96-952a-bb6adeb66a9c","local_time":"20190802223547","is_ascension_mode":true,"campfire_choices":[{"data":"Streamline","floor":6,"key":"SMITH"},{"floor":15,"key":"REST"}],"neow_cost":"NONE","seed_source_timestamp":453987227476900,"circlet_count":0,"master_deck":["Strike_B","Strike_B","Strike_B","Defend_B","Defend_B","Defend_B","Defend_B","Zap","Dualcast","Streamline+1","Conserve Battery","Buffer+1","Ball Lightning","White Noise+1","Go for the Eyes","Machine Learning","Biased Cognition","Double Energy+1"],"relics":["White Beast Statue","Matryoshka","Toxic Egg 2","Symbiotic Virus","Vajra","Busted Crown"],"potions_floor_usage":[12,13,16,16,18],"damage_taken":[{"damage":4,"enemies":"Jaw Worm","floor":1,"turns":4},{"damage":0,"enemies":"Small Slimes","floor":4,"turns":3},{"damage":37,"enemies":"Lagavulin","floor":7,"turns":6},{"damage":0,"enemies":"2 Louse","floor":8,"turns":3},{"damage":0,"enemies":"Exordium Wildlife","floor":10,"turns":3},{"damage":5,"enemies":"2 Fungi Beasts","floor":11,"turns":4},{"damage":13,"enemies":"3 Sentries","floor":12,"turns":5},{"damage":0,"enemies":"Red Slaver","floor":13,"turns":3},{"damage":0,"enemies":"Slime Boss","floor":16,"turns":5},{"damage":32,"enemies":"3 Byrds","floor":18,"turns":4},{"damage":45,"enemies":"Masked Bandits","floor":19,"turns":3}],"seed_played":"3826580640252898305","potions_obtained":[{"floor":1,"key":"SpeedPotion"},{"floor":4,"key":"FocusPotion"},{"floor":7,"key":"Ancient Potion"},{"floor":10,"key":"AttackPotion"},{"floor":11,"key":"Energy Potion"},{"floor":12,"key":"Block Potion"},{"floor":13,"key":"Poison Potion"},{"floor":16,"key":"FocusPotion"},{"floor":18,"key":"LiquidBronze"}],"is_trial":false,"path_per_floor":["M","?","$","M","?","R","E","M","T","M","M","E","M","?","R","B",null,"M","?"],"character_chosen":"DEFECT","items_purchased":["Conserve Battery"],"campfire_rested":1,"item_purchase_floors":[3],"current_hp_per_floor":[64,64,64,64,64,64,27,27,27,27,22,9,9,9,31,31,64,32,0],"gold":318,"neow_bonus":"BOSS_RELIC","is_prod":false,"is_daily":false,"chose_seed":false,"campfire_upgraded":1,"win_rate":0,"timestamp":1564803347,"path_taken":["M","?","$","M","?","R","E","M","T","M","M","E","M","?","R","BOSS","M","?"],"build_version":"2019-07-17","purchased_purges":1,"victory":false,"max_hp_per_floor":[75,75,75,75,75,75,75,75,75,75,75,75,75,75,75,75,75,75,75],"card_choices":[{"not_picked":["Gash","Leap"],"picked":"Streamline","floor":1},{"not_picked":["Tempest","Coolheaded","Redo"],"picked":"SKIP","floor":4},{"not_picked":["Steam","Darkness"],"picked":"Buffer","floor":7},{"not_picked":["Lockon","Recycle","Turbo"],"picked":"SKIP","floor":8},{"not_picked":["Hologram+1","Rebound"],"picked":"Ball Lightning","floor":10},{"not_picked":["Melter","Doom and Gloom"],"picked":"White Noise+1","floor":11},{"not_picked":["Storm","Compile Driver"],"picked":"Go for the Eyes","floor":12},{"not_picked":["Beam Cell","Double Energy+1"],"picked":"Machine Learning","floor":13},{"not_picked":["Meteor Strike","Thunder Strike"],"picked":"Biased Cognition","floor":16},{"not_picked":[],"picked":"Double Energy+1","floor":18}],"player_experience":447599,"relics_obtained":[{"floor":7,"key":"Matryoshka"},{"floor":9,"key":"Toxic Egg 2"},{"floor":9,"key":"Symbiotic Virus"},{"floor":12,"key":"Vajra"}],"event_choices":[{"damage_healed":0,"gold_gain":52,"player_choice":"Gained Gold","damage_taken":0,"max_hp_gain":0,"max_hp_loss":0,"event_name":"Golden Wing","floor":2,"gold_loss":0},{"damage_healed":0,"gold_gain":0,"player_choice":"Fled","damage_taken":0,"max_hp_gain":0,"max_hp_loss":0,"event_name":"Scrap Ooze","floor":5,"gold_loss":0},{"damage_healed":0,"gold_gain":0,"player_choice":"Grow","damage_taken":0,"max_hp_gain":0,"max_hp_loss":0,"event_name":"Living Wall","floor":14,"gold_loss":0,"cards_upgraded":["Buffer"]},{"damage_healed":0,"gold_gain":0,"player_choice":"Fought Bandits","damage_taken":0,"max_hp_gain":0,"max_hp_loss":0,"event_name":"Masked Bandits","floor":19,"gold_loss":0}],"is_beta":false,"boss_relics":[{"not_picked":["Runic Pyramid","Runic Dome"],"picked":"Busted Crown"}],"items_purged_floors":[3],"is_endless":false,"potions_floor_spawned":[1,4,7,8,10,11,12,13,16,18],"killed_by":"Masked Bandits","ascension_level":6}