{"gold_per_floor":[111,123,123,138,4,37,49,89,172,196,48,48],"floor_reached":12,"playtime":1132,"items_purged":["Strike_R"],"score":156,"play_id":"347110b2-f9ed-4db0-8573-8e2634e47f25","local_time":"20190806213200","is_ascension_mode":true,"campfire_choices":[{"floor":7,"key":"REST"}],"neow_cost":"NONE","seed_source_timestamp":415381205721600,"circlet_count":0,"master_deck":["AscendersBane","Strike_R+1","Strike_R","Strike_R","Defend_R","Defend_R","Defend_R","Defend_R+1","Bash","Hemokinesis","Pummel","Uppercut","Armaments","Cleave","Shrug It Off","Spot Weakness"],"relics":["Burning Blood","MawBank","Odd Mushroom","Paper Frog"],"potions_floor_usage":[12],"damage_taken":[{"damage":6,"enemies":"Jaw Worm","floor":1,"turns":5},{"damage":10,"enemies":"Small Slimes","floor":2,"turns":4},{"damage":4,"enemies":"Cultist","floor":4,"turns":3},{"damage":41,"enemies":"Lagavulin","floor":6,"turns":5},{"damage":16,"enemies":"The Mushroom Lair","floor":8,"turns":4},{"damage":7,"enemies":"Gremlin Gang","floor":10,"turns":4},{"damage":35,"enemies":"3 Sentries","floor":12,"turns":6}],"seed_played":"-5495972004687417081","potions_obtained":[{"floor":1,"key":"FairyPotion"},{"floor":2,"key":"GamblersBrew"},{"floor":8,"key":"SteroidPotion"}],"is_trial":false,"path_per_floor":["M","M","?","M","$","E","R","?","T","M","$","E"],"character_chosen":"IRONCLAD","items_purchased":["Uppercut","Armaments","Spot Weakness"],"campfire_rested":1,"item_purchase_floors":[5,5,11],"current_hp_per_floor":[68,64,41,43,43,8,30,20,20,19,19,0],"gold":48,"neow_bonus":"REMOVE_CARD","is_prod":false,"is_daily":false,"chose_seed":false,"campfire_upgraded":0,"win_rate":0,"timestamp":1565152320,"path_taken":["M","M","?","M","$","E","R","?","T","M","?","E"],"build_version":"2019-07-17","purchased_purges":1,"victory":false,"max_hp_per_floor":[75,75,75,75,75,75,75,75,75,75,75,75],"card_choices":[{"not_picked":["Power Through","Body Slam"],"picked":"Hemokinesis","floor":1},{"not_picked":["Intimidate","Perfected Strike","Flex"],"picked":"SKIP","floor":2},{"not_picked":["Perfected Strike","Blood for Blood"],"picked":"Pummel","floor":4},{"not_picked":["Pommel Strike","Clash"],"picked":"Cleave","floor":6},{"not_picked":["Barricade","Second Wind"],"picked":"Shrug It Off","floor":8},{"not_picked":["Headbutt","Clothesline","Second Wind"],"picked":"SKIP","floor":10}],"player_experience":1302174,"relics_obtained":[{"floor":6,"key":"MawBank"},{"floor":8,"key":"Odd Mushroom"},{"floor":9,"key":"Paper Frog"}],"event_choices":[{"damage_healed":0,"gold_gain":0,"player_choice":"Entered Light","damage_taken":23,"max_hp_gain":0,"max_hp_loss":0,"event_name":"Shining Light","floor":3,"gold_loss":0,"cards_upgraded":["Strike_R","Defend_R"]},{"damage_healed":0,"gold_gain":0,"player_choice":"Fought Mushrooms","damage_taken":0,"max_hp_gain":0,"max_hp_loss":0,"event_name":"Mushrooms","floor":8,"gold_loss":0}],"is_beta":false,"boss_relics":[],"items_purged_floors":[11],"is_endless":false,"potions_floor_spawned":[1,2,8],"killed_by":"3 Sentries","ascension_level":20}