{"gold_per_floor":[112,127,137,137,137,137,137,137,137,180,200,233,233,18,18,113,113,134,147,170,184,184],"floor_reached":22,"playtime":553,"items_purged":["Regret"],"score":392,"play_id":"5405ce84-0d9c-4a42-9a92-e6fb5fe851e7","local_time":"20190706141100","is_ascension_mode":true,"campfire_choices":[{"data":"Sweeping Beam","floor":6,"key":"SMITH"},{"data":"Go for the Eyes","floor":8,"key":"SMITH"},{"data":"Multi-Cast","floor":13,"key":"SMITH"},{"data":"Dualcast","floor":15,"key":"SMITH"}],"neow_cost":"NONE","seed_source_timestamp":912330001589,"circlet_count":0,"master_deck":["AscendersBane","Strike_B","Strike_B","Strike_B","Strike_B","Defend_B","Defend_B","Defend_B","Defend_B","Zap","Dualcast+1","Cold Snap","Sweeping Beam+1","Go for the Eyes+1","Multi-Cast+1","Doom and Gloom","Genetic Algorithm","Core Surge","Conserve Battery+1","BootSequence","Hologram","Electrodynamics"],"relics":["Cracked Core","Golden Idol","Darkstone Periapt","Smiling Mask","Anchor","Cables","Gremlin Horn","Bronze Scales","Sozu"],"potions_floor_usage":[16],"damage_taken":[{"damage":4,"enemies":"Small Slimes","floor":1,"turns":4},{"damage":2,"enemies":"Jaw Worm","floor":2,"turns":4},{"damage":2,"enemies":"2 Louse","floor":3,"turns":3},{"damage":27,"enemies":"Lagavulin","floor":10,"turns":9},{"damage":1,"enemies":"Red Slaver","floor":11,"turns":3},{"damage":6,"enemies":"Gremlin Nob","floor":12,"turns":3},{"damage":29,"enemies":"Slime Boss","floor":16,"turns":5},{"damage":9,"enemies":"Chosen","floor":18,"turns":3},{"damage":6,"enemies":"3 Byrds","floor":19,"turns":2},{"damage":25,"enemies":"Snake Plant","floor":20,"turns":4},{"damage":0,"enemies":"Sentry and Sphere","floor":21,"turns":2},{"damage":23,"enemies":"Masked Bandits","floor":22,"turns":3}],"seed_played":"6941410026233586863","potions_obtained":[{"floor":10,"key":"Swift Potion"},{"floor":11,"key":"LiquidBronze"},{"floor":16,"key":"Dexterity Potion"}],"is_trial":false,"path_per_floor":["M","M","M","?","T","R","?","R","T","E","M","E","R","$","R","B",null,"M","M","M","M","?"],"character_chosen":"DEFECT","items_purchased":["Bronze Scales"],"campfire_rested":0,"item_purchase_floors":[14],"current_hp_per_floor":[67,65,63,63,63,63,69,69,69,42,41,35,35,35,35,6,59,50,44,19,19,0],"gold":184,"neow_bonus":"TEN_PERCENT_HP_BONUS","is_prod":false,"is_daily":false,"chose_seed":false,"campfire_upgraded":4,"win_rate":0,"timestamp":1562415060,"path_taken":["M","M","M","?","?","R","?","R","T","E","M","E","R","$","R","BOSS","M","M","M","M","?"],"build_version":"2019-07-03","purchased_purges":1,"victory":false,"max_hp_per_floor":[78,78,78,71,71,71,77,77,77,77,77,77,77,77,77,77,77,77,77,77,77,77],"card_choices":[{"not_picked":["Beam Cell","Rebound"],"picked":"Cold Snap","floor":1},{"not_picked":["Leap","Rainbow"],"picked":"Sweeping Beam","floor":2},{"not_picked":["Steam","Coolheaded"],"picked":"Go for the Eyes","floor":3},{"not_picked":["Hologram","Double Energy"],"picked":"Multi-Cast","floor":10},{"not_picked":["Beam Cell","Stack"],"picked":"Doom and Gloom","floor":11},{"not_picked":["Lockon","Leap"],"picked":"Genetic Algorithm","floor":12},{"not_picked":["Machine Learning","Seek"],"picked":"Core Surge","floor":16},{"not_picked":["Sweeping Beam","Capacitor"],"picked":"Conserve Battery+1","floor":18},{"not_picked":["Ball Lightning","Beam Cell+1"],"picked":"BootSequence","floor":19},{"not_picked":["Coolheaded","Reprogram"],"picked":"Hologram","floor":20},{"not_picked":["Reprogram","Steam"],"picked":"Electrodynamics","floor":21}],"player_experience":1815210,"relics_obtained":[{"floor":5,"key":"Darkstone Periapt"},{"floor":9,"key":"Anchor"},{"floor":10,"key":"Cables"},{"floor":12,"key":"Gremlin Horn"}],"event_choices":[{"damage_healed":0,"gold_gain":0,"player_choice":"Lose Max HP","damage_taken":0,"relics_obtained":["Golden Idol"],"max_hp_gain":0,"max_hp_loss":7,"event_name":"Golden Idol","floor":4,"gold_loss":0},{"damage_healed":0,"gold_gain":0,"player_choice":"Box","damage_taken":0,"relics_obtained":["Smiling Mask"],"max_hp_gain":0,"max_hp_loss":0,"event_name":"Big Fish","floor":7,"gold_loss":0,"cards_obtained":["Regret"]},{"damage_healed":0,"gold_gain":0,"player_choice":"Fought Bandits","damage_taken":0,"max_hp_gain":0,"max_hp_loss":0,"event_name":"Masked Bandits","floor":22,"gold_loss":0}],"is_beta":true,"boss_relics":[{"not_picked":["Empty Cage","Lizard Tail"],"picked":"Sozu"}],"items_purged_floors":[14],"is_endless":false,"potions_floor_spawned":[10,11,16,20,21],"killed_by":"Masked Bandits","ascension_level":20}