{"gold_per_floor":[116,136,136,136,136,171,171,197,220,233,252,427,20,40,40,141,141,151,169,187,187,200,200,228,228,228,228,257,267,267,293,293,398,398,415,415,168,187,205,205,205,224,224,224,24,246,266,292,292,292,292,292,16,42,42],"floor_reached":55,"playtime":3555,"items_purged":["Doubt","Writhe","Defend_B","Parasite"],"score":980,"play_id":"66b2c25e-3ea4-4eeb-96f4-1e766a689f28","local_time":"20190701185531","is_ascension_mode":true,"campfire_choices":[{"data":"Defragment","floor":7.0,"key":"SMITH"},{"data":"Dualcast","floor":15.0,"key":"SMITH"},{"floor":23.0,"key":"REST"},{"data":"Defragment","floor":25.0,"key":"SMITH"},{"floor":27.0,"key":"RECALL"},{"data":"Go for the Eyes","floor":32.0,"key":"SMITH"},{"floor":40.0,"key":"REST"},{"floor":44.0,"key":"REST"},{"data":"Good Instincts","floor":49.0,"key":"SMITH"},{"data":"Secret Technique","floor":52.0,"key":"SMITH"}],"neow_cost":"NONE","seed_source_timestamp":0,"circlet_count":0,"master_deck":["Defend_B","Defend_B","Defend_B","Zap+1","Dualcast+1","Defragment+1","Beam Cell+1","Doom and Gloom","Cold Snap","Rebound","Ball Lightning","Gash","Melter","Electrodynamics","Hologram+1","Auto Shields+1","Defragment+1","Conserve Battery","Machine Learning","Go for the Eyes+1","Bite","Bite","Bite","Bite","Bite","Echo Form","Consume+1","PanicButton","Cold Snap+1","Secret Technique+1","Dark Shackles","Good Instincts+1","Ball Lightning+1"],"special_seed":0,"relics":["Cracked Core","NeowsBlessing","PreservedInsect","Darkstone Periapt","Pantograph","Torii","Cursed Key","Potion Belt","Red Mask","Art of War","Inserter","Meat on the Bone","Pocketwatch"],"potions_floor_usage":[54,54,54],"damage_taken":[{"damage":0.0,"enemies":"Jaw Worm","floor":1.0,"turns":1.0},{"damage":8.0,"enemies":"2 Louse","floor":2.0,"turns":2.0},{"damage":0.0,"enemies":"Lagavulin","floor":6.0,"turns":1.0},{"damage":15.0,"enemies":"3 Sentries","floor":8.0,"turns":4.0},{"damage":0.0,"enemies":"Cultist","floor":10.0,"turns":2.0},{"damage":4.0,"enemies":"Looter","floor":11.0,"turns":2.0},{"damage":3.0,"enemies":"Exordium Wildlife","floor":14.0,"turns":4.0},{"damage":0.0,"enemies":"Slime Boss","floor":16.0,"turns":6.0},{"damage":28.0,"enemies":"2 Thieves","floor":18.0,"turns":3.0},{"damage":7.0,"enemies":"Chosen","floor":19.0,"turns":3.0},{"damage":9.0,"enemies":"Snecko","floor":20.0,"turns":4.0},{"damage":29.0,"enemies":"Shelled Parasite and Fungi","floor":22.0,"turns":5.0},{"damage":0.0,"enemies":"Gremlin Leader","floor":24.0,"turns":6.0},{"damage":7.0,"enemies":"Masked Bandits","floor":28.0,"turns":4.0},{"damage":3.0,"enemies":"Centurion and Healer","floor":29.0,"turns":5.0},{"damage":61.0,"enemies":"Automaton","floor":33.0,"turns":8.0},{"damage":2.0,"enemies":"Orb Walker","floor":35.0,"turns":4.0},{"damage":41.0,"enemies":"3 Darklings","floor":38.0,"turns":3.0},{"damage":1.0,"enemies":"Sphere and 2 Shapes","floor":39.0,"turns":4.0},{"damage":21.0,"enemies":"Jaw Worm Horde","floor":42.0,"turns":4.0},{"damage":20.0,"enemies":"Writhing Mass","floor":47.0,"turns":6.0},{"damage":2.0,"enemies":"Giant Head","floor":48.0,"turns":6.0},{"damage":63.0,"enemies":"Awakened One","floor":50.0,"turns":14.0},{"damage":48,"enemies":"Shield and Spear","floor":54,"turns":9},{"damage":80,"enemies":"The Heart","floor":55,"turns":3}],"seed_played":"-8634373991148393055","potions_obtained":[{"floor":1.0,"key":"PowerPotion"},{"floor":2.0,"key":"Dexterity Potion"},{"floor":11.0,"key":"Dexterity Potion"},{"floor":19.0,"key":"SpeedPotion"},{"floor":29.0,"key":"Weak Potion"},{"floor":33.0,"key":"FocusPotion"},{"floor":35.0,"key":"Dexterity Potion"},{"floor":39.0,"key":"EssenceOfSteel"},{"floor":47.0,"key":"Energy Potion"}],"is_trial":false,"path_per_floor":["M","M","?","?","?","E","R","E","T","M","M","?","$","M","R","B",null,"M","M","M","?","M","R","E","R","T","R","?","M","?","T","R","B",null,"M","?","$","M","M","R","?","M","T","R","$","?","M","E","R","B",null,"R","$","E","B"],"character_chosen":"DEFECT","items_purchased":["Torii","Gash","PanicButton","Fire Potion","Regen Potion","GamblersBrew","FearPotion"],"campfire_rested":3,"item_purchase_floors":[13,13,37,37,45,53,53],"current_hp_per_floor":[75,67,72,56,56,56,56,41,41,41,37,43,43,40,40,65,86,58,51,42,42,13,38,38,38,38,38,31,28,28,34,34,14,66,65,65,65,30,31,50,40,25,25,44,44,44,40,51,51,45,72,72,69,37,0],"gold":42,"neow_bonus":"THREE_ENEMY_KILL","is_prod":false,"is_daily":false,"chose_seed":false,"campfire_upgraded":6,"win_rate":0,"timestamp":1561974931,"path_taken":["M","M","?","?","?","E","R","E","T","M","?","?","$","M","R","BOSS","M","M","M","?","?","R","E","R","T","R","?","M","?","?","R","BOSS","M","?","$","M","M","R","?","M","T","R","?","?","M","E","R","BOSS","R","$","E","BOSS"],"build_version":"2019-01-23","purchased_purges":4,"victory":false,"max_hp_per_floor":[75,75,80,80,80,80,80,80,80,80,80,86,86,86,86,86,86,86,86,86,86,86,86,86,86,86,86,86,86,60,66,66,66,66,66,66,66,66,66,66,66,66,66,66,66,66,72,72,72,72,72,72,69,69,69],"card_choices":[{"not_picked":["Rebound","Melter"],"picked":"Defragment","floor":1.0},{"not_picked":["Steam","Force Field"],"picked":"Beam Cell","floor":2.0},{"not_picked":["Barrage","Turbo"],"picked":"Doom and Gloom","floor":6.0},{"not_picked":["White Noise","Reboot"],"picked":"Cold Snap","floor":8.0},{"not_picked":["Compile Driver","Doom and Gloom"],"picked":"Rebound","floor":10.0},{"not_picked":["Conserve Battery","Undo"],"picked":"Ball Lightning","floor":11.0},{"not_picked":["BootSequence","Sunder"],"picked":"Melter","floor":14.0},{"not_picked":["Meteor Strike","All For One"],"picked":"Electrodynamics","floor":16.0},{"not_picked":["Rip and Tear","Redo"],"picked":"Hologram","floor":18.0},{"not_picked":["Barrage","Scrape","Hologram"],"picked":"SKIP","floor":19.0},{"not_picked":["Steam Power","Conserve Battery"],"picked":"Auto Shields+1","floor":20.0},{"not_picked":["Conserve Battery","Rebound+1"],"picked":"Defragment","floor":22.0},{"not_picked":["Stack","Redo"],"picked":"Conserve Battery","floor":24.0},{"not_picked":["Tempest+1","Heatsinks"],"picked":"Machine Learning","floor":28.0},{"not_picked":["Cold Snap","Chaos+1"],"picked":"Go for the Eyes","floor":29.0},{"not_picked":["Thunder Strike","Multi-Cast"],"picked":"Echo Form","floor":33.0},{"not_picked":["Ball Lightning+1","Redo"],"picked":"Consume+1","floor":35.0},{"not_picked":["Cold Snap","Streamline","Compile Driver+1"],"picked":"SKIP","floor":38.0},{"not_picked":["Heatsinks","Coolheaded+1"],"picked":"Cold Snap+1","floor":39.0},{"not_picked":["Mind Blast","Swift Strike"],"picked":"Secret Technique","floor":41.0},{"not_picked":["Forethought","Chrysalis"],"picked":"Dark Shackles","floor":41.0},{"not_picked":["The Bomb","Mind Blast"],"picked":"Good Instincts","floor":41.0},{"not_picked":["Streamline+1","Recycle","Ball Lightning"],"picked":"SKIP","floor":42.0},{"not_picked":["Gash+1","Lockon"],"picked":"Ball Lightning+1","floor":47.0},{"not_picked":["Skim","Go for the Eyes","Hologram"],"picked":"SKIP","floor":48.0},{"not_picked":["Skim","Go for the Eyes","Hologram"],"picked":"SKIP","floor":48.0},{"not_picked":["Sweeping Beam+1","Undo","Multi-Cast"],"picked":"SKIP","floor":54}],"player_experience":105632,"relics_obtained":[{"floor":6.0,"key":"Darkstone Periapt"},{"floor":8.0,"key":"Pantograph"},{"floor":24.0,"key":"Potion Belt"},{"floor":28.0,"key":"Red Mask"},{"floor":31.0,"key":"Art of War"},{"floor":48.0,"key":"Meat on the Bone"},{"floor":54,"key":"Pocketwatch"}],"event_choices":[{"damage_healed":0.0,"max_hp_gain":5.0,"max_hp_loss":0.0,"gold_gain":0.0,"event_name":"Big Fish","player_choice":"Donut","floor":3.0,"gold_loss":0.0,"damage_taken":0.0},{"damage_healed":0.0,"max_hp_gain":0.0,"max_hp_loss":0.0,"gold_gain":0.0,"event_name":"Shining Light","player_choice":"Entered Light","floor":4.0,"gold_loss":0.0,"damage_taken":16.0,"cards_upgraded":["Zap","Beam Cell"]},{"damage_healed":0.0,"max_hp_gain":0.0,"max_hp_loss":0.0,"gold_gain":0.0,"event_name":"WeMeetAgain","player_choice":"Gave Potion","floor":5.0,"gold_loss":0.0,"damage_taken":0.0,"relics_obtained":["PreservedInsect"]},{"damage_healed":0.0,"max_hp_gain":0.0,"max_hp_loss":0.0,"gold_gain":175.0,"event_name":"Liars Game","player_choice":"AGREE","floor":12.0,"gold_loss":0.0,"damage_taken":0.0,"cards_obtained":["Doubt"]},{"damage_healed":0.0,"max_hp_gain":0.0,"max_hp_loss":0.0,"gold_gain":0.0,"event_name":"Accursed Blacksmith","player_choice":"Forge","floor":21.0,"gold_loss":0.0,"damage_taken":0.0,"cards_upgraded":["Hologram"]},{"damage_healed":0.0,"max_hp_gain":0.0,"max_hp_loss":0.0,"gold_gain":0.0,"event_name":"Masked Bandits","player_choice":"Fought Bandits","floor":28.0,"gold_loss":0.0,"damage_taken":0.0},{"damage_healed":0.0,"max_hp_gain":0.0,"max_hp_loss":26.0,"gold_gain":0.0,"event_name":"Vampires","player_choice":"Became a vampire","floor":30.0,"gold_loss":0.0,"damage_taken":0.0,"cards_obtained":["Bite","Bite","Bite","Bite","Bite"]},{"damage_healed":0.0,"max_hp_gain":0.0,"max_hp_loss":0.0,"gold_gain":0.0,"event_name":"Mysterious Sphere","player_choice":"Ignored","floor":36.0,"gold_loss":0.0,"damage_taken":0.0},{"damage_healed":0.0,"max_hp_gain":0.0,"max_hp_loss":0.0,"gold_gain":0.0,"event_name":"SensoryStone","player_choice":"Memory 3","floor":41.0,"gold_loss":0.0,"damage_taken":10.0},{"damage_healed":0.0,"max_hp_gain":0.0,"max_hp_loss":0.0,"gold_gain":222.0,"event_name":"Tomb of Lord Red Mask","player_choice":"Wore Mask","floor":46.0,"gold_loss":0.0,"damage_taken":0.0}],"is_beta":false,"boss_relics":[{"not_picked":["Orrery","Ectoplasm"],"picked":"Cursed Key"},{"not_picked":["Sozu","Black Star"],"picked":"Inserter"}],"items_purged_floors":[13,37,45,53],"is_endless":false,"potions_floor_spawned":[1,2,11,19,20,29,33,35,39,47],"killed_by":"The Heart","ascension_level":4}