{"gold_per_floor":[110,110,12,12,87,87,120,140,140,46,221,221,254,268,268,268],"floor_reached":16,"playtime":430,"items_purged":[],"score":177,"play_id":"b8e24893-0838-4270-bc16-b306f61b8027","local_time":"20190702024210","is_ascension_mode":true,"campfire_choices":[{"data":"Defragment","floor":6,"key":"SMITH"},{"data":"Go for the Eyes","floor":12,"key":"SMITH"},{"data":"Dualcast","floor":15,"key":"SMITH"}],"neow_cost":"NONE","seed_source_timestamp":28259903113569,"circlet_count":0,"master_deck":["Strike_B","Strike_B","Strike_B+1","Strike_B","Defend_B","Defend_B","Defend_B","Defend_B","Zap","Dualcast+1","BootSequence","Defragment+1","Conserve Battery+1","Conserve Battery","Go for the Eyes+1","Good Instincts","Doubt","Coolheaded"],"relics":["Cracked Core","NeowsBlessing","Centennial Puzzle","Mummified Hand","Bag of Preparation"],"potions_floor_usage":[16],"damage_taken":[{"damage":0,"enemies":"Small Slimes","floor":1,"turns":1},{"damage":0,"enemies":"Gremlin Nob","floor":7,"turns":1},{"damage":0,"enemies":"Cultist","floor":8,"turns":1},{"damage":23,"enemies":"3 Sentries","floor":13,"turns":12},{"damage":0,"enemies":"2 Louse","floor":14,"turns":2},{"damage":21,"enemies":"Slime Boss","floor":16,"turns":6}],"seed_played":"7842658848756346180","potions_obtained":[{"floor":7,"key":"FearPotion"},{"floor":13,"key":"Weak Potion"}],"is_trial":false,"path_per_floor":["M","?","$","?","?","R","E","M","T","$","?","R","E","M","R","B"],"character_chosen":"DEFECT","items_purchased":["Defragment","Conserve Battery","Good Instincts"],"campfire_rested":0,"item_purchase_floors":[3,3,10],"current_hp_per_floor":[68,68,68,53,42,42,42,42,42,42,42,42,19,19,19,0],"gold":268,"neow_bonus":"THREE_ENEMY_KILL","is_prod":false,"is_daily":false,"chose_seed":false,"campfire_upgraded":3,"win_rate":0,"timestamp":1562002930,"path_taken":["M","?","?","?","?","R","E","?","T","$","?","R","E","M","R","BOSS"],"build_version":"2019-01-23","purchased_purges":0,"victory":false,"max_hp_per_floor":[75,75,75,75,75,75,75,75,75,75,75,75,75,75,75,75],"card_choices":[{"not_picked":["Stack","Compile Driver"],"picked":"BootSequence","floor":1},{"not_picked":["Static Discharge","Go for the Eyes"],"picked":"Conserve Battery","floor":7},{"not_picked":["Barrage","Heatsinks"],"picked":"Go for the Eyes","floor":8},{"not_picked":["Thunder Strike","All For One"],"picked":"Coolheaded","floor":13},{"not_picked":["Tempest","Rebound","Beam Cell"],"picked":"SKIP","floor":14}],"player_experience":134146,"relics_obtained":[{"floor":7,"key":"Centennial Puzzle"},{"floor":9,"key":"Mummified Hand"},{"floor":13,"key":"Bag of Preparation"}],"event_choices":[{"damage_healed":0,"gold_gain":0,"player_choice":"0 cards matched","damage_taken":0,"max_hp_gain":0,"max_hp_loss":0,"event_name":"Match and Keep!","floor":2,"gold_loss":0,"cards_obtained":[]},{"damage_healed":0,"gold_gain":0,"player_choice":"Entered Light","damage_taken":15,"max_hp_gain":0,"max_hp_loss":0,"event_name":"Shining Light","floor":4,"gold_loss":0,"cards_upgraded":["Conserve Battery","Strike_B"]},{"damage_healed":0,"gold_gain":75,"player_choice":"Gather Gold","damage_taken":11,"max_hp_gain":0,"max_hp_loss":0,"event_name":"World of Goop","floor":5,"gold_loss":0},{"damage_healed":0,"gold_gain":175,"player_choice":"AGREE","damage_taken":0,"max_hp_gain":0,"max_hp_loss":0,"event_name":"Liars Game","floor":11,"gold_loss":0,"cards_obtained":["Doubt"]}],"is_beta":false,"boss_relics":[],"items_purged_floors":[],"is_endless":false,"potions_floor_spawned":[7,13],"killed_by":"Slime Boss","ascension_level":7}