{"gold_per_floor":[218,233,253,253,44,44,71,71,98,98,98,116,151,183,195,284,296,328,340,362,7,7,7,27,90,90,90,109,2,52,52],"floor_reached":31,"playtime":866,"items_purged":["Regret","Pain"],"score":490,"play_id":"ef143a00-35e9-4c05-a8a0-6df45e6ef4ca","local_time":"20190622145641","is_ascension_mode":true,"campfire_choices":[{"data":"Zap","floor":6.0,"key":"SMITH"},{"data":"Hologram","floor":8.0,"key":"SMITH"},{"data":"Sweeping Beam","floor":10.0,"key":"SMITH"},{"floor":15.0,"key":"REST"},{"floor":23,"key":"REST"},{"floor":27,"key":"REST"}],"neow_cost":"NONE","seed_source_timestamp":4006886846209,"circlet_count":0,"master_deck":["AscendersBane","Strike_B","Defend_B","Defend_B","Defend_B","Defend_B","Zap+1","Dualcast","Sweeping Beam+1","Ball Lightning","Hologram+1","Auto Shields","Chaos","Coolheaded","Creative AI","Force Field+1","Melter+1","Melter+1","Conserve Battery","Necronomicurse","Cold Snap+1","Cold Snap"],"special_seed":0,"relics":["Cracked Core","PreservedInsect","Regal Pillow","DataDisk","WarpedTongs","MawBank","Astrolabe","Necronomicon","Runic Capacitor","SsserpentHead","Ice Cream","Art of War"],"potions_floor_usage":[20,31],"damage_taken":[{"damage":4.0,"enemies":"Small Slimes","floor":1.0,"turns":3.0},{"damage":7.0,"enemies":"Jaw Worm","floor":2.0,"turns":3.0},{"damage":1.0,"enemies":"Cultist","floor":3.0,"turns":3.0},{"damage":13.0,"enemies":"Lagavulin","floor":7.0,"turns":5.0},{"damage":5.0,"enemies":"3 Louse","floor":12.0,"turns":3.0},{"damage":14.0,"enemies":"3 Sentries","floor":13.0,"turns":3.0},{"damage":2.0,"enemies":"Red Slaver","floor":14.0,"turns":4.0},{"damage":33.0,"enemies":"Slime Boss","floor":16.0,"turns":9.0},{"damage":21.0,"enemies":"Shell Parasite","floor":18.0,"turns":6.0},{"damage":6,"enemies":"Spheric Guardian","floor":20,"turns":3},{"damage":12,"enemies":"Centurion and Healer","floor":24,"turns":7},{"damage":6,"enemies":"Sentry and Sphere","floor":25,"turns":4},{"damage":19,"enemies":"Snake Plant","floor":28,"turns":5},{"damage":66,"enemies":"Gremlin Leader","floor":31,"turns":8}],"seed_played":"-71915525271602334","potions_obtained":[{"floor":14.0,"key":"AttackPotion"},{"floor":16.0,"key":"Energy Potion"},{"floor":18.0,"key":"Weak Potion"},{"floor":20,"key":"Ancient Potion"}],"is_trial":false,"path_per_floor":["M","M","M","?","$","R","E","R","T","R","?","M","E","M","R","B",null,"M","?","M","$","?","R","M","M","T","R","M","$","?","E"],"character_chosen":"DEFECT","items_purchased":["Dexterity Potion","Ball Lightning","Hologram","Runic Capacitor","Cold Snap","Art of War"],"campfire_rested":3,"item_purchase_floors":[5,5,5,21,21,29],"current_hp_per_floor":[60,53,52,52,52,52,39,39,39,39,39,34,20,18,54,21,59,38,17,11,11,11,47,35,29,29,65,46,46,46,0],"gold":52,"neow_bonus":"HUNDRED_GOLD","is_prod":false,"is_daily":false,"chose_seed":false,"campfire_upgraded":3,"win_rate":0,"timestamp":1561208201,"path_taken":["M","M","M","?","$","R","E","R","T","R","?","M","E","M","R","BOSS","M","?","M","$","?","R","M","?","T","R","M","?","?","E"],"build_version":"2019-06-21","purchased_purges":2,"victory":false,"max_hp_per_floor":[71,71,71,71,71,71,71,71,71,71,71,71,71,71,71,71,71,71,71,71,71,71,71,71,71,71,71,71,71,71,71],"card_choices":[{"not_picked":["Stack","Go for the Eyes","Force Field"],"picked":"SKIP","floor":1.0},{"not_picked":["Rip and Tear","Reinforced Body"],"picked":"Sweeping Beam","floor":2.0},{"not_picked":["Storm","Turbo","Loop"],"picked":"SKIP","floor":3.0},{"not_picked":["Chill","Turbo"],"picked":"Auto Shields","floor":7.0},{"not_picked":["Rip and Tear","Barrage"],"picked":"Chaos","floor":12.0},{"not_picked":["Barrage","Compile Driver"],"picked":"Coolheaded","floor":13.0},{"not_picked":["Steam","Hello World","Aggregate"],"picked":"SKIP","floor":14.0},{"not_picked":["Thunder Strike","Core Surge"],"picked":"Creative AI","floor":16.0},{"not_picked":["Coolheaded","Compile Driver"],"picked":"Conserve Battery","floor":18.0},{"not_picked":["Blizzard","Go for the Eyes"],"picked":"Cold Snap+1","floor":20},{"not_picked":["Beam Cell","Turbo","Aggregate"],"picked":"SKIP","floor":24},{"not_picked":["Stack","Cold Snap","Go for the Eyes"],"picked":"SKIP","floor":25},{"not_picked":["Go for the Eyes","Lockon","Rebound+1"],"picked":"SKIP","floor":28}],"player_experience":1757026,"relics_obtained":[{"floor":7.0,"key":"Regal Pillow"},{"floor":9.0,"key":"DataDisk"},{"floor":13.0,"key":"MawBank"},{"floor":19,"key":"Necronomicon"},{"floor":26,"key":"Ice Cream"}],"event_choices":[{"damage_healed":0.0,"max_hp_gain":0.0,"max_hp_loss":0.0,"gold_gain":0.0,"event_name":"Big Fish","player_choice":"Box","floor":4.0,"gold_loss":0.0,"damage_taken":0.0,"relics_obtained":["PreservedInsect"],"cards_obtained":["Regret"]},{"damage_healed":0.0,"max_hp_gain":0.0,"max_hp_loss":0.0,"gold_gain":0.0,"event_name":"Accursed Blacksmith","player_choice":"Rummage","floor":11.0,"gold_loss":0.0,"damage_taken":0.0,"relics_obtained":["WarpedTongs"],"cards_obtained":["Pain"]},{"damage_healed":0,"gold_gain":0,"player_choice":"Obtained Book","damage_taken":21,"max_hp_gain":0,"max_hp_loss":0,"event_name":"Cursed Tome","floor":19,"gold_loss":0},{"damage_healed":0,"gold_gain":0,"player_choice":"Trade","damage_taken":0,"relics_obtained":["SsserpentHead"],"max_hp_gain":0,"max_hp_loss":0,"event_name":"FaceTrader","floor":22,"gold_loss":0},{"damage_healed":0,"gold_gain":0,"player_choice":"Ignored","damage_taken":0,"max_hp_gain":0,"max_hp_loss":0,"event_name":"Vampires","floor":30,"gold_loss":0}],"is_beta":true,"boss_relics":[{"not_picked":["Cursed Key","Coffee Dripper"],"picked":"Astrolabe"}],"items_purged_floors":[5,21],"is_endless":false,"potions_floor_spawned":[14,16,18,20,24],"killed_by":"Gremlin Leader","ascension_level":20}