{"gold_per_floor":[365,377,26,39,39,66,66,100,136,159,190,202],"floor_reached":12,"playtime":822,"items_purged":["Normality"],"score":180,"play_id":"da0b9f66-323a-4744-a357-5128c8ea2424","local_time":"20190801221508","is_ascension_mode":true,"campfire_choices":[{"data":"Immolate","floor":7.0,"key":"SMITH"}],"neow_cost":"CURSE","seed_source_timestamp":0,"circlet_count":0,"master_deck":["AscendersBane","Strike_R","Strike_R","Strike_R","Strike_R","Strike_R","Defend_R","Defend_R","Defend_R","Defend_R","Bash","Battle Trance","Sword Boomerang","Perfected Strike","Seeing Red","Shrug It Off","Dark Shackles","Armaments","Immolate+1","Perfected Strike","Disarm","Power Through"],"special_seed":0,"relics":["Burning Blood","Bag of Preparation","MawBank","Strawberry"],"potions_floor_usage":[12],"damage_taken":[{"damage":1.0,"enemies":"Small Slimes","floor":1.0,"turns":4.0},{"damage":12.0,"enemies":"Jaw Worm","floor":2.0,"turns":5.0},{"damage":0.0,"enemies":"Cultist","floor":4.0,"turns":3.0},{"damage":43.0,"enemies":"Lagavulin","floor":6.0,"turns":8.0},{"damage":30,"enemies":"Gremlin Nob","floor":8,"turns":4},{"damage":8,"enemies":"Blue Slaver","floor":10,"turns":3},{"damage":13,"enemies":"Exordium Thugs","floor":11,"turns":2},{"damage":12,"enemies":"3 Sentries","floor":12,"turns":4}],"seed_played":"-1639524986829814659","potions_obtained":[{"floor":6.0,"key":"Weak Potion"},{"floor":11,"key":"Energy Potion"}],"is_trial":false,"path_per_floor":["M","M","$","M","?","E","R","E","T","M","M","E"],"character_chosen":"IRONCLAD","items_purchased":["Perfected Strike","Seeing Red","Shrug It Off","Dark Shackles"],"campfire_rested":0,"item_purchase_floors":[3,3,3,3],"current_hp_per_floor":[73,67,67,73,73,36,36,12,19,17,10,0],"gold":202,"neow_bonus":"TWO_FIFTY_GOLD","is_prod":false,"is_daily":false,"chose_seed":false,"campfire_upgraded":1,"win_rate":0,"timestamp":1564722908,"path_taken":["M","M","$","M","?","E","R","E","T","M","M","E"],"build_version":"2019-07-17","purchased_purges":1,"victory":false,"max_hp_per_floor":[75,75,75,75,75,75,75,75,82,82,82,82],"card_choices":[{"not_picked":["Warcry","Heavy Blade"],"picked":"Battle Trance","floor":1.0},{"not_picked":["Warcry","Perfected Strike"],"picked":"Sword Boomerang","floor":2.0},{"not_picked":["Havoc","Sword Boomerang"],"picked":"Armaments","floor":4.0},{"not_picked":["Reckless Charge","Offering"],"picked":"Immolate","floor":6.0},{"not_picked":["Blood for Blood","Body Slam"],"picked":"Perfected Strike","floor":8},{"not_picked":["Clothesline","Shrug It Off"],"picked":"Disarm","floor":10},{"not_picked":["Headbutt","Blood for Blood"],"picked":"Power Through","floor":11}],"player_experience":1152147,"relics_obtained":[{"floor":6.0,"key":"Bag of Preparation"},{"floor":8,"key":"MawBank"},{"floor":9,"key":"Strawberry"}],"event_choices":[{"damage_healed":0.0,"max_hp_gain":0.0,"max_hp_loss":0.0,"gold_gain":0.0,"event_name":"Liars Game","player_choice":"Ignored","floor":5.0,"gold_loss":0.0,"damage_taken":0.0}],"is_beta":false,"boss_relics":[],"items_purged_floors":[3],"is_endless":false,"potions_floor_spawned":[6,11],"killed_by":"3 Sentries","ascension_level":20}