{"gold_per_floor":[114,127,146,161,174,174,147,178,257,222,222,222,241,273,273,378,378,391,306,316,316,334,334,369,40,92,0,18,18,18,42,42,42],"floor_reached":33,"playtime":1549,"items_purged":["Strike_G"],"score":410,"play_id":"42720ed3-60d7-474e-907a-b1edf2656b4a","local_time":"20190804094821","is_ascension_mode":true,"campfire_choices":[{"data":"Dagger Spray","floor":6,"key":"SMITH"},{"floor":12,"key":"REST"},{"floor":15,"key":"REST"},{"floor":29,"key":"REST"},{"floor":32,"key":"REST"}],"neow_cost":"NONE","seed_source_timestamp":60374854699400,"circlet_count":0,"master_deck":["Strike_G","Strike_G","Strike_G","Strike_G","Defend_G","Defend_G","Defend_G","Defend_G","Defend_G","Survivor","Neutralize","Sucker Punch+1","Backflip","Dagger Spray+1","Infinite Blades+1","Venomology","Envenom+1","Backstab+1","Noxious Fumes+1","Leg Sweep","Cloak And Dagger"],"relics":["Ring of the Snake","Frozen Egg 2","Sundial","Mango","Velvet Choker","Vajra","Smiling Mask","TwistedFunnel","Omamori","Centennial Puzzle"],"potions_floor_usage":[16,16,16,18,20,22,24,24,24,33,33],"damage_taken":[{"damage":1,"enemies":"Cultist","floor":1,"turns":4},{"damage":0,"enemies":"Jaw Worm","floor":2,"turns":5},{"damage":5,"enemies":"2 Louse","floor":3,"turns":2},{"damage":0,"enemies":"Looter","floor":4,"turns":4},{"damage":9,"enemies":"2 Fungi Beasts","floor":5,"turns":5},{"damage":49,"enemies":"Gremlin Nob","floor":8,"turns":6},{"damage":10,"enemies":"Large Slime","floor":13,"turns":8},{"damage":34,"enemies":"Lagavulin","floor":14,"turns":8},{"damage":17,"enemies":"Slime Boss","floor":16,"turns":7},{"damage":2,"enemies":"Shell Parasite","floor":18,"turns":7},{"damage":3,"enemies":"Chosen","floor":20,"turns":4},{"damage":41,"enemies":"Sentry and Sphere","floor":22,"turns":7},{"damage":12,"enemies":"Book of Stabbing","floor":24,"turns":4},{"damage":12,"enemies":"Shelled Parasite and Fungi","floor":28,"turns":8},{"damage":69,"enemies":"Champ","floor":33,"turns":9}],"seed_played":"-3637582192152758916","potions_obtained":[{"floor":5,"key":"Strength Potion"},{"floor":8,"key":"Swift Potion"},{"floor":14,"key":"Ancient Potion"},{"floor":16,"key":"Block Potion"},{"floor":20,"key":"Swift Potion"},{"floor":22,"key":"Weak Potion"},{"floor":28,"key":"Energy Potion"}],"is_trial":false,"path_per_floor":["M","M","M","M","M","R","?","E","T","?","?","R","M","E","R","B",null,"M","?","M","?","M","?","E","$","T","?","M","R","$","T","R","B"],"character_chosen":"THE_SILENT","items_purchased":["Leg Sweep","TwistedFunnel"],"campfire_rested":4,"item_purchase_floors":[25,25],"current_hp_per_floor":[69,69,64,64,55,55,55,6,6,25,25,48,38,18,45,28,75,73,73,70,70,29,29,17,17,17,17,5,32,32,32,59,0],"gold":42,"neow_bonus":"TEN_PERCENT_HP_BONUS","is_prod":false,"is_daily":false,"chose_seed":false,"campfire_upgraded":1,"win_rate":0,"timestamp":1564930101,"path_taken":["M","?","M","M","M","R","?","E","T","?","?","R","M","E","R","BOSS","M","?","M","?","?","?","E","$","T","?","M","R","$","?","R","BOSS"],"build_version":"2019-07-17","purchased_purges":1,"victory":false,"max_hp_per_floor":[77,77,77,77,77,77,77,77,77,77,77,77,77,91,91,91,91,91,91,91,91,91,91,91,91,91,91,91,91,91,91,91,91],"card_choices":[{"not_picked":["Underhanded Strike","Heel Hook"],"picked":"Sucker Punch","floor":1},{"not_picked":["Deadly Poison","Dagger Throw","Predator"],"picked":"SKIP","floor":2},{"not_picked":["Poisoned Stab","Finisher","Blur"],"picked":"SKIP","floor":3},{"not_picked":["Prepared","Underhanded Strike"],"picked":"Backflip","floor":4},{"not_picked":["Poisoned Stab","Skewer"],"picked":"Dagger Spray","floor":5},{"not_picked":["Masterful Stab","Accuracy","Eviscerate"],"picked":"SKIP","floor":8},{"not_picked":["Sucker Punch","Expertise"],"picked":"Infinite Blades+1","floor":13},{"not_picked":["Flechettes","Finisher"],"picked":"Venomology","floor":14},{"not_picked":["Night Terror","Grand Finale"],"picked":"Envenom+1","floor":16},{"not_picked":["Backflip","Expertise"],"picked":"Backstab+1","floor":18},{"not_picked":["Poisoned Stab","Slice+1","Flechettes"],"picked":"SKIP","floor":20},{"not_picked":["Blade Dance","Poisoned Stab"],"picked":"Noxious Fumes+1","floor":22},{"not_picked":["Catalyst","Endless Agony+1","Finisher"],"picked":"SKIP","floor":24},{"not_picked":["Choke","Slice"],"picked":"Cloak And Dagger","floor":28}],"player_experience":456706,"relics_obtained":[{"floor":8,"key":"Frozen Egg 2"},{"floor":9,"key":"Sundial"},{"floor":14,"key":"Mango"},{"floor":24,"key":"Smiling Mask"},{"floor":26,"key":"Omamori"},{"floor":31,"key":"Centennial Puzzle"}],"event_choices":[{"damage_healed":0,"gold_gain":0,"player_choice":"Left Gold","damage_taken":0,"max_hp_gain":0,"max_hp_loss":0,"event_name":"World of Goop","floor":7,"gold_loss":27},{"damage_healed":19,"gold_gain":0,"player_choice":"Healed","damage_taken":0,"max_hp_gain":0,"max_hp_loss":0,"event_name":"The Cleric","floor":10,"gold_loss":35},{"damage_healed":0,"gold_gain":0,"player_choice":"Grow","damage_taken":0,"max_hp_gain":0,"max_hp_loss":0,"event_name":"Living Wall","floor":11,"gold_loss":0,"cards_upgraded":["Sucker Punch"]},{"damage_healed":0,"gold_gain":0,"player_choice":"Obtained Relic","damage_taken":0,"relics_obtained":["Vajra"],"max_hp_gain":0,"max_hp_loss":0,"event_name":"Addict","floor":19,"gold_loss":85},{"damage_healed":0,"gold_gain":0,"player_choice":"Bought 0 Potions","damage_taken":0,"max_hp_gain":0,"max_hp_loss":0,"event_name":"The Woman in Blue","floor":21,"gold_loss":0},{"damage_healed":0,"gold_gain":0,"player_choice":"Ignored","damage_taken":0,"max_hp_gain":0,"max_hp_loss":0,"event_name":"The Mausoleum","floor":23,"gold_loss":0},{"damage_healed":0,"gold_gain":0,"player_choice":"Paid Fearfully","damage_taken":0,"max_hp_gain":0,"max_hp_loss":0,"event_name":"Masked Bandits","floor":27,"gold_loss":92}],"is_beta":false,"boss_relics":[{"not_picked":["Fusion Hammer","Runic Pyramid"],"picked":"Velvet Choker"}],"items_purged_floors":[25],"is_endless":false,"potions_floor_spawned":[5,8,14,16,20,22,28],"killed_by":"Champ","ascension_level":8}