{"gold_per_floor":[116,132,132,147,147,147,168,168,244,284,284,135,135,154,154,274,274,289,289,309,234,247,247,247,247,247,266,266],"floor_reached":28,"playtime":1823,"items_purged":["Strike_G"],"score":316,"play_id":"ca1ba757-3478-412b-ba80-25c28bd85f00","local_time":"20190803034224","is_ascension_mode":true,"campfire_choices":[{"data":"Flechettes","floor":6,"key":"SMITH"},{"data":"Cloak And Dagger","floor":8,"key":"SMITH"},{"data":"Backflip","floor":11,"key":"SMITH"},{"data":"Bullet Time","floor":13,"key":"SMITH"},{"data":"Footwork","floor":15,"key":"SMITH"},{"data":"Dodge and Roll","floor":23,"key":"SMITH"},{"floor":25,"key":"REST"}],"neow_cost":"NONE","seed_source_timestamp":344191647360200,"circlet_count":0,"master_deck":["Survivor","Neutralize+1","Cloak And Dagger+1","Deflect","Flechettes+1","Backflip+1","Bullet Time+1","Footwork+1","Choke","Envenom","Distraction","Deflect","Terror","Storm of Steel","Terror","Sucker Punch","Acrobatics","Heel Hook","Infinite Blades+1","Noxious Fumes","Blur","Dodge and Roll+1"],"relics":["Ring of the Snake","Centennial Puzzle","Golden Idol","Pear","Juzu Bracelet","Pandora\u0027s Box","Kunai"],"potions_floor_usage":[28],"damage_taken":[{"damage":4,"enemies":"Cultist","floor":1,"turns":4},{"damage":1,"enemies":"2 Louse","floor":2,"turns":3},{"damage":2,"enemies":"Jaw Worm","floor":4,"turns":4},{"damage":0,"enemies":"Exordium Wildlife","floor":7,"turns":3},{"damage":13,"enemies":"3 Sentries","floor":10,"turns":11},{"damage":0,"enemies":"Looter","floor":14,"turns":4},{"damage":20,"enemies":"The Guardian","floor":16,"turns":16},{"damage":4,"enemies":"Chosen","floor":18,"turns":4},{"damage":3,"enemies":"2 Thieves","floor":20,"turns":4},{"damage":18,"enemies":"Shelled Parasite and Fungi","floor":22,"turns":4},{"damage":25,"enemies":"Snake Plant","floor":27,"turns":4},{"damage":43,"enemies":"Slavers","floor":28,"turns":4}],"seed_played":"6534564241907462434","potions_obtained":[{"floor":14,"key":"Energy Potion"},{"floor":16,"key":"Energy Potion"},{"floor":18,"key":"SkillPotion"},{"floor":22,"key":"GhostInAJar"}],"is_trial":false,"path_per_floor":["M","M","?","M","?","R","M","R","T","E","R","$","R","M","R","B",null,"M","?","M","?","M","R","?","R","T","M","E"],"character_chosen":"THE_SILENT","items_purchased":["Footwork"],"campfire_rested":1,"item_purchase_floors":[12],"current_hp_per_floor":[59,58,58,56,56,56,56,56,66,53,53,53,53,53,53,33,68,64,64,61,61,43,43,43,67,67,42,0],"gold":266,"neow_bonus":"RANDOM_COMMON_RELIC","is_prod":false,"is_daily":false,"chose_seed":false,"campfire_upgraded":6,"win_rate":0,"timestamp":1564818144,"path_taken":["M","M","?","M","?","R","M","R","T","E","R","$","R","M","R","BOSS","M","?","M","?","M","R","?","R","T","M","E"],"build_version":"2019-07-18","purchased_purges":1,"victory":false,"max_hp_per_floor":[70,70,70,70,70,70,70,70,80,80,80,80,80,80,80,80,80,80,80,80,80,80,80,80,80,80,80,80],"card_choices":[{"not_picked":["Acrobatics","Prepared"],"picked":"Cloak And Dagger","floor":1},{"not_picked":["Slice","Masterful Stab"],"picked":"Deflect","floor":2},{"not_picked":["All Out Attack","Caltrops"],"picked":"Flechettes","floor":4},{"not_picked":["Underhanded Strike","Tactician"],"picked":"Backflip","floor":7},{"not_picked":["Calculated Gamble","Skewer"],"picked":"Bullet Time","floor":10},{"not_picked":["PiercingWail","Reflex"],"picked":"Choke","floor":14},{"not_picked":["Grand Finale","Doppelganger"],"picked":"Envenom","floor":16},{"not_picked":["Blade Dance","Deflect"],"picked":"Infinite Blades+1","floor":18},{"not_picked":["Backflip","Poisoned Stab"],"picked":"Blur","floor":20},{"not_picked":["Flying Knee","Flechettes"],"picked":"Dodge and Roll","floor":22},{"not_picked":["Deadly Poison","Bouncing Flask","Terror"],"picked":"SKIP","floor":27}],"player_experience":328773,"relics_obtained":[{"floor":9,"key":"Pear"},{"floor":10,"key":"Juzu Bracelet"},{"floor":26,"key":"Kunai"}],"event_choices":[{"damage_healed":0,"gold_gain":0,"player_choice":"Grow","damage_taken":0,"max_hp_gain":0,"max_hp_loss":0,"event_name":"Living Wall","floor":3,"gold_loss":0,"cards_upgraded":["Neutralize"]},{"damage_healed":0,"gold_gain":0,"player_choice":"Take Wound","damage_taken":0,"relics_obtained":["Golden Idol"],"max_hp_gain":0,"max_hp_loss":0,"event_name":"Golden Idol","floor":5,"gold_loss":0,"cards_obtained":["Injury"]},{"damage_healed":0,"gold_gain":0,"player_choice":"Read","damage_taken":0,"max_hp_gain":0,"max_hp_loss":0,"event_name":"The Library","floor":19,"gold_loss":0,"cards_obtained":["Noxious Fumes"]},{"cards_removed":["Injury"],"damage_healed":0,"gold_gain":0,"player_choice":"Gave Gold","damage_taken":0,"max_hp_gain":0,"max_hp_loss":0,"event_name":"Beggar","floor":21,"gold_loss":75},{"cards_removed":["Reflex"],"damage_healed":0,"gold_gain":0,"player_choice":"Elegance","damage_taken":0,"max_hp_gain":0,"max_hp_loss":0,"event_name":"Back to Basics","floor":24,"gold_loss":0}],"is_beta":true,"boss_relics":[{"not_picked":["Empty Cage","HoveringKite"],"picked":"Pandora\u0027s Box"}],"items_purged_floors":[12],"is_endless":false,"potions_floor_spawned":[14,16,18,22],"killed_by":"Slavers","ascension_level":9}