{"gold_per_floor":[116,6,26,26,38,38,70,70,124,124,24,42,67,87,87,182,182,201,215,215,234,234],"floor_reached":22,"playtime":1335,"items_purged":["Strike_G","Defend_G"],"score":235,"play_id":"a36e47f4-ba1a-4307-b59e-42fd0aaa52fb","local_time":"20190622233852","is_ascension_mode":true,"campfire_choices":[{"data":"Neutralize","floor":6,"key":"SMITH"},{"data":"Noxious Fumes","floor":8,"key":"SMITH"},{"data":"Noxious Fumes","floor":10,"key":"SMITH"},{"floor":15,"key":"REST"}],"neow_cost":"NONE","seed_source_timestamp":870758625378100,"circlet_count":0,"master_deck":["Defend_G+1","Defend_G+1","Defend_G+1","Defend_G+1","Strike_G+1","Strike_G+1","Strike_G+1","Strike_G+1","Survivor","Neutralize+1","Noxious Fumes+1","Blur","Noxious Fumes+1","Backstab","Burst","Dagger Spray","A Thousand Cuts","Caltrops","Deflect","Outmaneuver","Bane","PiercingWail+1","Die Die Die"],"relics":["Ring of the Snake","Art of War","Omamori","Bottled Lightning","Orrery"],"potions_floor_usage":[12,16,16,18],"damage_taken":[{"damage":8,"enemies":"Jaw Worm","floor":1,"turns":8},{"damage":3,"enemies":"2 Louse","floor":3,"turns":4},{"damage":1,"enemies":"Cultist","floor":5,"turns":5},{"damage":17,"enemies":"3 Sentries","floor":7,"turns":7},{"damage":19,"enemies":"Lots of Slimes","floor":12,"turns":4},{"damage":15,"enemies":"Lagavulin","floor":13,"turns":7},{"damage":5,"enemies":"2 Fungi Beasts","floor":14,"turns":3},{"damage":5,"enemies":"Hexaghost","floor":16,"turns":9},{"damage":18,"enemies":"3 Byrds","floor":18,"turns":4},{"damage":32,"enemies":"Shell Parasite","floor":19,"turns":6},{"damage":17,"enemies":"Centurion and Healer","floor":21,"turns":8},{"damage":24,"enemies":"Shelled Parasite and Fungi","floor":22,"turns":3}],"seed_played":"5281145752643050341","potions_obtained":[{"floor":1,"key":"Swift Potion"},{"floor":3,"key":"LiquidBronze"},{"floor":12,"key":"Fire Potion"},{"floor":16,"key":"Explosive Potion"},{"floor":19,"key":"SpeedPotion"}],"is_trial":false,"path_per_floor":["M","$","M","?","M","R","E","R","T","R","$","M","E","M","R","B",null,"M","M","?","M","M"],"character_chosen":"THE_SILENT","items_purchased":["Blur"],"campfire_rested":1,"item_purchase_floors":[2],"current_hp_per_floor":[69,69,66,71,70,70,53,53,53,53,53,34,19,14,38,33,82,64,32,32,15,0],"gold":234,"neow_bonus":"TEN_PERCENT_HP_BONUS","is_prod":false,"is_daily":false,"chose_seed":false,"campfire_upgraded":3,"win_rate":0,"timestamp":1561264732,"path_taken":["M","$","M","?","M","R","E","R","T","R","$","M","E","M","R","BOSS","M","M","?","M","M"],"build_version":"2019-01-23","purchased_purges":2,"victory":false,"max_hp_per_floor":[77,77,77,82,82,82,82,82,82,82,82,82,82,82,82,82,82,82,82,82,82,82],"card_choices":[{"not_picked":["Riddle With Holes","Dagger Throw"],"picked":"Noxious Fumes","floor":1},{"not_picked":["Riddle With Holes","Acrobatics"],"picked":"Noxious Fumes","floor":3},{"not_picked":["Dash","PiercingWail"],"picked":"Backstab","floor":5},{"not_picked":["Predator","Night Terror"],"picked":"Burst","floor":7},{"not_picked":["Poisoned Stab","Prepared"],"picked":"Dagger Spray","floor":12},{"not_picked":["Dagger Throw","Die Die Die","Calculated Gamble"],"picked":"SKIP","floor":13},{"not_picked":["Skewer","Deadly Poison","Poisoned Stab"],"picked":"SKIP","floor":14},{"not_picked":["Wraith Form v2","Burst"],"picked":"A Thousand Cuts","floor":16},{"not_picked":["Dagger Spray","Acrobatics"],"picked":"Caltrops","floor":17},{"not_picked":["Skewer","Deadly Poison"],"picked":"Deflect","floor":17},{"not_picked":["Quick Slash","Acrobatics"],"picked":"Outmaneuver","floor":17},{"not_picked":["Predator","Blade Dance"],"picked":"Bane","floor":17},{"not_picked":["Flying Knee","Poisoned Stab","Dagger Throw+1"],"picked":"SKIP","floor":18},{"not_picked":["Leg Sweep","Underhanded Strike+1"],"picked":"PiercingWail+1","floor":19},{"not_picked":["Prepared","Predator"],"picked":"Die Die Die","floor":21}],"player_experience":367154,"relics_obtained":[{"floor":7,"key":"Art of War"},{"floor":9,"key":"Omamori"},{"floor":13,"key":"Bottled Lightning"}],"event_choices":[{"damage_healed":0,"gold_gain":0,"player_choice":"Donut","damage_taken":0,"max_hp_gain":5,"max_hp_loss":0,"event_name":"Big Fish","floor":4,"gold_loss":0},{"damage_healed":0,"gold_gain":0,"player_choice":"Simplicity","damage_taken":0,"max_hp_gain":0,"max_hp_loss":0,"event_name":"Back to Basics","floor":20,"gold_loss":0,"cards_upgraded":["Defend_G","Defend_G","Defend_G","Defend_G","Strike_G","Strike_G","Strike_G","Strike_G"]}],"is_beta":false,"boss_relics":[{"not_picked":["Coffee Dripper","Black Star"],"picked":"Orrery"}],"items_purged_floors":[2,11],"is_endless":false,"potions_floor_spawned":[1,3,12,16,19],"killed_by":"Shelled Parasite and Fungi","ascension_level":4}