{"gold_per_floor":[115,175,175,140,159,159,185,185,185,69,88,118,118,143,143,241,241,258,258,158,177,107,107,137,150,226,226,255,255,273,288,288,384,384,397,397,226,326,326,326,326],"floor_reached":41,"playtime":2979,"items_purged":["Strike_B","Strike_B","Strike_B"],"score":868,"play_id":"e8a70ada-d403-4142-9c68-b78a3e38845e","local_time":"20190806001643","is_ascension_mode":true,"campfire_choices":[{"data":"Zap","floor":6,"key":"SMITH"},{"data":"Sunder","floor":8,"key":"SMITH"},{"data":"Lockon","floor":13,"key":"SMITH"},{"data":"BootSequence","floor":15,"key":"SMITH"},{"data":"Dualcast","floor":23,"key":"SMITH"},{"data":"Ball Lightning","floor":27,"key":"SMITH"},{"floor":29,"key":"REST"},{"floor":32,"key":"REST"},{"data":"Glacier","floor":40,"key":"SMITH"}],"neow_cost":"","seed_source_timestamp":197449628525100,"circlet_count":0,"master_deck":["Strike_B","Defend_B+1","Defend_B","Defend_B+1","Defend_B","Zap+1","Dualcast+1","Sunder+1","BootSequence+1","Cold Snap","Ball Lightning+1","Lockon+1","Glacier+1","Biased Cognition+1","Static Discharge+1","Ball Lightning+1","Hello World+1","Creative AI+1","Self Repair+1","Writhe"],"relics":["Cracked Core","Thread and Needle","Frozen Egg 2","Incense Burner","The Courier","Ginger","Dead Branch","Busted Crown","Vajra","Shuriken","Oddly Smooth Stone","Velvet Choker","Bag of Preparation","Unceasing Top"],"potions_floor_usage":[16,21,24,33],"damage_taken":[{"damage":0,"enemies":"Small Slimes","floor":1,"turns":3},{"damage":0,"enemies":"2 Louse","floor":5,"turns":2},{"damage":13,"enemies":"Gremlin Nob","floor":7,"turns":4},{"damage":0,"enemies":"Cultist","floor":11,"turns":3},{"damage":4,"enemies":"Lagavulin","floor":12,"turns":5},{"damage":6,"enemies":"Gremlin Nob","floor":14,"turns":3},{"damage":0,"enemies":"Slime Boss","floor":16,"turns":7},{"damage":1,"enemies":"2 Thieves","floor":18,"turns":5},{"damage":0,"enemies":"3 Byrds","floor":21,"turns":3},{"damage":2,"enemies":"Gremlin Leader","floor":24,"turns":5},{"damage":0,"enemies":"Cultist and Chosen","floor":25,"turns":5},{"damage":17,"enemies":"Slavers","floor":28,"turns":6},{"damage":3,"enemies":"Sentry and Sphere","floor":30,"turns":4},{"damage":4,"enemies":"Snake Plant","floor":31,"turns":3},{"damage":32,"enemies":"Champ","floor":33,"turns":9},{"damage":4,"enemies":"3 Darklings","floor":35,"turns":4},{"damage":15,"enemies":"Mind Bloom Boss Battle","floor":38,"turns":6},{"damage":77,"enemies":"Giant Head","floor":41,"turns":7}],"seed_played":"8261596126528601720","potions_obtained":[{"floor":12,"key":"Explosive Potion"},{"floor":14,"key":"GamblersBrew"},{"floor":16,"key":"Dexterity Potion"},{"floor":21,"key":"Block Potion"},{"floor":24,"key":"SpeedPotion"},{"floor":31,"key":"SteroidPotion"}],"is_trial":false,"path_per_floor":["M","?","?","?","M","R","E","R","T","$","M","E","R","E","R","B",null,"M","?","$","M","$","R","E","M","T","R","E","R","M","M","R","B",null,"M","?","$","?","?","R","E"],"character_chosen":"DEFECT","items_purchased":["Sunder","Frozen Egg 2","Ball Lightning","Static Discharge+1","Ball Lightning","Self Repair+1","Bag of Preparation"],"campfire_rested":2,"item_purchase_floors":[0,0,10,22,22,37,37],"current_hp_per_floor":[52,52,37,55,55,55,42,42,42,42,42,38,38,32,32,32,64,63,63,63,63,63,63,61,61,61,61,44,66,63,59,75,43,67,63,63,63,58,75,75,0],"gold":326,"neow_bonus":"","is_prod":false,"is_daily":false,"chose_seed":false,"campfire_upgraded":7,"win_rate":0,"timestamp":1565068603,"path_taken":["M","?","?","?","M","R","E","R","T","$","M","E","R","E","R","BOSS","M","?","$","M","$","R","E","M","T","R","E","R","M","M","R","BOSS","M","?","?","?","?","R","E"],"build_version":"2019-07-17","purchased_purges":3,"victory":false,"max_hp_per_floor":[75,75,75,75,75,75,75,75,75,75,75,75,75,75,75,75,75,75,75,75,75,75,75,75,75,75,75,75,75,75,75,75,75,75,75,75,75,75,75,75,75],"card_choices":[{"not_picked":["Streamline","Recycle"],"picked":"BootSequence","floor":1},{"not_picked":["Undo","Streamline"],"picked":"Cold Snap","floor":5},{"not_picked":["Steam Power","Conserve Battery","Recycle"],"picked":"SKIP","floor":7},{"not_picked":["Consume","Rip and Tear"],"picked":"Lockon","floor":11},{"not_picked":["Auto Shields","Gash","Undo"],"picked":"SKIP","floor":12},{"not_picked":["Barrage","Melter"],"picked":"Glacier","floor":14},{"not_picked":["Multi-Cast","Echo Form+1"],"picked":"Biased Cognition+1","floor":16},{"not_picked":["Cold Snap"],"picked":"SKIP","floor":18},{"not_picked":["Heatsinks+1"],"picked":"SKIP","floor":21},{"not_picked":["Steam"],"picked":"SKIP","floor":24},{"not_picked":["Streamline+1"],"picked":"SKIP","floor":25},{"not_picked":[],"picked":"Hello World+1","floor":28},{"not_picked":["BootSequence"],"picked":"SKIP","floor":30},{"not_picked":["Gash"],"picked":"SKIP","floor":31},{"not_picked":[],"picked":"Creative AI+1","floor":33},{"not_picked":["Gash"],"picked":"SKIP","floor":35}],"player_experience":466821,"relics_obtained":[{"floor":7,"key":"Incense Burner"},{"floor":9,"key":"The Courier"},{"floor":12,"key":"Ginger"},{"floor":14,"key":"Dead Branch"},{"floor":24,"key":"Vajra"},{"floor":26,"key":"Shuriken"},{"floor":28,"key":"Oddly Smooth Stone"},{"floor":38,"key":"Unceasing Top"}],"event_choices":[{"damage_healed":0,"gold_gain":60,"player_choice":"Gained Gold","damage_taken":0,"max_hp_gain":0,"max_hp_loss":0,"event_name":"Golden Wing","floor":2,"gold_loss":0},{"damage_healed":0,"gold_gain":0,"player_choice":"Entered Light","damage_taken":15,"max_hp_gain":0,"max_hp_loss":0,"event_name":"Shining Light","floor":3,"gold_loss":0,"cards_upgraded":["Defend_B","Defend_B"]},{"damage_healed":18,"gold_gain":0,"player_choice":"Healed","damage_taken":0,"max_hp_gain":0,"max_hp_loss":0,"event_name":"The Cleric","floor":4,"gold_loss":35},{"damage_healed":0,"gold_gain":0,"player_choice":"Ignored","damage_taken":0,"max_hp_gain":0,"max_hp_loss":0,"event_name":"Vampires","floor":19,"gold_loss":0},{"damage_healed":0,"gold_gain":0,"player_choice":"Upgraded","damage_taken":0,"max_hp_gain":0,"max_hp_loss":0,"event_name":"Upgrade Shrine","floor":36,"gold_loss":0,"cards_upgraded":["Ball Lightning"]},{"damage_healed":0,"gold_gain":0,"player_choice":"Fight","damage_taken":0,"max_hp_gain":0,"max_hp_loss":0,"event_name":"MindBloom","floor":38,"gold_loss":0},{"damage_healed":19,"gold_gain":0,"player_choice":"Writhe","damage_taken":0,"max_hp_gain":0,"max_hp_loss":0,"event_name":"Winding Halls","floor":39,"gold_loss":0,"cards_obtained":["Writhe"]}],"is_beta":false,"boss_relics":[{"not_picked":["Black Star","Nuclear Battery"],"picked":"Busted Crown"},{"not_picked":["Coffee Dripper","Philosopher\u0027s Stone"],"picked":"Velvet Choker"}],"items_purged_floors":[0,10,20],"is_endless":false,"potions_floor_spawned":[12,14,16,21,24,31],"killed_by":"Giant Head","ascension_level":7}