{"gold_per_floor":[116,116,134,309,309,334,334,351,351,376,392,392,392,230,230,327,327,347,199,217,14,32,32,32],"floor_reached":24,"playtime":731,"items_purged":["Strike_B","Doubt","Strike_B"],"score":229,"play_id":"57f1588a-c88d-4d0b-8641-74d17f355cc6","local_time":"20190702005517","is_ascension_mode":false,"campfire_choices":[{"data":"Dualcast","floor":7,"key":"SMITH"},{"data":"Gash","floor":12,"key":"SMITH"},{"data":"Loop","floor":15,"key":"SMITH"},{"floor":23,"key":"REST"}],"neow_cost":"NONE","seed_source_timestamp":21543899826780,"circlet_count":0,"master_deck":["Strike_B","Defend_B","Defend_B","Zap+1","Dualcast+1","Gash+1","Barrage","Streamline","Cold Snap","Go for the Eyes","Gash","Loop+1","Echo Form","Loop+1","Electrodynamics+1","Hologram+1","Go for the Eyes+1","Gash","Defragment","Beam Cell"],"relics":["Cracked Core","NeowsBlessing","Blue Candle","Bottled Flame","Darkstone Periapt","Pantograph","Astrolabe"],"potions_floor_usage":[18,20],"damage_taken":[{"damage":0,"enemies":"Jaw Worm","floor":1,"turns":1},{"damage":0,"enemies":"Cultist","floor":3,"turns":1},{"damage":0,"enemies":"3 Sentries","floor":6,"turns":1},{"damage":0,"enemies":"2 Louse","floor":8,"turns":3},{"damage":34,"enemies":"Lagavulin","floor":10,"turns":7},{"damage":12,"enemies":"Blue Slaver","floor":11,"turns":3},{"damage":29,"enemies":"The Guardian","floor":16,"turns":10},{"damage":13,"enemies":"2 Thieves","floor":18,"turns":4},{"damage":27,"enemies":"Chosen","floor":20,"turns":5},{"damage":24,"enemies":"Shelled Parasite and Fungi","floor":22,"turns":4},{"damage":37,"enemies":"Snake Plant","floor":24,"turns":2}],"seed_played":"-4900035187786363192","potions_obtained":[{"floor":1,"key":"SpeedPotion"},{"floor":16,"key":"FocusPotion"},{"floor":18,"key":"Poison Potion"},{"floor":20,"key":"Energy Potion"}],"is_trial":false,"path_per_floor":["M","?","M","?","T","E","R","M","T","E","M","R","?","$","R","B",null,"M","$","M","$","M","R","M"],"character_chosen":"DEFECT","items_purchased":["Gash","Loop","Gash","Defragment"],"campfire_rested":1,"item_purchase_floors":[14,14,19,21],"current_hp_per_floor":[75,75,75,75,75,75,75,75,75,41,29,29,29,29,29,25,75,62,62,35,35,11,33,0],"gold":32,"neow_bonus":"THREE_ENEMY_KILL","is_prod":false,"is_daily":false,"chose_seed":false,"campfire_upgraded":3,"win_rate":0,"timestamp":1561996517,"path_taken":["M","?","?","?","?","E","R","M","T","E","M","R","?","$","R","BOSS","M","$","M","$","M","R","M"],"build_version":"2019-01-23","purchased_purges":3,"victory":false,"max_hp_per_floor":[75,75,75,75,75,75,75,75,75,75,75,75,75,75,75,75,75,75,75,75,75,75,75,75],"card_choices":[{"not_picked":["Hello World","Hologram"],"picked":"Gash","floor":1},{"not_picked":["Conserve Battery","Stack"],"picked":"Barrage","floor":3},{"not_picked":["Redo","Biased Cognition"],"picked":"Streamline","floor":6},{"not_picked":["Steam Power","Aggregate"],"picked":"Cold Snap","floor":8},{"not_picked":["Stack","Conserve Battery","Sweeping Beam"],"picked":"SKIP","floor":10},{"not_picked":["Scrape","Creative AI"],"picked":"Go for the Eyes","floor":11},{"not_picked":["Creative AI","Hyperbeam"],"picked":"Echo Form","floor":16},{"not_picked":["Undo+1","Turbo"],"picked":"Go for the Eyes+1","floor":18},{"not_picked":["Skim","Blizzard","Rebound"],"picked":"SKIP","floor":20},{"not_picked":["Reprogram","Compile Driver"],"picked":"Beam Cell","floor":22}],"player_experience":127951,"relics_obtained":[{"floor":6,"key":"Blue Candle"},{"floor":9,"key":"Bottled Flame"},{"floor":10,"key":"Darkstone Periapt"}],"event_choices":[{"damage_healed":0,"gold_gain":0,"player_choice":"Upgraded","damage_taken":0,"max_hp_gain":0,"max_hp_loss":0,"event_name":"Upgrade Shrine","floor":2,"gold_loss":0,"cards_upgraded":["Zap"]},{"damage_healed":0,"gold_gain":175,"player_choice":"AGREE","damage_taken":0,"max_hp_gain":0,"max_hp_loss":0,"event_name":"Liars Game","floor":4,"gold_loss":0,"cards_obtained":["Doubt"]},{"damage_healed":0,"gold_gain":0,"player_choice":"Gave Potion","damage_taken":0,"relics_obtained":["Pantograph"],"max_hp_gain":0,"max_hp_loss":0,"event_name":"WeMeetAgain","floor":13,"gold_loss":0}],"is_beta":false,"boss_relics":[{"not_picked":["Busted Crown","Fusion Hammer"],"picked":"Astrolabe"}],"items_purged_floors":[14,19,21],"is_endless":false,"potions_floor_spawned":[1,16,18,20],"killed_by":"Snake Plant","ascension_level":0}