{"gold_per_floor":[110,110,110,127,2,2,32,32,32,32,52,84,45,45,45,166,166,180,180,67,90,115,115,139,139,186,186,136,136,136,136,136,136],"floor_reached":33,"playtime":1915,"items_purged":["Strike_Br","Strike_Br"],"score":294,"play_id":"ec8b9575-227f-4723-a2f4-7dcc763ff439","local_time":"20190730094238","is_ascension_mode":false,"campfire_choices":[{"data":"SecondHand","floor":6.0,"key":"SMITH"},{"data":"ResonantCall","floor":8,"key":"SMITH"},{"data":"Keepsakes","floor":10,"key":"SMITH"},{"data":"Accruing","floor":15,"key":"SMITH"},{"data":"BeatsPerMinute","floor":23,"key":"SMITH"},{"data":"LockedWarPaint","floor":25,"key":"SMITH"},{"data":"CrunchTime","floor":27,"key":"SMITH"},{"floor":32,"key":"REST"}],"neow_cost":"NONE","seed_source_timestamp":21224057749224,"circlet_count":0,"master_deck":["Strike_Br","Defend_Br","Defend_Br","SecondHand+1","PatternShift","LockedAnchor","ResonantCall+1","Keepsakes+1","CrunchTime+1","LockedTornado","BeatsPerMinute+1","BiteCommand","Accruing+1","Fragmentalize","BlueShift","Backlash","Stagnate+1","BlueShift","LockedWarPaint+1","Writhe"],"special_seed":0,"relics":["Chronometer","Bottled Flame","Pear","Mango","Golden Idol","Smiling Mask","Oddly Smooth Stone"],"potions_floor_usage":[31,31],"damage_taken":[{"damage":1.0,"enemies":"Jaw Worm","floor":1.0,"turns":4.0},{"damage":0.0,"enemies":"2 Louse","floor":4.0,"turns":3.0},{"damage":16.0,"enemies":"3 Sentries","floor":7.0,"turns":10.0},{"damage":0,"enemies":"Small Slimes","floor":11,"turns":3},{"damage":31,"enemies":"Lagavulin","floor":12,"turns":7},{"damage":22,"enemies":"The Guardian","floor":16,"turns":8},{"damage":12,"enemies":"Shell Parasite","floor":18,"turns":4},{"damage":31,"enemies":"2 Thieves","floor":21,"turns":4},{"damage":7,"enemies":"Snecko","floor":22,"turns":6},{"damage":5,"enemies":"Cultist and Chosen","floor":24,"turns":8},{"damage":0,"enemies":"Gremlin Leader","floor":31,"turns":1},{"damage":57,"enemies":"Champ","floor":33,"turns":15}],"seed_played":"-3942494467291707257","potions_obtained":[{"floor":1.0,"key":"SmokeBomb"},{"floor":16,"key":"Ancient Potion"},{"floor":18,"key":"Strength Potion"},{"floor":21,"key":"WardPotion"}],"is_trial":false,"path_per_floor":["M","?","?","M","$","R","E","R","T","R","M","E","$","?","R","B",null,"M","?","$","M","M","R","M","R","T","R","$","?","?","E","R","B"],"character_chosen":"CHRONO_CLASS","items_purchased":["Keepsakes","CrunchTime","Accruing","Backlash"],"campfire_rested":1,"item_purchase_floors":[5,5,13,20],"current_hp_per_floor":[64,64,57,57,57,57,41,41,51,51,51,34,34,34,34,12,82,70,70,70,39,32,32,27,27,27,27,27,27,27,27,51,0],"gold":136,"neow_bonus":"REMOVE_CARD","is_prod":false,"is_daily":false,"chose_seed":false,"campfire_upgraded":7,"win_rate":0.0,"timestamp":1564447358,"path_taken":["M","?","?","M","$","R","E","R","T","R","M","E","$","?","R","BOSS","M","?","?","M","M","R","M","R","T","R","$","?","?","E","R","BOSS"],"build_version":"2019-07-17","purchased_purges":2,"victory":false,"max_hp_per_floor":[65,65,65,65,65,65,65,65,75,75,75,89,89,82,82,82,82,82,82,82,82,82,82,82,82,82,82,82,82,82,82,82,82],"card_choices":[{"not_picked":["Cuckoo","Parity"],"picked":"LockedAnchor","floor":1.0},{"not_picked":["PrimeTime","WindUp"],"picked":"ResonantCall","floor":4.0},{"not_picked":["HandsUpB","LockedAstrolabe"],"picked":"LockedTornado","floor":7},{"not_picked":["Analog","LockedTurtyl"],"picked":"BeatsPerMinute","floor":11},{"not_picked":["HandsUpC","AlternateTimeline"],"picked":"BiteCommand","floor":12},{"not_picked":["Chronoelasticity","LockedAstrolabe"],"picked":"Fragmentalize","floor":16},{"not_picked":["LockedScales","LockedMedicine+1"],"picked":"BlueShift","floor":18},{"not_picked":["Break","LockedPlans"],"picked":"Stagnate+1","floor":21},{"not_picked":["Chronoelasticity","PrimeTime+1"],"picked":"BlueShift","floor":22},{"not_picked":["SlimeSpray","Engulf"],"picked":"LockedWarPaint","floor":24}],"player_experience":193220,"relics_obtained":[{"floor":7,"key":"Bottled Flame"},{"floor":9,"key":"Pear"},{"floor":12,"key":"Mango"},{"floor":26,"key":"Smiling Mask"}],"event_choices":[{"damage_healed":0.0,"max_hp_gain":0.0,"max_hp_loss":0.0,"gold_gain":0.0,"event_name":"Liars Game","player_choice":"Ignored","floor":2.0,"gold_loss":0.0,"damage_taken":0.0},{"cards_removed":["Defend_Br"],"damage_healed":0.0,"max_hp_gain":0.0,"max_hp_loss":0.0,"gold_gain":0.0,"event_name":"Golden Wing","player_choice":"Card Removal","floor":3.0,"gold_loss":0.0,"damage_taken":7.0},{"damage_healed":0,"gold_gain":0,"player_choice":"Lose Max HP","damage_taken":0,"relics_obtained":["Golden Idol"],"max_hp_gain":0,"max_hp_loss":7,"event_name":"Golden Idol","floor":14,"gold_loss":0},{"cards_removed":["Strike_Br"],"damage_healed":0,"gold_gain":0,"player_choice":"Purged","damage_taken":0,"max_hp_gain":0,"max_hp_loss":0,"event_name":"Purifier","floor":19,"gold_loss":0},{"damage_healed":0,"gold_gain":0,"player_choice":"Ignored","damage_taken":0,"max_hp_gain":0,"max_hp_loss":0,"event_name":"Vampires","floor":29,"gold_loss":0},{"damage_healed":0,"gold_gain":0,"player_choice":"Opened","damage_taken":0,"relics_obtained":["Oddly Smooth Stone"],"max_hp_gain":0,"max_hp_loss":0,"event_name":"The Mausoleum","floor":30,"gold_loss":0,"cards_obtained":["Writhe"]}],"is_beta":false,"boss_relics":[{"not_picked":["Snecko Eye","Ectoplasm","Busted Crown"]}],"items_purged_floors":[20,28],"is_endless":false,"potions_floor_spawned":[1,16,18,21,24],"killed_by":"Champ","ascension_level":0}