{"gold_per_floor":[115,290,64,75,88,88,102,102,102,134,63,63,28,58,58,58],"floor_reached":16,"playtime":541,"items_purged":["Doubt"],"score":190,"play_id":"53686424-3568-4d8f-a2ef-7bfdf3259830","local_time":"20190621105447","is_ascension_mode":true,"campfire_choices":[{"data":"Bash","floor":6,"key":"SMITH"},{"data":"Armaments","floor":8,"key":"SMITH"},{"data":"Rampage","floor":15,"key":"SMITH"}],"neow_cost":"","seed_source_timestamp":739306587153200,"circlet_count":0,"master_deck":["Strike_R","Strike_R","Strike_R","Strike_R","Strike_R","Defend_R","Defend_R","Defend_R","Defend_R","Bash+1","Headbutt","Combust","Shrug It Off","Armaments+1","Rampage+1","Flame Barrier"],"relics":["Burning Blood","Prayer Wheel","Orichalcum","Red Skull","Bottled Flame","Dead Branch"],"potions_floor_usage":[10,14,14],"damage_taken":[{"damage":0,"enemies":"2 Louse","floor":1,"turns":4},{"damage":11,"enemies":"Jaw Worm","floor":4,"turns":4},{"damage":2,"enemies":"Small Slimes","floor":5,"turns":3},{"damage":11,"enemies":"Blue Slaver","floor":7,"turns":4},{"damage":31,"enemies":"Lagavulin","floor":10,"turns":6},{"damage":24,"enemies":"Gremlin Nob","floor":14,"turns":4},{"damage":43,"enemies":"Slime Boss","floor":16,"turns":5}],"seed_played":"-2132113965014860738","potions_obtained":[{"floor":1,"key":"PowerPotion"},{"floor":7,"key":"BloodPotion"},{"floor":10,"key":"Regen Potion"}],"is_trial":false,"path_per_floor":["M","?","$","M","M","R","M","R","T","E","$","$","?","E","R","B"],"character_chosen":"IRONCLAD","items_purchased":["Orichalcum","Flame Barrier"],"campfire_rested":0,"item_purchase_floors":[3,11],"current_hp_per_floor":[69,69,69,64,68,68,63,63,63,38,38,38,38,40,40,0],"gold":58,"neow_bonus":"","is_prod":false,"is_daily":false,"chose_seed":false,"campfire_upgraded":3,"win_rate":0,"timestamp":1561132487,"path_taken":["M","?","$","M","M","R","M","R","T","E","?","$","?","E","R","BOSS"],"build_version":"2019-01-23","purchased_purges":1,"victory":false,"max_hp_per_floor":[80,80,80,80,80,80,80,80,80,80,80,80,80,80,80,80],"card_choices":[{"not_picked":["Uppercut","Pommel Strike"],"picked":"Headbutt","floor":1},{"not_picked":["True Grit","Havoc","Headbutt"],"picked":"SKIP","floor":1},{"not_picked":["Reckless Charge","Sword Boomerang"],"picked":"Combust","floor":4},{"not_picked":["Clothesline","Pommel Strike","True Grit"],"picked":"SKIP","floor":4},{"not_picked":["Dark Embrace","True Grit"],"picked":"Shrug It Off","floor":5},{"not_picked":["Headbutt","Shrug It Off","Twin Strike"],"picked":"SKIP","floor":5},{"not_picked":["Wild Strike","Iron Wave"],"picked":"Armaments","floor":7},{"not_picked":["True Grit","Sword Boomerang","Iron Wave"],"picked":"SKIP","floor":7},{"not_picked":["Flame Barrier","Heavy Blade"],"picked":"Rampage","floor":10},{"not_picked":["Body Slam","Fire Breathing","Combust"],"picked":"SKIP","floor":14}],"player_experience":361306,"relics_obtained":[{"floor":9,"key":"Red Skull"},{"floor":10,"key":"Bottled Flame"},{"floor":14,"key":"Dead Branch"}],"event_choices":[{"damage_healed":0,"gold_gain":175,"player_choice":"AGREE","damage_taken":0,"max_hp_gain":0,"max_hp_loss":0,"event_name":"Liars Game","floor":2,"gold_loss":0,"cards_obtained":["Doubt"]},{"damage_healed":0,"gold_gain":0,"player_choice":"Left Gold","damage_taken":0,"max_hp_gain":0,"max_hp_loss":0,"event_name":"World of Goop","floor":13,"gold_loss":35}],"is_beta":false,"boss_relics":[],"items_purged_floors":[3],"is_endless":false,"potions_floor_spawned":[1,7,10],"killed_by":"Slime Boss","ascension_level":4}