{"gold_per_floor":[114,46,46,66,66,66,86,47,47,47,59,59,78,88,88,193,193,203,218,167,182,182],"floor_reached":22,"playtime":888,"items_purged":[],"score":187,"play_id":"24c9e3cf-e798-443e-9b99-1c3882e89418","local_time":"20190808160435","is_ascension_mode":true,"campfire_choices":[{"data":"Recycle","floor":6,"key":"SMITH"},{"data":"Redo","floor":10,"key":"SMITH"},{"data":"Redo","floor":12,"key":"SMITH"},{"floor":15,"key":"REST"}],"neow_cost":"NONE","seed_source_timestamp":85092772212637,"circlet_count":0,"master_deck":["Zap","Dualcast","Static Discharge","Capacitor","Redo+1","Recycle+1","Gash","Multi-Cast","Thunder Strike","Redo+1","Beam Cell","Capacitor","Leap","Ball Lightning","Loop","Cold Snap","Self Repair","Ball Lightning","Amplify","Coolheaded","Coolheaded","Cold Snap"],"relics":["Pandora\u0027s Box"],"potions_floor_usage":[13,13,21,21],"damage_taken":[{"damage":19,"enemies":"Small Slimes","floor":1,"turns":3},{"damage":11,"enemies":"Jaw Worm","floor":4,"turns":3},{"damage":6,"enemies":"Cultist","floor":7,"turns":3},{"damage":0,"enemies":"Large Slime","floor":11,"turns":4},{"damage":16,"enemies":"Gremlin Gang","floor":13,"turns":4},{"damage":26,"enemies":"Exordium Thugs","floor":14,"turns":4},{"damage":29,"enemies":"Slime Boss","floor":16,"turns":9},{"damage":27,"enemies":"3 Byrds","floor":18,"turns":5},{"damage":30,"enemies":"Shell Parasite","floor":19,"turns":7},{"damage":30,"enemies":"Shelled Parasite and Fungi","floor":21,"turns":7},{"damage":36,"enemies":"3 Cultists","floor":22,"turns":3}],"seed_played":"4284255392911607952","potions_obtained":[{"floor":4,"key":"SkillPotion"},{"floor":11,"key":"Block Potion"},{"floor":14,"key":"Regen Potion"},{"floor":16,"key":"Block Potion"},{"floor":18,"key":"Dexterity Potion"}],"is_trial":false,"path_per_floor":["M","$","?","M","?","R","M","$","T","R","M","R","M","M","R","B",null,"M","M","$","M","M"],"character_chosen":"DEFECT","items_purchased":["Capacitor","Loop","Coolheaded"],"campfire_rested":1,"item_purchase_floors":[2,8,20],"current_hp_per_floor":[56,56,56,45,50,50,44,44,44,44,44,44,28,9,33,11,80,60,37,37,29,0],"gold":182,"neow_bonus":"BOSS_RELIC","is_prod":false,"is_daily":false,"chose_seed":false,"campfire_upgraded":3,"win_rate":0,"timestamp":1565247875,"path_taken":["M","$","?","M","?","R","M","?","T","R","?","R","?","M","R","BOSS","M","M","$","M","M"],"build_version":"2019-07-17","purchased_purges":0,"victory":false,"max_hp_per_floor":[75,75,75,75,80,80,80,80,80,80,80,80,80,80,80,80,80,80,80,80,80,80],"card_choices":[{"not_picked":["Gash","Sweeping Beam"],"picked":"Beam Cell","floor":1},{"not_picked":["Doom and Gloom","Streamline"],"picked":"Leap","floor":4},{"not_picked":["White Noise","Hello World"],"picked":"Ball Lightning","floor":7},{"not_picked":["Redo","Hologram"],"picked":"Cold Snap","floor":11},{"not_picked":["Steam Power","Hyperbeam"],"picked":"Self Repair","floor":13},{"not_picked":["Hello World","Storm"],"picked":"Ball Lightning","floor":14},{"not_picked":["Biased Cognition","Meteor Strike"],"picked":"Amplify","floor":16},{"not_picked":["Ball Lightning","Conserve Battery"],"picked":"Coolheaded","floor":18},{"not_picked":["Sweeping Beam","Streamline","Beam Cell"],"picked":"SKIP","floor":19},{"not_picked":["Turbo","Aggregate"],"picked":"Cold Snap","floor":21}],"player_experience":305664,"relics_obtained":[],"event_choices":[{"damage_healed":0,"gold_gain":0,"player_choice":"Leave","damage_taken":0,"max_hp_gain":0,"max_hp_loss":0,"event_name":"The Cleric","floor":3,"gold_loss":0},{"damage_healed":0,"gold_gain":0,"player_choice":"Donut","damage_taken":0,"max_hp_gain":5,"max_hp_loss":0,"event_name":"Big Fish","floor":5,"gold_loss":0}],"is_beta":false,"boss_relics":[{"not_picked":["Runic Pyramid","Calling Bell","Velvet Choker"]}],"items_purged_floors":[],"is_endless":false,"potions_floor_spawned":[4,11,14,16,18],"killed_by":"3 Cultists","ascension_level":1}