{"gold_per_floor":[110,127,127,127,52,79,23,83,133,166,178,191,191,1,1,1],"floor_reached":16,"playtime":415,"items_purged":["Strike_B"],"score":286,"play_id":"5314ebd8-c4c0-4e10-8719-8e5669238b77","local_time":"20190719165028","is_ascension_mode":true,"campfire_choices":[{"data":"Chill","floor":13,"key":"SMITH"},{"data":"Barrage","floor":15,"key":"SMITH"}],"neow_cost":"NONE","seed_source_timestamp":93713449779768,"circlet_count":0,"master_deck":["AscendersBane","Strike_B","Strike_B","Strike_B","Defend_B","Defend_B","Defend_B+1","Defend_B+1","Zap","Dualcast+1","Conserve Battery+1","Compile Driver","Auto Shields","Cold Snap","Barrage+1","Cold Snap","Chill+1","Ball Lightning","Genetic Algorithm"],"relics":["Cracked Core","NeowsBlessing","Regal Pillow","War Paint","Tiny Chest","Bag of Preparation","Turnip"],"potions_floor_usage":[8,8,10],"damage_taken":[{"damage":0,"enemies":"Cultist","floor":1,"turns":1},{"damage":0,"enemies":"2 Louse","floor":2,"turns":1},{"damage":0,"enemies":"3 Sentries","floor":6,"turns":1},{"damage":9,"enemies":"Gremlin Nob","floor":8,"turns":3},{"damage":16,"enemies":"Lagavulin","floor":10,"turns":7},{"damage":0,"enemies":"Jaw Worm","floor":11,"turns":4},{"damage":2,"enemies":"Large Slime","floor":12,"turns":5},{"damage":19,"enemies":"Hexaghost","floor":16,"turns":9}],"seed_played":"6929195663663347337","potions_obtained":[{"floor":1,"key":"SteroidPotion"},{"floor":2,"key":"Swift Potion"},{"floor":8,"key":"Block Potion"}],"is_trial":false,"path_per_floor":["M","M","?","?","?","E","$","E","T","E","M","M","R","$","R","B"],"character_chosen":"DEFECT","items_purchased":["Cold Snap","Ball Lightning","Genetic Algorithm"],"campfire_rested":0,"item_purchase_floors":[7,14,14],"current_hp_per_floor":[64,64,43,43,43,43,43,34,34,18,18,16,16,16,16,0],"gold":1,"neow_bonus":"THREE_ENEMY_KILL","is_prod":false,"is_daily":false,"chose_seed":false,"campfire_upgraded":2,"win_rate":0,"timestamp":1563547828,"path_taken":["M","?","?","?","?","E","$","E","T","E","M","M","R","$","R","BOSS"],"build_version":"2019-07-18","purchased_purges":1,"victory":false,"max_hp_per_floor":[71,71,71,71,71,71,71,71,71,71,71,71,71,71,71,71],"card_choices":[{"not_picked":["Recycle","Aggregate"],"picked":"Conserve Battery","floor":1},{"not_picked":["Go for the Eyes","Hologram"],"picked":"Compile Driver","floor":2},{"not_picked":["Chill","Fusion"],"picked":"Auto Shields","floor":6},{"not_picked":["Rip and Tear","Chaos"],"picked":"Barrage","floor":8},{"not_picked":["Thunder Strike","Redo"],"picked":"Cold Snap","floor":10},{"not_picked":["Steam","Go for the Eyes","Gash"],"picked":"SKIP","floor":11},{"not_picked":["Steam","Go for the Eyes","Gash"],"picked":"SKIP","floor":11},{"not_picked":["Conserve Battery","Compile Driver"],"picked":"Chill","floor":12}],"player_experience":1898273,"relics_obtained":[{"floor":6,"key":"War Paint"},{"floor":8,"key":"Tiny Chest"},{"floor":9,"key":"Bag of Preparation"},{"floor":10,"key":"Turnip"}],"event_choices":[{"damage_healed":0,"gold_gain":0,"player_choice":"Entered Light","damage_taken":21,"max_hp_gain":0,"max_hp_loss":0,"event_name":"Shining Light","floor":3,"gold_loss":0,"cards_upgraded":["Defend_B","Conserve Battery"]},{"damage_healed":0,"gold_gain":0,"player_choice":"Box","damage_taken":0,"relics_obtained":["Regal Pillow"],"max_hp_gain":0,"max_hp_loss":0,"event_name":"Big Fish","floor":4,"gold_loss":0,"cards_obtained":["Regret"]},{"cards_removed":["Regret"],"damage_healed":0,"gold_gain":0,"player_choice":"Card Removal","damage_taken":0,"max_hp_gain":0,"max_hp_loss":0,"event_name":"The Cleric","floor":5,"gold_loss":75}],"is_beta":true,"boss_relics":[],"items_purged_floors":[14],"is_endless":false,"potions_floor_spawned":[1,2,8],"killed_by":"Hexaghost","ascension_level":20}