{"gold_per_floor":[119,119,139,139,153,153,171,186,186,186,221,221,221,33,33,135,135,154,244,259,1,20,38,38,70,94,105,105,36,36,54,54,150,150,164,164,175,190,203,203,223,254,300,300,313,38,57,68,68,68],"floor_reached":51,"playtime":9099,"items_purged":["Strike_G","Strike_G"],"score":808,"play_id":"6097f7a2-4177-4d2e-b7fe-799ed337b18c","local_time":"20190811195228","is_ascension_mode":true,"campfire_choices":[{"data":"Neutralize","floor":6,"key":"SMITH"},{"data":"All Out Attack","floor":10,"key":"SMITH"},{"data":"Footwork","floor":12,"key":"SMITH"},{"data":"The Bomb","floor":15,"key":"SMITH"},{"data":"Apotheosis","floor":24,"key":"SMITH"},{"floor":28,"key":"REST"},{"data":"Tools of the Trade","floor":30,"key":"SMITH"},{"floor":32,"key":"REST"},{"floor":40,"key":"REST"},{"floor":44,"key":"REST"},{"floor":49,"key":"REST"}],"neow_cost":"NONE","seed_source_timestamp":566356544246100,"circlet_count":0,"master_deck":["Strike_G","Strike_G","Strike_G","Defend_G","Defend_G+1","Defend_G","Defend_G","Defend_G+1","Survivor","Neutralize+1","All Out Attack+1","Backflip","Flechettes","Blur","Footwork+1","The Bomb+1","Tools of the Trade+1","Acrobatics","Backflip","Blur","PiercingWail","Caltrops","Apotheosis+1","Well Laid Plans","Escape Plan","Footwork+1","Doppelganger","Burst","Acrobatics+1","Calculated Gamble+1","Leg Sweep","Dodge and Roll+1"],"relics":["Ring of the Snake","NeowsBlessing","Blue Candle","Shuriken","Pear","Orrery","Matryoshka","Bag of Marbles","Orichalcum","Philosopher\u0027s Stone","Mummified Hand","Happy Flower","Potion Belt"],"potions_floor_usage":[11,11,18,37,39,39,39,47,47,50],"damage_taken":[{"damage":0,"enemies":"Jaw Worm","floor":1,"turns":1},{"damage":0,"enemies":"2 Louse","floor":3,"turns":1},{"damage":0,"enemies":"Cultist","floor":5,"turns":1},{"damage":1,"enemies":"Large Slime","floor":7,"turns":10},{"damage":0,"enemies":"Red Slaver","floor":8,"turns":5},{"damage":11,"enemies":"Lagavulin","floor":11,"turns":8},{"damage":19,"enemies":"Slime Boss","floor":16,"turns":7},{"damage":0,"enemies":"Spheric Guardian","floor":18,"turns":13},{"damage":1,"enemies":"Shell Parasite","floor":20,"turns":10},{"damage":4,"enemies":"Shelled Parasite and Fungi","floor":22,"turns":11},{"damage":7,"enemies":"Centurion and Healer","floor":23,"turns":7},{"damage":15,"enemies":"Gremlin Leader","floor":25,"turns":10},{"damage":9,"enemies":"3 Cultists","floor":27,"turns":5},{"damage":18,"enemies":"Shelled Parasite and Fungi","floor":31,"turns":8},{"damage":22,"enemies":"Champ","floor":33,"turns":21},{"damage":0,"enemies":"Orb Walker","floor":35,"turns":4},{"damage":0,"enemies":"3 Darklings","floor":37,"turns":5},{"damage":35,"enemies":"Jaw Worm Horde","floor":38,"turns":3},{"damage":42,"enemies":"Transient","floor":39,"turns":5},{"damage":11,"enemies":"4 Shapes","floor":41,"turns":6},{"damage":4,"enemies":"Giant Head","floor":42,"turns":17},{"damage":3,"enemies":"3 Darklings","floor":45,"turns":6},{"damage":2,"enemies":"Transient","floor":47,"turns":5},{"damage":0,"enemies":"Maw","floor":48,"turns":9},{"damage":0,"enemies":"Donu and Deca","floor":50,"turns":11}],"seed_played":"-2162499310153966413","potions_obtained":[{"floor":3,"key":"PowerPotion"},{"floor":5,"key":"EssenceOfSteel"},{"floor":8,"key":"Fire Potion"},{"floor":27,"key":"Poison Potion"},{"floor":31,"key":"LiquidBronze"},{"floor":35,"key":"EssenceOfSteel"},{"floor":38,"key":"EssenceOfSteel"},{"floor":42,"key":"PowerPotion"},{"floor":47,"key":"SkillPotion"},{"floor":48,"key":"GhostInAJar"}],"is_trial":false,"path_per_floor":["M","?","M","?","M","R","M","M","T","R","E","R","T","$","R","B",null,"M","?","M","$","M","M","R","E","T","M","R","$","R","M","R","B",null,"M","?","M","M","M","R","M","E","T","R","M","$","M","M","R","B",null],"character_chosen":"THE_SILENT","items_purchased":["The Bomb","Apotheosis","Footwork","Leg Sweep","Weak Potion","Swift Potion"],"campfire_rested":5,"item_purchase_floors":[14,21,29,46,46,46],"current_hp_per_floor":[70,70,70,56,56,56,55,55,55,55,44,44,54,54,54,35,80,80,64,63,63,59,52,52,37,37,28,52,52,52,34,58,36,80,80,80,80,45,3,27,16,12,12,36,33,33,31,31,55,55],"gold":68,"neow_bonus":"THREE_ENEMY_KILL","is_prod":false,"is_daily":false,"chose_seed":false,"campfire_upgraded":6,"win_rate":0,"timestamp":1565520748,"path_taken":["M","?","M","?","?","R","M","M","T","R","E","R","?","$","R","BOSS","M","?","M","$","M","M","R","E","T","?","R","$","R","M","R","BOSS","M","?","M","M","M","R","?","E","T","R","M","$","M","M","R","BOSS"],"build_version":"2019-07-17","purchased_purges":2,"victory":true,"max_hp_per_floor":[70,70,70,70,70,70,70,70,70,70,70,70,80,80,80,80,80,80,80,80,80,80,80,80,80,80,80,80,80,80,80,80,80,80,80,80,80,80,80,80,80,80,80,80,80,80,80,80,80,80],"card_choices":[{"not_picked":["Slice","Distraction","Deflect"],"picked":"SKIP","floor":1},{"not_picked":["Blade Dance","Blur"],"picked":"All Out Attack","floor":3},{"not_picked":["Setup","Finisher"],"picked":"Backflip","floor":5},{"not_picked":["Eviscerate","Endless Agony"],"picked":"Flechettes","floor":7},{"not_picked":["Backflip","Acrobatics"],"picked":"Blur","floor":8},{"not_picked":["Underhanded Strike","PiercingWail"],"picked":"Footwork","floor":11},{"not_picked":["A Thousand Cuts","Doppelganger"],"picked":"Tools of the Trade","floor":16},{"not_picked":["Predator","Dagger Throw"],"picked":"Acrobatics","floor":17},{"not_picked":["Bane","Accuracy"],"picked":"Backflip","floor":17},{"not_picked":["Quick Slash","Finisher"],"picked":"Blur","floor":17},{"not_picked":["Blur","Dagger Throw"],"picked":"PiercingWail","floor":17},{"not_picked":["Prepared","Underhanded Strike"],"picked":"Caltrops","floor":18},{"not_picked":["Dagger Spray","Poisoned Stab","PiercingWail"],"picked":"SKIP","floor":20},{"not_picked":["PiercingWail+1","Quick Slash"],"picked":"Well Laid Plans","floor":22},{"not_picked":["Flying Knee+1","Backstab"],"picked":"Escape Plan","floor":23},{"not_picked":["Blur","Skewer+1","Cloak And Dagger"],"picked":"SKIP","floor":25},{"not_picked":["Underhanded Strike","Poisoned Stab","Flechettes"],"picked":"SKIP","floor":27},{"not_picked":["Underhanded Strike","Deadly Poison"],"picked":"Doppelganger","floor":31},{"not_picked":["Bullet Time","Doppelganger"],"picked":"Burst","floor":33},{"not_picked":["Prepared+1","Quick Slash+1"],"picked":"Acrobatics+1","floor":35},{"not_picked":["Dagger Throw","Acrobatics","Deflect"],"picked":"SKIP","floor":37},{"not_picked":["Well Laid Plans+1","PiercingWail","Dagger Spray+1"],"picked":"SKIP","floor":38},{"not_picked":["Outmaneuver+1","Quick Slash","Blade Dance+1"],"picked":"SKIP","floor":39},{"not_picked":["Underhanded Strike","Blade Dance+1","Outmaneuver+1"],"picked":"SKIP","floor":41},{"not_picked":["All Out Attack","Doppelganger","Dash+1"],"picked":"SKIP","floor":42},{"not_picked":["Masterful Stab+1","Deadly Poison"],"picked":"Calculated Gamble+1","floor":45},{"not_picked":["Underhanded Strike+1","Skewer+1","Eviscerate"],"picked":"SKIP","floor":47},{"not_picked":["Setup+1","Dagger Throw"],"picked":"Dodge and Roll+1","floor":48}],"player_experience":285288,"relics_obtained":[{"floor":9,"key":"Blue Candle"},{"floor":11,"key":"Shuriken"},{"floor":13,"key":"Pear"},{"floor":25,"key":"Matryoshka"},{"floor":26,"key":"Bag of Marbles"},{"floor":26,"key":"Orichalcum"},{"floor":42,"key":"Mummified Hand"},{"floor":43,"key":"Happy Flower"},{"floor":43,"key":"Potion Belt"}],"event_choices":[{"damage_healed":0,"gold_gain":0,"player_choice":"Ignored","damage_taken":0,"max_hp_gain":0,"max_hp_loss":0,"event_name":"Liars Game","floor":2,"gold_loss":0},{"damage_healed":0,"gold_gain":0,"player_choice":"Entered Light","damage_taken":14,"max_hp_gain":0,"max_hp_loss":0,"event_name":"Shining Light","floor":4,"gold_loss":0,"cards_upgraded":["Defend_G","Defend_G"]},{"damage_healed":0,"gold_gain":90,"player_choice":"GOLD ","damage_taken":16,"max_hp_gain":0,"max_hp_loss":0,"event_name":"Knowing Skull","floor":19,"potions_obtained":[],"gold_loss":0,"cards_obtained":[]},{"damage_healed":0,"gold_gain":0,"player_choice":"Upgraded","damage_taken":0,"max_hp_gain":0,"max_hp_loss":0,"event_name":"Upgrade Shrine","floor":36,"gold_loss":0,"cards_upgraded":["Footwork"]}],"is_beta":false,"boss_relics":[{"not_picked":["Ectoplasm","Tiny House"],"picked":"Orrery"},{"not_picked":["HoveringKite","Coffee Dripper"],"picked":"Philosopher\u0027s Stone"}],"items_purged_floors":[21,46],"is_endless":false,"potions_floor_spawned":[3,5,8,27,31,35,38,42,47,48],"ascension_level":3}