{"gold_per_floor":[116,116,27,82,82,116,116,41,95,107,132,143,143,172,172,244,244,262,262,273,548,95,95],"floor_reached":23,"playtime":7674,"items_purged":["Regret"],"score":560,"play_id":"ad6fa553-34d0-460c-8141-9b83acb255d7","local_time":"20190731200826","is_ascension_mode":true,"campfire_choices":[{"floor":7.0,"key":"REST"},{"data":"Ghostly Armor","floor":15.0,"key":"SMITH"}],"neow_cost":"NONE","seed_source_timestamp":0,"circlet_count":0,"master_deck":["AscendersBane","Strike_R+1","Strike_R+1","Strike_R","Strike_R+1","Defend_R","Defend_R","Defend_R","Defend_R","Bash+1","Pommel Strike","Carnage+1","Shrug It Off","Pommel Strike","Barricade","Ghostly Armor+1","Headbutt","Feed","Shockwave","Metallicize+1","Secret Technique"],"special_seed":0,"relics":["Burning Blood","NeowsBlessing","Vajra","Regal Pillow","Whetstone","Smiling Mask","Oddly Smooth Stone","Runic Dome","Medical Kit"],"potions_floor_usage":[23,23],"damage_taken":[{"damage":0.0,"enemies":"Small Slimes","floor":1.0,"turns":1.0},{"damage":0.0,"enemies":"Gremlin Nob","floor":6.0,"turns":1.0},{"damage":0.0,"enemies":"2 Louse","floor":10.0,"turns":1.0},{"damage":19.0,"enemies":"3 Sentries","floor":11.0,"turns":8.0},{"damage":7.0,"enemies":"Jaw Worm","floor":12.0,"turns":3.0},{"damage":8.0,"enemies":"Gremlin Nob","floor":14.0,"turns":3.0},{"damage":0.0,"enemies":"Slime Boss","floor":16.0,"turns":9.0},{"damage":12.0,"enemies":"Chosen","floor":18.0,"turns":3.0},{"damage":12.0,"enemies":"Shell Parasite","floor":20.0,"turns":3.0},{"damage":67,"enemies":"Gremlin Leader","floor":23,"turns":6}],"seed_played":"3125085721014197385","potions_obtained":[{"floor":6.0,"key":"SkillPotion"},{"floor":11.0,"key":"Energy Potion"},{"floor":12.0,"key":"FearPotion"},{"floor":20.0,"key":"SkillPotion"}],"is_trial":false,"path_per_floor":["M","?","$","?","?","E","R","?","T","M","E","M","?","E","R","B",null,"M","?","M","?","$","E"],"character_chosen":"IRONCLAD","items_purchased":["Carnage","Secret Technique","Medical Kit"],"campfire_rested":1,"item_purchase_floors":[3,22,22],"current_hp_per_floor":[74,48,48,48,25,31,68,68,68,74,61,60,60,58,58,64,72,66,66,60,60,60,0],"gold":95,"neow_bonus":"THREE_ENEMY_KILL","is_prod":false,"is_daily":false,"chose_seed":false,"campfire_upgraded":1,"win_rate":0,"timestamp":1564592906,"path_taken":["M","?","$","?","?","E","R","?","T","M","E","M","?","E","R","BOSS","M","?","M","?","$","E"],"build_version":"2019-07-17","purchased_purges":1,"victory":false,"max_hp_per_floor":[75,75,75,75,75,75,75,75,75,75,75,75,75,75,75,75,75,75,75,75,75,75,75],"card_choices":[{"not_picked":["Warcry","Heavy Blade"],"picked":"Pommel Strike","floor":1.0},{"not_picked":["Thunderclap","Searing Blow"],"picked":"Shrug It Off","floor":6.0},{"not_picked":["Iron Wave","Clash"],"picked":"Pommel Strike","floor":10.0},{"not_picked":["Anger","Thunderclap"],"picked":"Barricade","floor":11.0},{"not_picked":["Shrug It Off","Warcry"],"picked":"Ghostly Armor","floor":12.0},{"not_picked":["Perfected Strike","Blood for Blood"],"picked":"Headbutt","floor":14.0},{"not_picked":["Berserk","Brutality"],"picked":"Feed","floor":16.0},{"not_picked":["Flex","Pummel"],"picked":"Shockwave","floor":18.0},{"not_picked":["Iron Wave","Sentinel"],"picked":"Metallicize+1","floor":20.0}],"player_experience":1139258,"relics_obtained":[{"floor":6.0,"key":"Regal Pillow"},{"floor":9.0,"key":"Whetstone"},{"floor":11.0,"key":"Smiling Mask"},{"floor":14.0,"key":"Oddly Smooth Stone"}],"event_choices":[{"damage_healed":0.0,"max_hp_gain":0.0,"max_hp_loss":0.0,"gold_gain":0.0,"event_name":"Scrap Ooze","player_choice":"Success","floor":2.0,"gold_loss":0.0,"damage_taken":26.0,"relics_obtained":["Vajra"]},{"damage_healed":0.0,"max_hp_gain":0.0,"max_hp_loss":0.0,"gold_gain":55.0,"event_name":"Golden Wing","player_choice":"Gained Gold","floor":4.0,"gold_loss":0.0,"damage_taken":0.0},{"damage_healed":0.0,"max_hp_gain":0.0,"max_hp_loss":0.0,"gold_gain":0.0,"event_name":"Shining Light","player_choice":"Entered Light","floor":5.0,"gold_loss":0.0,"damage_taken":23.0,"cards_upgraded":["Bash","Strike_R"]},{"cards_removed":["Strike_R"],"damage_healed":0.0,"max_hp_gain":0.0,"max_hp_loss":0.0,"gold_gain":0.0,"event_name":"The Cleric","player_choice":"Card Removal","floor":8.0,"gold_loss":75.0,"damage_taken":0.0},{"damage_healed":0.0,"max_hp_gain":0.0,"max_hp_loss":0.0,"gold_gain":0.0,"event_name":"Living Wall","player_choice":"Grow","floor":13.0,"gold_loss":0.0,"damage_taken":0.0,"cards_upgraded":["Carnage"]},{"damage_healed":0.0,"max_hp_gain":0.0,"max_hp_loss":0.0,"gold_gain":0.0,"event_name":"The Mausoleum","player_choice":"Ignored","floor":19.0,"gold_loss":0.0,"damage_taken":0.0},{"damage_healed":0.0,"max_hp_gain":0.0,"max_hp_loss":0.0,"gold_gain":275.0,"event_name":"Golden Shrine","player_choice":"Desecrate","floor":21.0,"gold_loss":0.0,"damage_taken":0.0,"cards_obtained":["Regret"]}],"is_beta":false,"boss_relics":[{"not_picked":["Mark of Pain","Coffee Dripper"],"picked":"Runic Dome"}],"items_purged_floors":[22],"is_endless":false,"potions_floor_spawned":[6,11,12,14,20],"killed_by":"Gremlin Leader","ascension_level":20}