{"gold_per_floor":[117,117,117,134,153,153,183,203,203,7,19,37,55,65,65,65],"floor_reached":16,"playtime":2577,"items_purged":[],"score":106,"play_id":"629d1702-b9e0-41b8-9ad6-88e55572a7b4","local_time":"20190710122329","is_ascension_mode":false,"campfire_choices":[{"data":"Go for the Eyes","floor":6,"key":"SMITH"},{"data":"Consume","floor":15,"key":"SMITH"}],"neow_cost":"NONE","seed_source_timestamp":129916069608849,"circlet_count":0,"master_deck":["Strike_B","Strike_B","Strike_B","Strike_B","Defend_B","Defend_B","Defend_B","Defend_B","Zap+1","Dualcast","Leap","Coolheaded","Go for the Eyes+1","Loop","Loop","FTL","Consume+1","Capacitor","Ball Lightning","Barrage","Coolheaded","Self Repair"],"relics":["Cracked Core","Bag of Marbles","Ancient Tea Set","PreservedInsect"],"potions_floor_usage":[],"damage_taken":[{"damage":0,"enemies":"Small Slimes","floor":1,"turns":3},{"damage":1,"enemies":"Jaw Worm","floor":4,"turns":3},{"damage":0,"enemies":"2 Louse","floor":5,"turns":2},{"damage":14,"enemies":"Gremlin Nob","floor":7,"turns":4},{"damage":0,"enemies":"Looter","floor":8,"turns":3},{"damage":8,"enemies":"Red Slaver","floor":11,"turns":3},{"damage":4,"enemies":"Lots of Slimes","floor":12,"turns":4},{"damage":1,"enemies":"Looter","floor":13,"turns":2},{"damage":6,"enemies":"Blue Slaver","floor":14,"turns":3},{"damage":45,"enemies":"Slime Boss","floor":16,"turns":10}],"seed_played":"2369009138793108197","potions_obtained":[{"floor":4,"key":"Block Potion"},{"floor":7,"key":"AttackPotion"},{"floor":12,"key":"SkillPotion"}],"is_trial":false,"path_per_floor":["M","?","T","M","M","R","E","M","T","$","M","M","M","M","R","B"],"character_chosen":"DEFECT","items_purchased":["FTL","Consume","Capacitor"],"campfire_rested":0,"item_purchase_floors":[10,10,10],"current_hp_per_floor":[75,75,75,74,74,74,60,60,60,60,52,48,47,41,41,0],"gold":65,"neow_bonus":"UPGRADE_CARD","is_prod":false,"is_daily":false,"chose_seed":false,"campfire_upgraded":2,"win_rate":1,"timestamp":1562775809,"path_taken":["M","?","?","M","M","R","E","M","T","?","M","M","M","M","R","BOSS"],"build_version":"2019-07-05","purchased_purges":0,"victory":false,"max_hp_per_floor":[75,75,75,75,75,75,75,75,75,75,75,75,75,75,75,75],"card_choices":[{"not_picked":["Stack","Beam Cell"],"picked":"Leap","floor":1},{"not_picked":["Hologram","White Noise"],"picked":"Coolheaded","floor":4},{"not_picked":["Skim","Gash"],"picked":"Go for the Eyes","floor":5},{"not_picked":["Chaos","Hologram"],"picked":"Loop","floor":7},{"not_picked":["Darkness","Aggregate"],"picked":"Loop","floor":8},{"not_picked":["Compile Driver","Streamline"],"picked":"Ball Lightning","floor":11},{"not_picked":["Steam","Fission"],"picked":"Barrage","floor":12},{"not_picked":["Stack","Rip and Tear"],"picked":"Coolheaded","floor":13},{"not_picked":["Gash","Aggregate"],"picked":"Self Repair","floor":14}],"player_experience":51817,"relics_obtained":[{"floor":3,"key":"Bag of Marbles"},{"floor":7,"key":"Ancient Tea Set"},{"floor":9,"key":"PreservedInsect"}],"event_choices":[{"damage_healed":0,"gold_gain":0,"player_choice":"Ignored","damage_taken":0,"max_hp_gain":0,"max_hp_loss":0,"event_name":"Liars Game","floor":2,"gold_loss":0}],"is_beta":false,"boss_relics":[],"items_purged_floors":[],"is_endless":false,"potions_floor_spawned":[4,7,12],"killed_by":"Slime Boss","ascension_level":0}