{"gold_per_floor":[115,127,39,39,39,39,95,20,43,43,73,73,90,118,118,193,193],"floor_reached":17,"playtime":593,"items_purged":["Strike_G"],"score":392,"play_id":"5eb29470-c13a-45db-9c2e-5aa3d17335f0","local_time":"20190802235134","is_ascension_mode":true,"campfire_choices":[{"data":"Noxious Fumes","floor":6.0,"key":"SMITH"},{"data":"Prepared","floor":15.0,"key":"SMITH"}],"neow_cost":"NONE","seed_source_timestamp":451991518460524,"circlet_count":0,"master_deck":["AscendersBane","Strike_G","Strike_G","Defend_G","Defend_G","Defend_G","Defend_G","Defend_G","Survivor","Neutralize+1","Heel Hook","Noxious Fumes+1","Masterful Stab","Infinite Blades","Prepared+1","Heel Hook"],"special_seed":0,"relics":["Ring of the Snake","NeowsBlessing","Tiny Chest","Bag of Marbles","Darkstone Periapt","Calling Bell"],"potions_floor_usage":[],"damage_taken":[{"damage":0.0,"enemies":"Cultist","floor":1.0,"turns":1.0},{"damage":0.0,"enemies":"Small Slimes","floor":2.0,"turns":1.0},{"damage":0.0,"enemies":"3 Sentries","floor":7.0,"turns":1.0},{"damage":11.0,"enemies":"Lagavulin","floor":11.0,"turns":8.0},{"damage":0.0,"enemies":"2 Louse","floor":13.0,"turns":2.0},{"damage":27.0,"enemies":"Gremlin Nob","floor":14.0,"turns":4.0},{"damage":17.0,"enemies":"The Guardian","floor":16.0,"turns":9.0}],"seed_played":"4575670937567312568","potions_obtained":[{"floor":1.0,"key":"SkillPotion"},{"floor":13.0,"key":"SkillPotion"}],"is_trial":false,"path_per_floor":["M","M","$","?","$","R","E","$","T","?","E","?","M","E","R","B",null],"character_chosen":"THE_SILENT","items_purchased":["Noxious Fumes"],"campfire_rested":0,"item_purchase_floors":[3],"current_hp_per_floor":[59,59,59,59,59,59,59,59,59,59,48,48,48,21,21,4,4],"gold":193,"neow_bonus":"THREE_ENEMY_KILL","is_prod":false,"is_daily":false,"chose_seed":false,"campfire_upgraded":2,"win_rate":0,"timestamp":1564757494,"path_taken":["M","?","$","?","$","R","E","?","T","?","E","?","?","E","R","BOSS"],"build_version":"2019-07-17","purchased_purges":1,"victory":false,"max_hp_per_floor":[66,66,66,66,66,66,66,66,66,66,66,66,66,66,66,66,66],"card_choices":[{"not_picked":["Quick Slash","Underhanded Strike","Blur"],"picked":"SKIP","floor":1.0},{"not_picked":["Dagger Throw","Sucker Punch"],"picked":"Heel Hook","floor":2.0},{"not_picked":["Envenom","Slice"],"picked":"Masterful Stab","floor":7.0},{"not_picked":["Dagger Spray","Flying Knee","Deadly Poison"],"picked":"SKIP","floor":11.0},{"not_picked":["Deflect","Dodge and Roll"],"picked":"Prepared","floor":13.0},{"not_picked":["Choke","Caltrops"],"picked":"Heel Hook","floor":14.0}],"player_experience":737951,"relics_obtained":[{"floor":7.0,"key":"Tiny Chest"},{"floor":9.0,"key":"Bag of Marbles"},{"floor":14.0,"key":"Darkstone Periapt"}],"event_choices":[{"cards_removed":["Strike_G"],"damage_healed":0.0,"max_hp_gain":0.0,"max_hp_loss":0.0,"gold_gain":0.0,"event_name":"Purifier","player_choice":"Purged","floor":4.0,"gold_loss":0.0,"damage_taken":0.0},{"damage_healed":0.0,"max_hp_gain":0.0,"max_hp_loss":0.0,"gold_gain":0.0,"cards_transformed":["Strike_G"],"event_name":"Living Wall","player_choice":"Change","floor":10.0,"gold_loss":0.0,"damage_taken":0.0,"cards_obtained":["Infinite Blades"]},{"damage_healed":0.0,"max_hp_gain":0.0,"max_hp_loss":0.0,"gold_gain":0.0,"event_name":"Accursed Blacksmith","player_choice":"Forge","floor":12.0,"gold_loss":0.0,"damage_taken":0.0,"cards_upgraded":["Neutralize"]}],"is_beta":false,"boss_relics":[{"not_picked":["Snecko Eye","Orrery"],"picked":"Calling Bell"}],"items_purged_floors":[8],"is_endless":false,"potions_floor_spawned":[1,13,14],"ascension_level":20}