{"gold_per_floor":[316,9,21,32,32,68,68,104,156,156,195,470,486,16,16,115,115,133,171,171,187,187,187,222,222,273,58,72,72,108,128,128,221,221,245,261,274,295,55,88,88,119,119,159,159,209,224,36,36,36,36,36,36,10,44,44],"floor_reached":56,"playtime":7047,"items_purged":["Regret","Strike_G+1","Strike_G+1","Strike_G+1"],"score":2332,"play_id":"3da379d2-4617-4ea8-9aec-cf70550e70f7","local_time":"20190729030708","is_ascension_mode":true,"campfire_choices":[{"data":"Glass Knife","floor":7.0,"key":"SMITH"},{"data":"Neutralize","floor":10.0,"key":"SMITH"},{"data":"Well Laid Plans","floor":15.0,"key":"SMITH"},{"floor":23.0,"key":"REST"},{"floor":25.0,"key":"REST"},{"data":"Leg Sweep","floor":29.0,"key":"SMITH"},{"data":"Dash","floor":32.0,"key":"SMITH"},{"floor":41.0,"key":"RECALL"},{"floor":45.0,"key":"REST"},{"floor":49.0,"key":"REST"},{"floor":53.0,"key":"REST"}],"neow_cost":"NO_GOLD","seed_source_timestamp":785305818345139,"circlet_count":0,"master_deck":["AscendersBane","Strike_G+1","Strike_G+1","Defend_G+1","Defend_G+1","Defend_G+1","Defend_G+1","Defend_G+1","Survivor","Neutralize+1","Dagger Spray","Glass Knife+1","Leg Sweep+1","Backstab","Backflip+1","Acrobatics+1","Dash+1","Well Laid Plans+1","Acrobatics+1","Night Terror+1","Deflect+1","Deadly Poison+1","Dodge and Roll+1","Bandage Up+1","Deadly Poison+1","Night Terror+1","Cloak And Dagger+1","Catalyst+1","Doppelganger+1","Deadly Poison+1","Deadly Poison+1","Backflip+1","Expertise+1","Deflect+1","Crippling Poison+1","Backflip+1","Blur+1","Escape Plan+1","Acrobatics+1","Acrobatics+1","Outmaneuver+1"],"special_seed":0,"relics":["Ring of the Snake","Old Coin","Sling","Golden Idol","Toxic Egg 2","Boot","Blood Vial","Bag of Preparation","Turnip","Philosopher\u0027s Stone","Red Mask","Ginger","Smiling Mask","Omamori","Fusion Hammer","Bronze Scales","Molten Egg 2","Pocketwatch","Dodecahedron"],"potions_floor_usage":[56,56],"damage_taken":[{"damage":1.0,"enemies":"2 Louse","floor":1.0,"turns":3.0},{"damage":3.0,"enemies":"Small Slimes","floor":3.0,"turns":5.0},{"damage":0.0,"enemies":"Cultist","floor":4.0,"turns":4.0},{"damage":8.0,"enemies":"Gremlin Nob","floor":6.0,"turns":3.0},{"damage":5.0,"enemies":"3 Sentries","floor":8.0,"turns":6.0},{"damage":10.0,"enemies":"Lagavulin","floor":11.0,"turns":5.0},{"damage":3.0,"enemies":"Large Slime","floor":13.0,"turns":6.0},{"damage":0.0,"enemies":"Slime Boss","floor":16.0,"turns":5.0},{"damage":12.0,"enemies":"2 Thieves","floor":18.0,"turns":5.0},{"damage":32.0,"enemies":"Masked Bandits","floor":19.0,"turns":5.0},{"damage":0.0,"enemies":"Shell Parasite","floor":21.0,"turns":4.0},{"damage":0.0,"enemies":"Slavers","floor":24.0,"turns":7.0},{"damage":2.0,"enemies":"Shelled Parasite and Fungi","floor":28.0,"turns":4.0},{"damage":0.0,"enemies":"Gremlin Leader","floor":30.0,"turns":3.0},{"damage":4.0,"enemies":"Cultist and Chosen","floor":31.0,"turns":6.0},{"damage":36.0,"enemies":"Automaton","floor":33.0,"turns":7.0},{"damage":0.0,"enemies":"3 Darklings","floor":35.0,"turns":5.0},{"damage":0.0,"enemies":"Orb Walker","floor":36.0,"turns":3.0},{"damage":6.0,"enemies":"Spire Growth","floor":37.0,"turns":3.0},{"damage":5.0,"enemies":"Transient","floor":38.0,"turns":6.0},{"damage":14.0,"enemies":"Reptomancer","floor":40.0,"turns":5.0},{"damage":12.0,"enemies":"Nemesis","floor":42.0,"turns":5.0},{"damage":0.0,"enemies":"Reptomancer","floor":44.0,"turns":2.0},{"damage":9.0,"enemies":"Jaw Worm Horde","floor":47.0,"turns":4.0},{"damage":16.0,"enemies":"Awakened One","floor":50.0,"turns":15.0},{"damage":17.0,"enemies":"Time Eater","floor":51.0,"turns":9.0},{"damage":24.0,"enemies":"Shield and Spear","floor":55.0,"turns":9.0},{"damage":62,"enemies":"The Heart","floor":56,"turns":5}],"seed_played":"7248391399217585290","potions_obtained":[{"floor":4.0,"key":"Fire Potion"},{"floor":11.0,"key":"Dexterity Potion"},{"floor":13.0,"key":"Fire Potion"},{"floor":19.0,"key":"Fire Potion"},{"floor":24.0,"key":"LiquidBronze"},{"floor":28.0,"key":"Block Potion"},{"floor":33.0,"key":"Fire Potion"},{"floor":42.0,"key":"PowerPotion"}],"is_trial":false,"path_per_floor":["M","$","M","M","?","E","R","E","T","R","E","?","M","$","R","B",null,"M","?","?","M","?","R","E","R","T","$","M","R","E","M","R","B",null,"M","M","M","M","$","E","R","E","T","E","R","?","M","$","R","B","B",null,"R","$","E","B"],"character_chosen":"THE_SILENT","items_purchased":["Sling","Glass Knife","Turnip","Acrobatics+1","Bandage Up+1","Deadly Poison+1","Deflect+1","PowerPotion","Crippling Poison+1","Escape Plan+1","Acrobatics+1","Acrobatics+1"],"campfire_rested":5,"item_purchase_floors":[2,2,14,14,27,27,39,39,39,48,48,54],"current_hp_per_floor":[58,58,55,55,55,47,47,42,42,42,34,34,33,33,33,35,54,44,14,14,16,16,34,36,54,54,54,58,58,60,56,56,24,51,59,60,54,57,57,51,51,60,60,60,60,54,51,51,60,60,43,56,60,60,60,0],"gold":44,"neow_bonus":"ONE_RARE_RELIC","is_prod":false,"is_daily":false,"chose_seed":false,"campfire_upgraded":5,"win_rate":0,"timestamp":1564358828,"path_taken":["M","$","M","M","?","E","R","E","T","R","E","?","M","$","R","BOSS","M","?","?","M","?","R","E","R","T","?","M","R","E","M","R","BOSS","M","?","M","M","$","E","R","E","T","E","R","?","?","$","R","BOSS","BOSS","R","$","E","BOSS"],"build_version":"2019-07-17","purchased_purges":4,"victory":false,"max_hp_per_floor":[66,66,66,66,60,60,60,60,60,60,60,60,60,60,60,60,60,60,60,60,60,60,60,60,60,60,60,60,60,60,60,60,60,60,60,60,60,60,60,60,60,60,60,60,60,60,60,60,60,60,60,60,60,60,60,60],"card_choices":[{"not_picked":["Cloak And Dagger","Expertise"],"picked":"Dagger Spray","floor":1.0},{"not_picked":["Flechettes","Prepared"],"picked":"Leg Sweep","floor":3.0},{"not_picked":["Cloak And Dagger","Dagger Spray"],"picked":"Backstab","floor":4.0},{"not_picked":["Blade Dance","Dagger Throw"],"picked":"Backflip","floor":6.0},{"not_picked":["Underhanded Strike","Dash"],"picked":"Acrobatics+1","floor":8.0},{"not_picked":["Concentrate+1","Calculated Gamble+1"],"picked":"Dash","floor":11.0},{"not_picked":["Flying Knee","Backflip+1"],"picked":"Well Laid Plans","floor":13.0},{"not_picked":["Envenom","Venomology+1"],"picked":"Night Terror+1","floor":16.0},{"not_picked":["Bane","Heel Hook"],"picked":"Deflect+1","floor":18.0},{"not_picked":["Sucker Punch","Underhanded Strike"],"picked":"Deadly Poison+1","floor":19.0},{"not_picked":["Underhanded Strike","Choke","Sucker Punch"],"picked":"SKIP","floor":21.0},{"not_picked":["Sucker Punch","Reflex+1"],"picked":"Dodge and Roll+1","floor":24.0},{"not_picked":["Poisoned Stab","Prepared+1"],"picked":"Night Terror+1","floor":28.0},{"not_picked":["Eviscerate","Bane"],"picked":"Cloak And Dagger+1","floor":30.0},{"not_picked":["Setup+1","Blur+1"],"picked":"Catalyst+1","floor":31.0},{"not_picked":["A Thousand Cuts","Venomology+1"],"picked":"Doppelganger+1","floor":33.0},{"not_picked":["Finisher","Dagger Throw"],"picked":"Deadly Poison+1","floor":35.0},{"not_picked":["Distraction+1","Eviscerate"],"picked":"Deadly Poison+1","floor":36.0},{"not_picked":["Deflect+1","Blur+1"],"picked":"Backflip+1","floor":37.0},{"not_picked":["Blade Dance+1","Cloak And Dagger+1"],"picked":"Expertise+1","floor":38.0},{"not_picked":["Dagger Throw","Predator","Blade Dance+1"],"picked":"SKIP","floor":40.0},{"not_picked":["Cloak And Dagger+1","Dagger Throw","Reflex+1"],"picked":"SKIP","floor":42.0},{"not_picked":["Dagger Spray+1","Outmaneuver+1"],"picked":"Backflip+1","floor":44.0},{"not_picked":["Slice+1","Riddle With Holes+1"],"picked":"Blur+1","floor":47.0},{"not_picked":["Reflex+1","Finisher+1"],"picked":"Outmaneuver+1","floor":55.0}],"player_experience":1042799,"relics_obtained":[{"floor":6.0,"key":"Toxic Egg 2"},{"floor":8.0,"key":"Boot"},{"floor":9.0,"key":"Blood Vial"},{"floor":11.0,"key":"Bag of Preparation"},{"floor":19.0,"key":"Red Mask"},{"floor":24.0,"key":"Ginger"},{"floor":26.0,"key":"Smiling Mask"},{"floor":30.0,"key":"Omamori"},{"floor":40.0,"key":"Bronze Scales"},{"floor":42.0,"key":"Molten Egg 2"},{"floor":44.0,"key":"Pocketwatch"},{"floor":55.0,"key":"Dodecahedron"}],"event_choices":[{"damage_healed":0.0,"max_hp_gain":0.0,"max_hp_loss":6.0,"gold_gain":0.0,"event_name":"Golden Idol","player_choice":"Lose Max HP","floor":5.0,"gold_loss":0.0,"damage_taken":0.0,"relics_obtained":["Golden Idol"]},{"damage_healed":0.0,"max_hp_gain":0.0,"max_hp_loss":0.0,"gold_gain":275.0,"event_name":"Golden Shrine","player_choice":"Desecrate","floor":12.0,"gold_loss":0.0,"damage_taken":0.0,"cards_obtained":["Regret"]},{"damage_healed":0.0,"max_hp_gain":0.0,"max_hp_loss":0.0,"gold_gain":0.0,"event_name":"Masked Bandits","player_choice":"Fought Bandits","floor":19.0,"gold_loss":0.0,"damage_taken":0.0},{"damage_healed":0.0,"max_hp_gain":0.0,"max_hp_loss":0.0,"gold_gain":0.0,"event_name":"Cursed Tome","player_choice":"Ignored","floor":20.0,"gold_loss":0.0,"damage_taken":0.0},{"damage_healed":0.0,"max_hp_gain":0.0,"max_hp_loss":0.0,"gold_gain":0.0,"event_name":"Back to Basics","player_choice":"Simplicity","floor":22.0,"gold_loss":0.0,"damage_taken":0.0,"cards_upgraded":["Strike_G","Strike_G","Strike_G","Strike_G","Strike_G","Defend_G","Defend_G","Defend_G","Defend_G","Defend_G"]},{"damage_healed":0.0,"max_hp_gain":0.0,"max_hp_loss":0.0,"gold_gain":50.0,"event_name":"FaceTrader","player_choice":"Touch","floor":46.0,"gold_loss":0.0,"damage_taken":6.0}],"is_beta":false,"boss_relics":[{"not_picked":["Empty Cage","White Beast Statue"],"picked":"Philosopher\u0027s Stone"},{"not_picked":["Pandora\u0027s Box","Coffee Dripper"],"picked":"Fusion Hammer"}],"items_purged_floors":[14,27,39,48],"is_endless":false,"potions_floor_spawned":[4,11,13,19,24,28,33,35,42,44],"killed_by":"The Heart","ascension_level":20}