{"gold_per_floor":[109,34,34,34,52,81,96,96,123,123,140,159,159,170,170,267,267,279,194,42,141,66,66,76,76,130,130,130,130,160,171,171,274,274,291,301,321,321,341,341,216,229,229,229,242,258,168,18,18,18],"floor_reached":51,"playtime":5832,"items_purged":["Strike_R","Strike_R","Defend_R","Defend_R+1"],"score":692,"play_id":"7c4b7eb4-ba26-4f11-ac44-8a4c24d2b37a","local_time":"20190709211157","is_ascension_mode":false,"campfire_choices":[{"data":"Whirlwind","floor":10,"key":"SMITH"},{"data":"Bash","floor":13,"key":"SMITH"},{"data":"Disarm","floor":15,"key":"SMITH"},{"data":"Demon Form","floor":23,"key":"SMITH"},{"data":"Infernal Blade","floor":25,"key":"SMITH"},{"data":"Shrug It Off","floor":28,"key":"SMITH"},{"data":"Battle Trance","floor":32,"key":"SMITH"},{"data":"Whirlwind","floor":40,"key":"SMITH"},{"floor":44,"key":"REST"},{"data":"Shrug It Off","floor":49,"key":"SMITH"}],"neow_cost":"NONE","seed_source_timestamp":71928223344520,"circlet_count":0,"master_deck":["Defend_R+1","Bash+1","Cleave","Whirlwind+1","Infernal Blade+1","Headbutt","Disarm+1","Shrug It Off+1","Pommel Strike","Demon Form+1","Heavy Blade+1","Shrug It Off+1","Defend_B+1","Whirlwind+1","Battle Trance+1","Offering"],"relics":["Burning Blood","Pen Nib","PreservedInsect","Sozu","Blood Vial","Regal Pillow","Nilry\u0027s Codex","Bottled Tornado","Velvet Choker","Gremlin Horn"],"potions_floor_usage":[50,50],"damage_taken":[{"damage":1,"enemies":"Jaw Worm","floor":1,"turns":4},{"damage":1,"enemies":"2 Louse","floor":5,"turns":2},{"damage":9,"enemies":"3 Sentries","floor":6,"turns":6},{"damage":1,"enemies":"Cultist","floor":7,"turns":4},{"damage":0,"enemies":"Exordium Wildlife","floor":11,"turns":1},{"damage":4,"enemies":"Blue Slaver","floor":12,"turns":4},{"damage":0,"enemies":"Large Slime","floor":14,"turns":4},{"damage":35,"enemies":"Slime Boss","floor":16,"turns":8},{"damage":6,"enemies":"Shell Parasite","floor":18,"turns":6},{"damage":2,"enemies":"Chosen","floor":24,"turns":3},{"damage":0,"enemies":"Book of Stabbing","floor":30,"turns":4},{"damage":8,"enemies":"Centurion and Healer","floor":31,"turns":4},{"damage":29,"enemies":"Automaton","floor":33,"turns":5},{"damage":35,"enemies":"3 Shapes","floor":35,"turns":2},{"damage":21,"enemies":"3 Darklings","floor":36,"turns":3},{"damage":0,"enemies":"Sphere and 2 Shapes","floor":37,"turns":2},{"damage":6,"enemies":"Maw","floor":39,"turns":6},{"damage":21,"enemies":"Jaw Worm Horde","floor":42,"turns":2},{"damage":12,"enemies":"Writhing Mass","floor":45,"turns":4},{"damage":7,"enemies":"Transient","floor":46,"turns":5},{"damage":60,"enemies":"Donu and Deca","floor":50,"turns":7}],"seed_played":"-201105134841116907","potions_obtained":[{"floor":6,"key":"SteroidPotion"},{"floor":12,"key":"LiquidBronze"}],"is_trial":false,"path_per_floor":["M","$","?","?","M","E","M","?","T","R","M","M","R","M","R","B",null,"M","?","$","?","?","R","M","R","T","?","R","?","E","M","R","B",null,"M","M","M","?","M","R","$","M","T","R","M","M","?","$","R","B",null],"character_chosen":"IRONCLAD","items_purchased":["Shrug It Off"],"campfire_rested":1,"item_purchase_floors":[20],"current_hp_per_floor":[80,80,64,64,69,66,71,76,76,76,82,84,84,85,85,56,85,85,85,85,85,85,85,85,85,85,69,69,69,77,77,77,56,85,56,43,51,51,53,53,53,40,40,80,76,77,77,77,77,25],"gold":18,"neow_bonus":"THREE_CARDS","is_prod":false,"is_daily":false,"chose_seed":false,"campfire_upgraded":9,"win_rate":0.0,"timestamp":1562721117,"path_taken":["M","$","?","?","M","E","?","?","T","R","M","M","R","M","R","BOSS","M","?","$","?","?","R","?","R","T","?","R","?","E","M","R","BOSS","M","M","?","?","?","R","$","M","T","R","M","?","?","$","R","BOSS"],"build_version":"2019-07-05","purchased_purges":4,"victory":true,"max_hp_per_floor":[80,80,80,80,80,80,80,85,85,85,85,85,85,85,85,85,85,85,85,85,85,85,85,85,85,85,85,85,85,85,85,85,85,85,85,85,85,85,85,85,85,85,85,85,85,85,85,85,85,85],"card_choices":[{"not_picked":["Anger","Warcry"],"picked":"Cleave","floor":0},{"not_picked":["Clothesline","Clash"],"picked":"Whirlwind","floor":1},{"not_picked":["Anger","Fire Breathing"],"picked":"Headbutt","floor":5},{"not_picked":["Heavy Blade","Clothesline"],"picked":"Disarm","floor":6},{"not_picked":["Warcry","Anger","Clothesline"],"picked":"SKIP","floor":7},{"not_picked":["Heavy Blade","Berserk","Corruption"],"picked":"SKIP","floor":11},{"not_picked":["Heavy Blade","Reckless Charge"],"picked":"Shrug It Off","floor":12},{"not_picked":["Clothesline","Headbutt"],"picked":"Pommel Strike","floor":14},{"not_picked":["Offering","Juggernaut"],"picked":"Demon Form","floor":16},{"not_picked":["Rage","Armaments"],"picked":"Heavy Blade+1","floor":18},{"not_picked":["Power Through","Cleave","Pommel Strike"],"picked":"SKIP","floor":24},{"not_picked":["Intimidate","Shrug It Off"],"picked":"Whirlwind","floor":30},{"not_picked":["Rage","Dropkick"],"picked":"Battle Trance","floor":31},{"not_picked":["Dark Embrace","Limit Break"],"picked":"Offering","floor":33},{"not_picked":["Seeing Red","Body Slam","Inflame+1"],"picked":"SKIP","floor":35},{"not_picked":["Twin Strike+1","Pommel Strike","Battle Trance"],"picked":"SKIP","floor":36},{"not_picked":["Pommel Strike+1","Cleave+1","Armaments"],"picked":"SKIP","floor":37},{"not_picked":["Rage+1","Feed","Sword Boomerang+1"],"picked":"SKIP","floor":39},{"not_picked":["Pommel Strike","Whirlwind+1","Infernal Blade+1"],"picked":"SKIP","floor":42},{"not_picked":["Intimidate","Pommel Strike+1","Sword Boomerang"],"picked":"SKIP","floor":45},{"not_picked":["Inflame+1","Body Slam+1","Disarm"],"picked":"SKIP","floor":46}],"player_experience":36147,"relics_obtained":[{"floor":6,"key":"Pen Nib"},{"floor":9,"key":"PreservedInsect"},{"floor":26,"key":"Regal Pillow"},{"floor":27,"key":"Nilry\u0027s Codex"},{"floor":30,"key":"Bottled Tornado"},{"floor":43,"key":"Gremlin Horn"}],"event_choices":[{"damage_healed":0,"gold_gain":0,"player_choice":"Entered Light","damage_taken":16,"max_hp_gain":0,"max_hp_loss":0,"event_name":"Shining Light","floor":3,"gold_loss":0,"cards_upgraded":["Defend_R","Defend_R"]},{"damage_healed":0,"gold_gain":0,"cards_transformed":["Strike_R"],"player_choice":"Transformed","damage_taken":0,"max_hp_gain":0,"max_hp_loss":0,"event_name":"Transmorgrifier","floor":4,"gold_loss":0,"cards_obtained":["Infernal Blade"]},{"damage_healed":0,"gold_gain":0,"player_choice":"Donut","damage_taken":0,"max_hp_gain":5,"max_hp_loss":0,"event_name":"Big Fish","floor":8,"gold_loss":0},{"damage_healed":0,"gold_gain":0,"player_choice":"Obtained Relic","damage_taken":0,"relics_obtained":["Blood Vial"],"max_hp_gain":0,"max_hp_loss":0,"event_name":"Addict","floor":19,"gold_loss":85},{"damage_healed":0,"gold_gain":99,"player_choice":"Stole From Cult","damage_taken":0,"max_hp_gain":0,"max_hp_loss":0,"event_name":"Nest","floor":21,"gold_loss":0},{"cards_removed":["Strike_R"],"damage_healed":0,"gold_gain":0,"player_choice":"Gave Gold","damage_taken":0,"max_hp_gain":0,"max_hp_loss":0,"event_name":"Beggar","floor":22,"gold_loss":75},{"damage_healed":0,"gold_gain":0,"player_choice":"Obtained Book","damage_taken":16,"max_hp_gain":0,"max_hp_loss":0,"event_name":"Cursed Tome","floor":27,"gold_loss":0},{"cards_removed":["Strike_R"],"damage_healed":0,"gold_gain":0,"player_choice":"Took Card","damage_taken":0,"max_hp_gain":0,"max_hp_loss":0,"event_name":"NoteForYourself","floor":29,"gold_loss":0,"cards_obtained":["Defend_B"]},{"damage_healed":0,"gold_gain":0,"player_choice":"Got Potions","damage_taken":0,"max_hp_gain":0,"max_hp_loss":0,"event_name":"Lab","floor":38,"gold_loss":0},{"cards_removed":["Defend_R"],"damage_healed":0,"gold_gain":0,"player_choice":"Upgrade and Remove","damage_taken":0,"max_hp_gain":0,"max_hp_loss":0,"event_name":"Designer","floor":47,"gold_loss":90,"cards_upgraded":["Defend_B"]}],"is_beta":false,"boss_relics":[{"not_picked":["Runic Dome","Eternal Feather"],"picked":"Sozu"},{"not_picked":["Runic Cube","Mark of Pain"],"picked":"Velvet Choker"}],"items_purged_floors":[2,20,41,48],"is_endless":false,"potions_floor_spawned":[6,12,31,33,37,45,46],"ascension_level":0}