{"gold_per_floor":[115,115,290,306,326,326,360,360,360,373,405,421,421,437,437,536,536,553,553,566,578,391,417,244,244,244,273,291,291,305,22,22,118,118,135,135,145,245,6,31,31,31,57,57,71,97,97,97,97,97],"floor_reached":51,"playtime":3010,"items_purged":["Strike_G","Strike_G"],"score":1189,"play_id":"fb25f8a7-a383-4dfa-ad57-09f472391913","local_time":"20190618225458","is_ascension_mode":true,"campfire_choices":[{"data":"Bane","floor":6,"key":"SMITH"},{"data":"Neutralize","floor":8,"key":"SMITH"},{"floor":15,"key":"REST"},{"data":"Apotheosis","floor":25,"key":"SMITH"},{"data":"Footwork","floor":29,"key":"SMITH"},{"data":"Burst","floor":32,"key":"SMITH"},{"floor":41,"key":"REST"},{"floor":44,"key":"REST"},{"floor":49,"key":"REST"}],"neow_cost":"","seed_source_timestamp":520833363654600,"circlet_count":0,"master_deck":["Defend_G","Defend_G","Defend_G","Defend_G","Defend_G","Strike_G","Survivor","Neutralize+1","Catalyst+1","Writhe","Flying Knee","Bane+1","Dodge and Roll","Poisoned Stab","Dagger Spray","Footwork+1","Doppelganger","Injury","Deadly Poison","Dodge and Roll","Apotheosis+1","PiercingWail","Bane","Burst+1","Envenom","Decay","Choke+1","Leg Sweep+1","Cloak And Dagger+1","Pain","Well Laid Plans"],"relics":["Ring of the Snake","Du-Vu Doll","TwistedFunnel","Singing Bowl","Pear","PreservedInsect","Cursed Key","Darkstone Periapt","Meat on the Bone","Turnip","Bronze Scales","Astrolabe","Calipers","Bottled Flame","Molten Egg 2","Ancient Tea Set","The Courier"],"potions_floor_usage":[7,16,33,33,38,50,50,50],"damage_taken":[{"damage":0,"enemies":"Small Slimes","floor":1,"turns":4},{"damage":0,"enemies":"2 Louse","floor":4,"turns":2},{"damage":0,"enemies":"Cultist","floor":5,"turns":2},{"damage":30,"enemies":"Lagavulin","floor":7,"turns":6},{"damage":2,"enemies":"2 Fungi Beasts","floor":10,"turns":2},{"damage":34,"enemies":"3 Sentries","floor":11,"turns":8},{"damage":0,"enemies":"Blue Slaver","floor":12,"turns":2},{"damage":8,"enemies":"3 Louse","floor":14,"turns":2},{"damage":15,"enemies":"The Guardian","floor":16,"turns":6},{"damage":9,"enemies":"2 Thieves","floor":18,"turns":4},{"damage":5,"enemies":"Chosen","floor":20,"turns":4},{"damage":27,"enemies":"Centurion and Healer","floor":21,"turns":5},{"damage":7,"enemies":"Book of Stabbing","floor":23,"turns":4},{"damage":1,"enemies":"Gremlin Leader","floor":27,"turns":3},{"damage":21,"enemies":"Shelled Parasite and Fungi","floor":28,"turns":4},{"damage":6,"enemies":"Snake Plant","floor":30,"turns":4},{"damage":36,"enemies":"Automaton","floor":33,"turns":9},{"damage":30,"enemies":"3 Darklings","floor":35,"turns":5},{"damage":10,"enemies":"3 Shapes","floor":37,"turns":6},{"damage":0,"enemies":"Mind Bloom Boss Battle","floor":38,"turns":5},{"damage":83,"enemies":"Reptomancer","floor":40,"turns":7},{"damage":11,"enemies":"Sphere and 2 Shapes","floor":45,"turns":6},{"damage":31,"enemies":"Giant Head","floor":46,"turns":8},{"damage":84,"enemies":"Time Eater","floor":50,"turns":10}],"seed_played":"-5093815136617091364","potions_obtained":[{"floor":1,"key":"Regen Potion"},{"floor":7,"key":"SteroidPotion"},{"floor":11,"key":"GhostInAJar"},{"floor":12,"key":"Poison Potion"},{"floor":16,"key":"FearPotion"},{"floor":33,"key":"FairyPotion"},{"floor":37,"key":"AttackPotion"},{"floor":40,"key":"SteroidPotion"},{"floor":45,"key":"PowerPotion"},{"floor":46,"key":"Regen Potion"}],"is_trial":false,"path_per_floor":["M","?","?","M","M","R","E","R","T","M","E","M","?","M","R","B",null,"M","?","M","M","$","E","$","R","T","E","M","R","M","$","R","B",null,"M","?","M","?","$","E","R","$","T","R","M","E","$","?","R","B",null],"character_chosen":"THE_SILENT","items_purchased":["TwistedFunnel","Catalyst","Apotheosis","PiercingWail","Bane","Bronze Scales","Burst","Bottled Flame"],"campfire_rested":4,"item_purchase_floors":[0,0,22,24,24,31,31,39],"current_hp_per_floor":[56,56,56,56,56,56,43,43,53,51,19,19,19,11,36,21,84,77,77,72,45,45,40,40,40,46,59,52,52,60,60,60,36,106,78,80,70,72,72,21,55,55,61,97,88,69,69,69,105,48],"gold":97,"neow_bonus":"","is_prod":false,"is_daily":false,"chose_seed":false,"campfire_upgraded":5,"win_rate":0,"timestamp":1560916498,"path_taken":["M","?","?","M","M","R","E","R","T","M","E","M","?","M","R","BOSS","M","?","M","M","$","E","$","R","T","E","M","R","M","?","R","BOSS","M","?","M","?","$","E","R","$","T","R","M","E","$","?","R","BOSS"],"build_version":"2019-01-23","purchased_purges":2,"victory":true,"max_hp_per_floor":[70,70,70,70,70,70,72,72,82,82,84,84,84,84,84,84,84,86,86,86,86,86,88,88,88,94,96,98,98,100,100,100,100,106,108,110,110,112,112,114,114,114,120,120,122,122,122,122,122,122],"card_choices":[{"not_picked":["Backflip","Flechettes"],"picked":"Flying Knee","floor":1},{"not_picked":["Dagger Spray","Sucker Punch"],"picked":"Bane","floor":4},{"not_picked":["Predator","Deadly Poison"],"picked":"Dodge and Roll","floor":5},{"not_picked":["Distraction","Flying Knee","Acrobatics"],"picked":"Singing Bowl","floor":7},{"not_picked":["Bullet Time","Calculated Gamble"],"picked":"Poisoned Stab","floor":10},{"not_picked":["Well Laid Plans","Masterful Stab","Underhanded Strike"],"picked":"Singing Bowl","floor":11},{"not_picked":["Blade Dance","Prepared"],"picked":"Dagger Spray","floor":12},{"not_picked":["Slice","Deadly Poison"],"picked":"Footwork","floor":14},{"not_picked":["Phantasmal Killer","After Image"],"picked":"Doppelganger","floor":16},{"not_picked":["Underhanded Strike+1","Cloak And Dagger","PiercingWail"],"picked":"Singing Bowl","floor":18},{"not_picked":["All Out Attack+1","Underhanded Strike"],"picked":"Deadly Poison","floor":20},{"not_picked":["Dagger Spray","Deflect"],"picked":"Dodge and Roll","floor":21},{"not_picked":["Reflex","Acrobatics+1","Quick Slash"],"picked":"Singing Bowl","floor":23},{"not_picked":["Prepared","Poisoned Stab","Quick Slash+1"],"picked":"Singing Bowl","floor":27},{"not_picked":["Cloak And Dagger","Slice","Sucker Punch+1"],"picked":"Singing Bowl","floor":28},{"not_picked":["Dagger Throw","Backflip","Noxious Fumes"],"picked":"Singing Bowl","floor":30},{"not_picked":["Unload","Glass Knife"],"picked":"Envenom","floor":33},{"not_picked":["Leg Sweep+1","Dagger Spray+1","Noxious Fumes"],"picked":"Singing Bowl","floor":35},{"not_picked":["Purity","PanicButton","Apotheosis"],"picked":"Singing Bowl","floor":36},{"not_picked":["Sucker Punch","Backstab"],"picked":"Cloak And Dagger+1","floor":37},{"not_picked":["Underhanded Strike","Blade Dance+1","Poisoned Stab+1"],"picked":"Singing Bowl","floor":38},{"not_picked":["Predator+1","Flying Knee","Blade Dance"],"picked":"Singing Bowl","floor":40},{"not_picked":["Predator+1","Cloak And Dagger","Quick Slash+1"],"picked":"Singing Bowl","floor":45},{"not_picked":["Skewer+1","Flechettes+1"],"picked":"Well Laid Plans","floor":46}],"player_experience":350356,"relics_obtained":[{"floor":7,"key":"Singing Bowl"},{"floor":9,"key":"Pear"},{"floor":11,"key":"PreservedInsect"},{"floor":23,"key":"Darkstone Periapt"},{"floor":26,"key":"Meat on the Bone"},{"floor":27,"key":"Turnip"},{"floor":38,"key":"Calipers"},{"floor":40,"key":"Molten Egg 2"},{"floor":43,"key":"Ancient Tea Set"},{"floor":46,"key":"The Courier"}],"event_choices":[{"damage_healed":0,"gold_gain":0,"player_choice":"Grow","damage_taken":0,"max_hp_gain":0,"max_hp_loss":0,"event_name":"Living Wall","floor":2,"gold_loss":0,"cards_upgraded":["Catalyst"]},{"damage_healed":0,"gold_gain":175,"player_choice":"AGREE","damage_taken":0,"max_hp_gain":0,"max_hp_loss":0,"event_name":"Liars Game","floor":3,"gold_loss":0,"cards_obtained":["Doubt"]},{"damage_healed":0,"gold_gain":0,"player_choice":"Fled","damage_taken":0,"max_hp_gain":0,"max_hp_loss":0,"event_name":"Scrap Ooze","floor":13,"gold_loss":0},{"cards_removed":["Doubt"],"damage_healed":0,"gold_gain":0,"player_choice":"Took Card","damage_taken":0,"max_hp_gain":0,"max_hp_loss":0,"event_name":"NoteForYourself","floor":19,"gold_loss":0,"cards_obtained":["Injury"]},{"damage_healed":0,"gold_gain":0,"player_choice":"Memory 1","damage_taken":0,"max_hp_gain":0,"max_hp_loss":0,"event_name":"SensoryStone","floor":36,"gold_loss":0},{"damage_healed":0,"gold_gain":0,"player_choice":"Fight","damage_taken":0,"max_hp_gain":0,"max_hp_loss":0,"event_name":"MindBloom","floor":38,"gold_loss":0},{"damage_healed":0,"gold_gain":0,"player_choice":"Ignored","damage_taken":0,"max_hp_gain":0,"max_hp_loss":0,"event_name":"SecretPortal","floor":48,"gold_loss":0}],"is_beta":false,"boss_relics":[{"not_picked":["Ring of the Serpent","Tiny House"],"picked":"Cursed Key"},{"not_picked":["Runic Pyramid","Lizard Tail"],"picked":"Astrolabe"}],"items_purged_floors":[0,24],"is_endless":false,"potions_floor_spawned":[1,7,11,12,16,20,21,33,37,40,45,46],"ascension_level":4}