{"gold_per_floor":[114,125,125,275,24,24,64,64,89,113,13,51,51,65,65,158,158,181,106,466,466],"floor_reached":21,"playtime":1149,"items_purged":["Doubt","Injury"],"score":370,"play_id":"34fa0c85-6b45-4988-8ecd-2daa45819b8c","local_time":"20190803093654","is_ascension_mode":true,"campfire_choices":[{"data":"Glass Knife","floor":6.0,"key":"SMITH"},{"floor":8.0,"key":"REST"},{"floor":13.0,"key":"REST"},{"data":"After Image","floor":15.0,"key":"SMITH"}],"neow_cost":"NONE","seed_source_timestamp":113069077666300,"circlet_count":0,"master_deck":["AscendersBane","Strike_G","Strike_G","Strike_G","Strike_G","Defend_G","Defend_G","Defend_G","Defend_G+1","Defend_G","Survivor+1","Neutralize+1","Slice","Finisher","Glass Knife+1","After Image+1","Predator","Finisher+1","Backflip","After Image","Cloak And Dagger"],"special_seed":0,"relics":["Ring of the Snake","Golden Idol","Dead Branch","War Paint","Molten Egg 2","White Beast Statue"],"potions_floor_usage":[18],"damage_taken":[{"damage":5.0,"enemies":"Small Slimes","floor":1.0,"turns":5.0},{"damage":0.0,"enemies":"2 Louse","floor":2.0,"turns":3.0},{"damage":40.0,"enemies":"Lagavulin","floor":7.0,"turns":7.0},{"damage":0.0,"enemies":"Jaw Worm","floor":10.0,"turns":2.0},{"damage":17.0,"enemies":"3 Sentries","floor":12.0,"turns":6.0},{"damage":0.0,"enemies":"Red Slaver","floor":14.0,"turns":2.0},{"damage":9.0,"enemies":"The Guardian","floor":16.0,"turns":16.0},{"damage":17,"enemies":"3 Byrds","floor":18,"turns":4},{"damage":9,"enemies":"Spheric Guardian","floor":21,"turns":5}],"seed_played":"-7687884129844272489","potions_obtained":[{"floor":7.0,"key":"Weak Potion"},{"floor":12.0,"key":"EssenceOfSteel"},{"floor":16.0,"key":"LiquidBronze"},{"floor":18,"key":"Poison Potion"}],"is_trial":false,"path_per_floor":["M","M","?","?","$","R","E","R","T","M","$","E","R","M","R","B",null,"M","?","?","M"],"character_chosen":"THE_SILENT","items_purchased":["Glass Knife"],"campfire_rested":2,"item_purchase_floors":[5],"current_hp_per_floor":[54,54,54,54,54,54,14,33,33,33,33,16,35,35,35,26,56,39,39,9,0],"gold":466,"neow_bonus":"UPGRADE_CARD","is_prod":false,"is_daily":false,"chose_seed":false,"campfire_upgraded":2,"win_rate":0,"timestamp":1564850214,"path_taken":["M","M","?","?","$","R","E","R","T","M","$","E","R","M","R","BOSS","M","?","?","?"],"build_version":"2019-07-17","purchased_purges":2,"victory":false,"max_hp_per_floor":[66,66,66,66,66,66,66,66,66,66,66,66,66,66,66,66,66,66,66,66,66],"card_choices":[{"not_picked":["PiercingWail","Heel Hook"],"picked":"Slice","floor":1.0},{"not_picked":["Flying Knee","Underhanded Strike"],"picked":"Finisher","floor":2.0},{"not_picked":["Dagger Throw","Leg Sweep"],"picked":"After Image","floor":7.0},{"not_picked":["Eviscerate","Prepared"],"picked":"Predator","floor":10.0},{"not_picked":["Quick Slash","All Out Attack"],"picked":"Finisher","floor":12.0},{"not_picked":["Reflex","Outmaneuver"],"picked":"Backflip","floor":14.0},{"not_picked":["A Thousand Cuts","Envenom"],"picked":"After Image","floor":16.0},{"not_picked":["Bane+1","Crippling Poison"],"picked":"Cloak And Dagger","floor":18}],"player_experience":1189734,"relics_obtained":[{"floor":7.0,"key":"Dead Branch"},{"floor":9.0,"key":"War Paint"},{"floor":12.0,"key":"Molten Egg 2"}],"event_choices":[{"damage_healed":0.0,"max_hp_gain":0.0,"max_hp_loss":0.0,"gold_gain":0.0,"event_name":"Golden Idol","player_choice":"Take Wound","floor":3.0,"gold_loss":0.0,"damage_taken":0.0,"relics_obtained":["Golden Idol"],"cards_obtained":["Injury"]},{"damage_healed":0.0,"max_hp_gain":0.0,"max_hp_loss":0.0,"gold_gain":150.0,"event_name":"Liars Game","player_choice":"AGREE","floor":4.0,"gold_loss":0.0,"damage_taken":0.0,"cards_obtained":["Doubt"]},{"cards_removed":["Strike_G"],"damage_healed":0,"gold_gain":0,"player_choice":"Gave Gold","damage_taken":0,"max_hp_gain":0,"max_hp_loss":0,"event_name":"Beggar","floor":19,"gold_loss":75},{"damage_healed":0,"gold_gain":360,"player_choice":"GOLD GOLD GOLD GOLD ","damage_taken":30,"max_hp_gain":0,"max_hp_loss":0,"event_name":"Knowing Skull","floor":20,"potions_obtained":[],"gold_loss":0,"cards_obtained":[]}],"is_beta":false,"boss_relics":[{"not_picked":["Snecko Eye","Calling Bell"],"picked":"White Beast Statue"}],"items_purged_floors":[5,11],"is_endless":false,"potions_floor_spawned":[7,12,16,18],"killed_by":"Spheric Guardian","ascension_level":20}