{"gold_per_floor":[364,284,284,308,50,91,115,146,146,245,63,63,97,117,117,246,246,246,246,246,246,68,68,68,68,68,68,68,68,68,68,68,68,68,68,68,68,68,68,68,68,68,68,68,68,68,68,68,68,68,68,68,21,21,21],"floor_reached":56,"playtime":10584,"items_purged":["Strike_R"],"score":1363,"play_id":"728b37db-080e-4f30-8984-4aecd11255cd","local_time":"20190810005101","is_ascension_mode":true,"campfire_choices":[{"floor":12,"key":"REST"},{"floor":15,"key":"REST"},{"data":"Corruption","floor":23,"key":"SMITH"},{"data":"Flame Barrier","floor":28,"key":"SMITH"},{"data":"Disarm","floor":30,"key":"SMITH"},{"data":"Feel No Pain","floor":32,"key":"SMITH"},{"floor":45,"key":"RECALL"},{"data":"Impervious","floor":49,"key":"SMITH"},{"data":"Battle Trance","floor":52,"key":"SMITH"}],"neow_cost":"TEN_PERCENT_HP_LOSS","seed_source_timestamp":3492720738513,"circlet_count":0,"master_deck":["Bash","Cleave","Corruption+1","Feel No Pain+1","Shrug It Off","Rampage","Pommel Strike+1","Whirlwind+1","Spot Weakness","Disarm+1","Flame Barrier+1","Pummel+1","Burning Pact","Bludgeon+1","Ghostly Armor+1","Shrug It Off","Reaper+1","Entrench+1","Seeing Red","Barricade+1","Cleave+1","Impervious+1","Uppercut+1","Whirlwind+1","Fiend Fire+1","Carnage+1","Reaper+1","Combust+1","Battle Trance+1","Iron Wave+1","Iron Wave+1","Body Slam+1","Entrench+1","Shrug It Off","Warcry+1","Warcry+1","Impervious","Warcry"],"relics":["Burning Blood","Golden Idol","Molten Egg 2","Question Card","Bottled Flame","Tiny Chest","Oddly Smooth Stone","Ice Cream","Ectoplasm","Nilry\u0027s Codex","Ancient Tea Set","Frozen Egg 2","Pandora\u0027s Box","PreservedInsect","Bag of Marbles","Happy Flower","Magic Flower","Gremlin Horn","Orichalcum"],"potions_floor_usage":[14,33,33,33],"damage_taken":[{"damage":0,"enemies":"Small Slimes","floor":1,"turns":3},{"damage":11,"enemies":"2 Louse","floor":4,"turns":3},{"damage":20,"enemies":"Lagavulin","floor":6,"turns":8},{"damage":0,"enemies":"Jaw Worm","floor":7,"turns":3},{"damage":20,"enemies":"3 Sentries","floor":8,"turns":8},{"damage":18,"enemies":"3 Sentries","floor":10,"turns":4},{"damage":33,"enemies":"Gremlin Nob","floor":13,"turns":6},{"damage":0,"enemies":"3 Louse","floor":14,"turns":3},{"damage":20,"enemies":"Slime Boss","floor":16,"turns":9},{"damage":14,"enemies":"Shell Parasite","floor":18,"turns":6},{"damage":5,"enemies":"3 Byrds","floor":24,"turns":2},{"damage":13,"enemies":"Snake Plant","floor":25,"turns":4},{"damage":16,"enemies":"Snecko","floor":27,"turns":5},{"damage":12,"enemies":"Chosen and Byrds","floor":29,"turns":5},{"damage":3,"enemies":"Cultist and Chosen","floor":31,"turns":5},{"damage":59,"enemies":"Collector","floor":33,"turns":10},{"damage":1,"enemies":"3 Shapes","floor":35,"turns":2},{"damage":13,"enemies":"3 Darklings","floor":37,"turns":4},{"damage":21,"enemies":"Spire Growth","floor":38,"turns":5},{"damage":3,"enemies":"Transient","floor":39,"turns":5},{"damage":13,"enemies":"Giant Head","floor":40,"turns":8},{"damage":18,"enemies":"Writhing Mass","floor":41,"turns":6},{"damage":33,"enemies":"Nemesis","floor":42,"turns":5},{"damage":22,"enemies":"Reptomancer","floor":44,"turns":9},{"damage":2,"enemies":"Maw","floor":46,"turns":6},{"damage":27,"enemies":"3 Darklings","floor":47,"turns":5},{"damage":5,"enemies":"Giant Head","floor":48,"turns":6},{"damage":26,"enemies":"Donu and Deca","floor":50,"turns":7},{"damage":15,"enemies":"Shield and Spear","floor":54,"turns":6},{"damage":59,"enemies":"The Heart","floor":55,"turns":9}],"seed_played":"792309525208397394","potions_obtained":[{"floor":1,"key":"AttackPotion"},{"floor":7,"key":"Swift Potion"},{"floor":8,"key":"SkillPotion"},{"floor":16,"key":"BloodPotion"},{"floor":21,"key":"LiquidBronze"},{"floor":33,"key":"SpeedPotion"},{"floor":35,"key":"LiquidBronze"},{"floor":38,"key":"Ancient Potion"},{"floor":44,"key":"GamblersBrew"},{"floor":48,"key":"Ancient Potion"}],"is_trial":false,"path_per_floor":["M","$","?","M","$","E","M","E","T","?","$","R","E","M","R","B",null,"M","?","T","?","$","R","M","M","T","M","R","M","R","M","R","B",null,"M","?","M","M","M","E","M","E","T","E","R","M","M","E","R","B",null,"R","$","E","B",null],"character_chosen":"IRONCLAD","items_purchased":["Corruption","Feel No Pain","Shrug It Off","Rampage","Flame Barrier","Oddly Smooth Stone","Shrug It Off","Reaper+1","Warcry"],"campfire_rested":2,"item_purchase_floors":[2,5,5,5,11,11,22,22,53],"current_hp_per_floor":[72,72,54,49,49,35,41,27,27,15,15,36,9,15,36,22,72,64,48,48,48,48,48,54,52,52,47,47,41,41,52,52,27,72,72,72,65,65,68,71,68,48,48,58,58,72,72,72,72,55,72,72,72,72,38],"gold":21,"neow_bonus":"TWO_FIFTY_GOLD","is_prod":false,"is_daily":false,"chose_seed":false,"campfire_upgraded":6,"win_rate":0,"timestamp":1565412661,"path_taken":["M","$","?","M","$","E","M","E","T","?","$","R","E","M","R","BOSS","M","?","?","?","$","R","M","?","T","M","R","M","R","M","R","BOSS","M","?","M","?","M","E","M","E","T","E","R","M","M","E","R","BOSS","R","$","E","BOSS"],"build_version":"2019-07-17","purchased_purges":1,"victory":true,"max_hp_per_floor":[72,72,72,72,72,72,72,72,72,72,72,72,72,72,72,72,72,72,72,72,72,72,72,72,72,72,72,72,72,72,72,72,72,72,72,72,72,72,72,72,72,72,72,72,72,72,72,72,72,72,72,72,72,72,72],"card_choices":[{"not_picked":["Carnage","Rupture"],"picked":"Cleave","floor":1},{"not_picked":["Flex","Anger","Clash"],"picked":"SKIP","floor":4},{"not_picked":["Body Slam","Rampage"],"picked":"Pommel Strike","floor":6},{"not_picked":["Anger+1","Clothesline+1"],"picked":"Whirlwind+1","floor":7},{"not_picked":["Feed+1","Armaments"],"picked":"Spot Weakness","floor":8},{"not_picked":["Wild Strike+1","Iron Wave+1","Body Slam+1"],"picked":"Disarm","floor":10},{"not_picked":["Clothesline+1","Perfected Strike+1","Intimidate"],"picked":"Pummel+1","floor":13},{"not_picked":["Thunderclap+1","Flex","Hemokinesis+1"],"picked":"Burning Pact","floor":14},{"not_picked":["Berserk","Impervious","Feed+1"],"picked":"Bludgeon+1","floor":16},{"not_picked":["Dual Wield","Wild Strike+1","Anger+1"],"picked":"Ghostly Armor+1","floor":18},{"not_picked":["Headbutt+1","Power Through","Heavy Blade+1"],"picked":"Entrench+1","floor":24},{"not_picked":["Iron Wave+1","Twin Strike+1","Power Through"],"picked":"Seeing Red","floor":25},{"not_picked":["Twin Strike+1","Disarm","Perfected Strike+1","Immolate+1"],"picked":"SKIP","floor":27},{"not_picked":["Thunderclap+1","Twin Strike+1","Cleave+1","Headbutt+1"],"picked":"SKIP","floor":29},{"not_picked":["Bloodletting","Whirlwind+1","Thunderclap+1","Cleave+1"],"picked":"SKIP","floor":31},{"not_picked":["Fiend Fire+1","Bludgeon+1","Impervious"],"picked":"Barricade+1","floor":33},{"not_picked":["Thunderclap+1","Rupture+1","Pommel Strike+1"],"picked":"Battle Trance","floor":35},{"not_picked":["Heavy Blade+1","Shrug It Off","Cleave+1"],"picked":"Iron Wave+1","floor":37},{"not_picked":["Whirlwind+1","Barricade+1","Flex+1","Searing Blow+1"],"picked":"SKIP","floor":38},{"not_picked":["Headbutt+1","Second Wind+1","Bloodletting+1"],"picked":"Iron Wave+1","floor":39},{"not_picked":["Searing Blow+1","Disarm+1","Metallicize+1","Armaments"],"picked":"SKIP","floor":40},{"not_picked":["Anger+1","Warcry","Iron Wave+1"],"picked":"Body Slam+1","floor":41},{"not_picked":["Reaper+1","Reckless Charge+1","Body Slam+1"],"picked":"Entrench+1","floor":42},{"not_picked":["Iron Wave+1","Power Through","Inflame+1"],"picked":"Shrug It Off","floor":44},{"not_picked":["True Grit","Power Through","Cleave+1"],"picked":"Warcry+1","floor":46},{"not_picked":["Infernal Blade","Shrug It Off","Spot Weakness+1"],"picked":"Warcry+1","floor":47},{"not_picked":["Disarm+1","Fire Breathing+1","Ghostly Armor+1"],"picked":"Impervious","floor":48},{"not_picked":["Thunderclap+1","Iron Wave+1","Cleave+1","Shrug It Off"],"picked":"SKIP","floor":54}],"player_experience":100650,"relics_obtained":[{"floor":6,"key":"Molten Egg 2"},{"floor":8,"key":"Question Card"},{"floor":9,"key":"Bottled Flame"},{"floor":10,"key":"Tiny Chest"},{"floor":13,"key":"Ice Cream"},{"floor":19,"key":"Nilry\u0027s Codex"},{"floor":20,"key":"Ancient Tea Set"},{"floor":26,"key":"Frozen Egg 2"},{"floor":40,"key":"Bag of Marbles"},{"floor":42,"key":"Happy Flower"},{"floor":44,"key":"Magic Flower"},{"floor":48,"key":"Gremlin Horn"},{"floor":54,"key":"Orichalcum"}],"event_choices":[{"damage_healed":0,"gold_gain":0,"player_choice":"Take Damage","damage_taken":18,"relics_obtained":["Golden Idol"],"max_hp_gain":0,"max_hp_loss":0,"event_name":"Golden Idol","floor":3,"gold_loss":0},{"damage_healed":0,"gold_gain":0,"player_choice":"Searched \u00271\u0027 times","damage_taken":0,"max_hp_gain":0,"max_hp_loss":0,"event_name":"Dead Adventurer","floor":10,"gold_loss":0},{"damage_healed":0,"gold_gain":0,"player_choice":"Obtained Book","damage_taken":16,"max_hp_gain":0,"max_hp_loss":0,"event_name":"Cursed Tome","floor":19,"gold_loss":0},{"damage_healed":0,"gold_gain":0,"player_choice":"Got Potions","damage_taken":0,"max_hp_gain":0,"max_hp_loss":0,"event_name":"Lab","floor":21,"gold_loss":0},{"damage_healed":0,"gold_gain":0,"player_choice":"Gave Potion","damage_taken":0,"relics_obtained":["PreservedInsect"],"max_hp_gain":0,"max_hp_loss":0,"event_name":"WeMeetAgain","floor":36,"gold_loss":0}],"is_beta":false,"boss_relics":[{"not_picked":["Runic Pyramid","Astrolabe"],"picked":"Ectoplasm"},{"not_picked":["Orrery","White Beast Statue"],"picked":"Pandora\u0027s Box"}],"items_purged_floors":[5],"is_endless":false,"potions_floor_spawned":[1,7,8,16,24,29,33,35,38,44,46,47,48],"ascension_level":2}