{"gold_per_floor":[118,128,278,278,297,297,323,168,168,179,179,191,191,191,191,263,263,274,57,57,57,68,68,82,82,82,112,112],"floor_reached":28,"playtime":838,"items_purged":["Strike_B"],"score":448,"play_id":"89aa1a20-cb98-4bf5-a9a1-8646eee6485d","local_time":"20190806115010","is_ascension_mode":true,"campfire_choices":[{"data":"Streamline","floor":6,"key":"SMITH"},{"data":"Defragment","floor":11,"key":"SMITH"},{"data":"Zap","floor":15,"key":"SMITH"},{"data":"Capacitor","floor":23,"key":"SMITH"},{"floor":25,"key":"REST"}],"neow_cost":"NONE","seed_source_timestamp":9246451957272,"circlet_count":0,"master_deck":["AscendersBane","Strike_B+1","Strike_B+1","Strike_B+1","Defend_B+1","Defend_B+1","Defend_B+1","Zap+1","Dualcast","Ball Lightning","BootSequence","Streamline+1","BootSequence","Defragment+1","Cold Snap","Go for the Eyes","Echo Form","Defragment+1","Capacitor+1"],"relics":["Cracked Core","NeowsBlessing","Sundial","Pantograph","Busted Crown","DollysMirror","Shuriken","Mummified Hand"],"potions_floor_usage":[27,28],"damage_taken":[{"damage":0,"enemies":"Small Slimes","floor":1,"turns":1},{"damage":0,"enemies":"2 Louse","floor":2,"turns":1},{"damage":0,"enemies":"Jaw Worm","floor":5,"turns":1},{"damage":31,"enemies":"Gremlin Nob","floor":7,"turns":4},{"damage":1,"enemies":"Looter","floor":10,"turns":3},{"damage":7,"enemies":"Lots of Slimes","floor":12,"turns":4},{"damage":34,"enemies":"Slime Boss","floor":16,"turns":10},{"damage":22,"enemies":"Spheric Guardian","floor":18,"turns":5},{"damage":1,"enemies":"Shell Parasite","floor":22,"turns":6},{"damage":10,"enemies":"Centurion and Healer","floor":24,"turns":7},{"damage":21,"enemies":"Book of Stabbing","floor":27,"turns":5},{"damage":28,"enemies":"Snake Plant","floor":28,"turns":3}],"seed_played":"-6586640446815670252","potions_obtained":[{"floor":10,"key":"Block Potion"},{"floor":12,"key":"EssenceOfSteel"},{"floor":16,"key":"Strength Potion"},{"floor":22,"key":"Poison Potion"}],"is_trial":false,"path_per_floor":["M","M","?","?","M","R","E","$","T","M","R","M","?","?","R","B",null,"M","$","?","?","M","R","M","R","T","E","M"],"character_chosen":"DEFECT","items_purchased":["Defragment","DollysMirror"],"campfire_rested":1,"item_purchase_floors":[8,19],"current_hp_per_floor":[64,64,64,64,64,64,33,33,33,32,32,25,18,18,18,9,56,34,34,34,34,33,33,23,44,44,23,0],"gold":112,"neow_bonus":"THREE_ENEMY_KILL","is_prod":false,"is_daily":false,"chose_seed":false,"campfire_upgraded":4,"win_rate":0,"timestamp":1565059810,"path_taken":["M","M","?","?","M","R","E","$","T","M","R","M","?","?","R","BOSS","M","$","?","?","?","R","M","R","T","E","M"],"build_version":"2019-07-17","purchased_purges":1,"victory":false,"max_hp_per_floor":[71,71,71,71,71,71,71,71,71,71,71,71,71,71,71,71,71,71,71,71,71,71,71,71,71,71,71,71],"card_choices":[{"not_picked":["Leap","Steam"],"picked":"Ball Lightning","floor":1},{"not_picked":["Compile Driver","Redo"],"picked":"BootSequence","floor":2},{"not_picked":["Stack","Turbo"],"picked":"Streamline","floor":5},{"not_picked":["Force Field","Doom and Gloom"],"picked":"BootSequence","floor":7},{"not_picked":["Static Discharge","Leap"],"picked":"Cold Snap","floor":10},{"not_picked":["Barrage","Stack"],"picked":"Go for the Eyes","floor":12},{"not_picked":["Meteor Strike","Thunder Strike"],"picked":"Echo Form","floor":16},{"not_picked":["Beam Cell"],"picked":"SKIP","floor":18},{"not_picked":["Rebound"],"picked":"SKIP","floor":22},{"not_picked":["Rip and Tear"],"picked":"SKIP","floor":24},{"not_picked":["Hologram"],"picked":"SKIP","floor":27}],"player_experience":250273,"relics_obtained":[{"floor":7,"key":"Sundial"},{"floor":9,"key":"Pantograph"},{"floor":26,"key":"Shuriken"},{"floor":27,"key":"Mummified Hand"}],"event_choices":[{"damage_healed":0,"gold_gain":150,"player_choice":"AGREE","damage_taken":0,"max_hp_gain":0,"max_hp_loss":0,"event_name":"Liars Game","floor":3,"gold_loss":0,"cards_obtained":["Doubt"]},{"cards_removed":["Doubt"],"damage_healed":0,"gold_gain":0,"player_choice":"Forget","damage_taken":0,"max_hp_gain":0,"max_hp_loss":0,"event_name":"Living Wall","floor":4,"gold_loss":0},{"cards_removed":["Defend_B"],"damage_healed":0,"gold_gain":0,"player_choice":"Card Removal","damage_taken":7,"max_hp_gain":0,"max_hp_loss":0,"event_name":"Golden Wing","floor":13,"gold_loss":0},{"damage_healed":0,"gold_gain":0,"player_choice":"Ignored","damage_taken":0,"max_hp_gain":0,"max_hp_loss":0,"event_name":"Shining Light","floor":14,"gold_loss":0},{"damage_healed":0,"gold_gain":0,"player_choice":"Simplicity","damage_taken":0,"max_hp_gain":0,"max_hp_loss":0,"event_name":"Back to Basics","floor":20,"gold_loss":0,"cards_upgraded":["Strike_B","Strike_B","Strike_B","Defend_B","Defend_B","Defend_B"]},{"damage_healed":0,"gold_gain":0,"player_choice":"1 cards matched","damage_taken":0,"max_hp_gain":0,"max_hp_loss":0,"event_name":"Match and Keep!","floor":21,"gold_loss":0,"cards_obtained":["Capacitor"]}],"is_beta":false,"boss_relics":[{"not_picked":["Black Star","Tiny House"],"picked":"Busted Crown"}],"items_purged_floors":[8],"is_endless":false,"potions_floor_spawned":[10,12,16,18,22],"killed_by":"Snake Plant","ascension_level":18}