{"gold_per_floor":[112,112,60,60,73,73,104,104,127,127,145,181,181,212,212,212],"floor_reached":16,"playtime":488,"items_purged":[],"score":143,"play_id":"b9f17618-4e56-4c43-a91c-e21f2b19ecc6","local_time":"20190702014949","is_ascension_mode":true,"campfire_choices":[{"data":"Zap","floor":6,"key":"SMITH"},{"data":"Defragment","floor":8,"key":"SMITH"},{"data":"Dualcast","floor":10,"key":"SMITH"},{"floor":13,"key":"REST"},{"floor":15,"key":"REST"}],"neow_cost":"TEN_PERCENT_HP_LOSS","seed_source_timestamp":25059713813411,"circlet_count":0,"master_deck":["Strike_B","Strike_B","Strike_B","Defend_B","Defend_B","Defend_B","Defend_B","Zap+1","Dualcast+1","Electrodynamics","Capacitor","Steam","Defragment+1","Stack","BootSequence","Steam"],"relics":["Cracked Core","Golden Idol","Sundial","Orichalcum","Lantern","Odd Mushroom"],"potions_floor_usage":[7,12],"damage_taken":[{"damage":0,"enemies":"Small Slimes","floor":1,"turns":2},{"damage":8,"enemies":"2 Louse","floor":5,"turns":2},{"damage":14,"enemies":"3 Sentries","floor":7,"turns":4},{"damage":2,"enemies":"Jaw Worm","floor":11,"turns":3},{"damage":31,"enemies":"Gremlin Nob","floor":12,"turns":4},{"damage":9,"enemies":"The Mushroom Lair","floor":14,"turns":3},{"damage":47,"enemies":"Slime Boss","floor":16,"turns":7}],"seed_played":"-8706158509883643250","potions_obtained":[{"floor":1,"key":"Regen Potion"},{"floor":5,"key":"Regen Potion"},{"floor":7,"key":"LiquidBronze"}],"is_trial":false,"path_per_floor":["M","?","$","?","M","R","E","R","T","R","M","E","R","?","R","B"],"character_chosen":"DEFECT","items_purchased":["Steam"],"campfire_rested":2,"item_purchase_floors":[3],"current_hp_per_floor":[68,61,61,44,36,36,34,34,34,34,32,13,33,24,44,0],"gold":212,"neow_bonus":"THREE_RARE_CARDS","is_prod":false,"is_daily":false,"chose_seed":false,"campfire_upgraded":3,"win_rate":0,"timestamp":1561999789,"path_taken":["M","?","$","?","M","R","E","R","T","R","M","E","R","?","R","BOSS"],"build_version":"2019-01-23","purchased_purges":0,"victory":false,"max_hp_per_floor":[68,68,68,68,68,68,68,68,68,68,68,68,68,68,68,68],"card_choices":[{"not_picked":["All For One","Buffer"],"picked":"Electrodynamics","floor":0},{"not_picked":["Lockon","Beam Cell"],"picked":"Capacitor","floor":1},{"not_picked":["Chaos","Rebound","Gash"],"picked":"SKIP","floor":5},{"not_picked":["White Noise","Hello World"],"picked":"Defragment","floor":7},{"not_picked":["Hologram","Ball Lightning"],"picked":"Stack","floor":11},{"not_picked":["Sweeping Beam","Streamline"],"picked":"BootSequence","floor":12},{"not_picked":["Self Repair","Hologram"],"picked":"Steam","floor":14}],"player_experience":131006,"relics_obtained":[{"floor":7,"key":"Sundial"},{"floor":9,"key":"Orichalcum"},{"floor":12,"key":"Lantern"},{"floor":14,"key":"Odd Mushroom"}],"event_choices":[{"cards_removed":["Strike_B"],"damage_healed":0,"gold_gain":0,"player_choice":"Card Removal","damage_taken":7,"max_hp_gain":0,"max_hp_loss":0,"event_name":"Golden Wing","floor":2,"gold_loss":0},{"damage_healed":0,"gold_gain":0,"player_choice":"Take Damage","damage_taken":17,"relics_obtained":["Golden Idol"],"max_hp_gain":0,"max_hp_loss":0,"event_name":"Golden Idol","floor":4,"gold_loss":0},{"damage_healed":0,"gold_gain":0,"player_choice":"Fought Mushrooms","damage_taken":0,"max_hp_gain":0,"max_hp_loss":0,"event_name":"Mushrooms","floor":14,"gold_loss":0}],"is_beta":false,"boss_relics":[],"items_purged_floors":[],"is_endless":false,"potions_floor_spawned":[1,5,7],"killed_by":"Slime Boss","ascension_level":7}