{"gold_per_floor":[117,18,18,31,50,79,79,79,79,79,0,0,13,24,24,127,127,145,244,244,258,276,276,287,287],"floor_reached":25,"playtime":1854,"items_purged":["Defend_Br"],"score":203,"play_id":"db2a4c39-f9b6-4e0f-8a2f-8753dca53ccd","local_time":"20190730070111","is_ascension_mode":false,"campfire_choices":[{"data":"DaylightSavings","floor":8.0,"key":"SMITH"},{"floor":12.0,"key":"REST"},{"data":"ReapSow","floor":15.0,"key":"SMITH"},{"data":"ExoVibe","floor":23,"key":"SMITH"}],"neow_cost":"NONE","seed_source_timestamp":11596159058254,"circlet_count":0,"master_deck":["Allargando+1","Strike_Br","Strike_Br","Strike_Br","Strike_Br","Defend_Br","Defend_Br","Defend_Br","SecondHand","PatternShift","Parity+1","ReapSow+7","DaylightSavings+6","ReapSow+6","Parity","Backlash","BlueShift","LockedAstrolabe","AlternateTimeline","Facsimile+1","ExoVibe+2","ExoVibe"],"special_seed":0,"relics":["Chronometer","NeowsBlessing","Thread and Needle","Runic Pyramid","Enchiridion"],"potions_floor_usage":[25,25],"damage_taken":[{"damage":0.0,"enemies":"Jaw Worm","floor":1.0,"turns":1.0},{"damage":0.0,"enemies":"2 Louse","floor":4.0,"turns":1.0},{"damage":0.0,"enemies":"Cultist","floor":5.0,"turns":1.0},{"damage":42.0,"enemies":"Lagavulin","floor":6.0,"turns":8.0},{"damage":0.0,"enemies":"Large Slime","floor":13.0,"turns":6.0},{"damage":0.0,"enemies":"Blue Slaver","floor":14.0,"turns":5.0},{"damage":11.0,"enemies":"The Guardian","floor":16.0,"turns":11.0},{"damage":0.0,"enemies":"Chosen","floor":18.0,"turns":7.0},{"damage":19,"enemies":"2 Thieves","floor":21,"turns":4},{"damage":4,"enemies":"Centurion and Healer","floor":22,"turns":8},{"damage":4,"enemies":"3 Cultists","floor":24,"turns":3},{"damage":29,"enemies":"Book of Stabbing","floor":25,"turns":6}],"seed_played":"-6037781428425371689","potions_obtained":[{"floor":6.0,"key":"Ancient Potion"},{"floor":13.0,"key":"Block Potion"},{"floor":18.0,"key":"Weak Potion"},{"floor":22,"key":"Poison Potion"}],"is_trial":false,"path_per_floor":["M","$","?","M","M","E","$","R","T","?","$","R","M","M","R","B",null,"M","?","?","M","M","R","M","E"],"character_chosen":"CHRONO_CLASS","items_purchased":["ReapSow","Backlash"],"campfire_rested":1,"item_purchase_floors":[2,11],"current_hp_per_floor":[65,65,70,70,70,28,28,28,28,14,14,35,35,35,35,24,70,70,70,54,35,31,31,27,0],"gold":287,"neow_bonus":"THREE_ENEMY_KILL","is_prod":false,"is_daily":false,"chose_seed":false,"campfire_upgraded":3,"win_rate":0.0,"timestamp":1564437671,"path_taken":["M","$","?","M","M","E","$","R","T","?","?","R","M","?","R","BOSS","M","?","?","M","M","R","M","E"],"build_version":"2019-07-17","purchased_purges":1,"victory":false,"max_hp_per_floor":[65,65,70,70,70,70,70,70,70,70,70,70,70,70,70,70,70,70,70,70,70,70,70,70,70],"card_choices":[{"not_picked":["BlueShift","LockedMedicine"],"picked":"Parity","floor":1.0},{"not_picked":["LockedMawBank","BlueShift"],"picked":"DaylightSavings","floor":4.0},{"not_picked":["HandsUpB","Facsimile"],"picked":"ReapSow","floor":5.0},{"not_picked":["LockedMedicine","WindUp"],"picked":"Parity","floor":6.0},{"not_picked":["CrunchTime","LockedBlood","LockedOrichalcum"],"picked":"SKIP","floor":13.0},{"not_picked":["Engulf","ResonantCall"],"picked":"BlueShift","floor":14.0},{"not_picked":["Echonomics","OverTime"],"picked":"LockedAstrolabe","floor":16.0},{"not_picked":["LockedPlans+1","WindUp+1"],"picked":"AlternateTimeline","floor":18.0},{"not_picked":["Echoward","LockedUrn"],"picked":"Facsimile+1","floor":21},{"not_picked":["Engulf","WindUp+1"],"picked":"ExoVibe","floor":22},{"not_picked":["ResonantCall+1","Echoward"],"picked":"ExoVibe","floor":24}],"player_experience":184681,"relics_obtained":[{"floor":6.0,"key":"Thread and Needle"},{"floor":20,"key":"Enchiridion"}],"event_choices":[{"damage_healed":0.0,"max_hp_gain":5.0,"max_hp_loss":0.0,"gold_gain":0.0,"event_name":"Big Fish","player_choice":"Donut","floor":3.0,"gold_loss":0.0,"damage_taken":0.0},{"damage_healed":0.0,"max_hp_gain":0.0,"max_hp_loss":0.0,"gold_gain":0.0,"event_name":"Shining Light","player_choice":"Entered Light","floor":10.0,"gold_loss":0.0,"damage_taken":14.0,"cards_upgraded":["Parity","ReapSow"]},{"damage_healed":0.0,"max_hp_gain":0.0,"max_hp_loss":0.0,"gold_gain":99.0,"event_name":"Nest","player_choice":"Stole From Cult","floor":19.0,"gold_loss":0.0,"damage_taken":0.0},{"damage_healed":0,"gold_gain":0,"player_choice":"Obtained Book","damage_taken":16,"max_hp_gain":0,"max_hp_loss":0,"event_name":"Cursed Tome","floor":20,"gold_loss":0}],"is_beta":false,"boss_relics":[{"not_picked":["Coffee Dripper","HangingClock"],"picked":"Runic Pyramid"}],"items_purged_floors":[2],"is_endless":false,"potions_floor_spawned":[6,13,18,22],"killed_by":"Book of Stabbing","ascension_level":0}