{"gold_per_floor":[116,116,39,39,214,247,247,322,322,665,681,539,539],"floor_reached":13,"playtime":206,"items_purged":["Strike_B"],"score":181,"play_id":"83b2b3f6-6346-4ec5-9df6-8222f07010ec","local_time":"20190701204653","is_ascension_mode":true,"campfire_choices":[{"data":"Zap","floor":7,"key":"SMITH"}],"neow_cost":"NONE","seed_source_timestamp":7166016019677,"circlet_count":0,"master_deck":["Strike_B","Strike_B","Strike_B","Defend_B","Defend_B","Defend_B","Defend_B","Zap+1","Dualcast","Conserve Battery","Capacitor","Doubt","Leap","Conserve Battery","Defragment"],"relics":["Cracked Core","NeowsBlessing","Golden Idol","Nunchaku","Old Coin"],"potions_floor_usage":[],"damage_taken":[{"damage":0,"enemies":"Small Slimes","floor":1,"turns":1},{"damage":0,"enemies":"3 Sentries","floor":6,"turns":1},{"damage":0,"enemies":"Gremlin Nob","floor":10,"turns":1},{"damage":0,"enemies":"Jaw Worm","floor":11,"turns":4},{"damage":41,"enemies":"3 Sentries","floor":13,"turns":6}],"seed_played":"-746232351365981934","potions_obtained":[{"floor":10,"key":"SteroidPotion"}],"is_trial":false,"path_per_floor":["M","?","$","?","?","E","R","?","T","E","M","$","E"],"character_chosen":"DEFECT","items_purchased":["Capacitor","Defragment"],"campfire_rested":0,"item_purchase_floors":[3,12],"current_hp_per_floor":[68,50,50,55,55,55,55,44,44,44,44,44,3],"gold":539,"neow_bonus":"THREE_ENEMY_KILL","is_prod":false,"is_daily":false,"chose_seed":false,"campfire_upgraded":1,"win_rate":0,"timestamp":1561981613,"path_taken":["M","?","$","?","?","E","R","?","T","E","M","?","E"],"build_version":"2019-01-23","purchased_purges":1,"victory":false,"max_hp_per_floor":[75,75,75,80,80,80,80,80,80,80,80,80,80],"card_choices":[{"not_picked":["Streamline","Ball Lightning"],"picked":"Conserve Battery","floor":1},{"not_picked":["Steam","Steam Power"],"picked":"Leap","floor":6},{"not_picked":["Biased Cognition","Recycle"],"picked":"Conserve Battery","floor":10},{"not_picked":["Turbo","Leap","Redo"],"picked":"SKIP","floor":11}],"player_experience":114706,"relics_obtained":[{"floor":6,"key":"Nunchaku"},{"floor":10,"key":"Old Coin"}],"event_choices":[{"damage_healed":0,"gold_gain":0,"player_choice":"Take Damage","damage_taken":18,"relics_obtained":["Golden Idol"],"max_hp_gain":0,"max_hp_loss":0,"event_name":"Golden Idol","floor":2,"gold_loss":0},{"damage_healed":0,"gold_gain":0,"player_choice":"Donut","damage_taken":0,"max_hp_gain":5,"max_hp_loss":0,"event_name":"Big Fish","floor":4,"gold_loss":0},{"damage_healed":0,"gold_gain":175,"player_choice":"AGREE","damage_taken":0,"max_hp_gain":0,"max_hp_loss":0,"event_name":"Liars Game","floor":5,"gold_loss":0,"cards_obtained":["Doubt"]},{"damage_healed":0,"gold_gain":75,"player_choice":"Gather Gold","damage_taken":11,"max_hp_gain":0,"max_hp_loss":0,"event_name":"World of Goop","floor":8,"gold_loss":0}],"is_beta":false,"boss_relics":[],"items_purged_floors":[12],"is_endless":false,"potions_floor_spawned":[10],"killed_by":"3 Sentries","ascension_level":6}