{"gold_per_floor":[165,76,76,86,103,103,103,114,139,170,170,199,255,71,71,148,148,160,140,190,90,90,90,104,131,154,154,164,164,164,190,190,262,262,282,282,301,301,176,203,203,203],"floor_reached":42,"playtime":1316,"items_purged":["Strike_B","Strike_B","Zap"],"score":990,"play_id":"89dff06c-ec21-47ee-94c1-d8bded561269","local_time":"20190623181159","is_ascension_mode":true,"campfire_choices":[{"data":"Coolheaded","floor":6.0,"key":"SMITH"},{"floor":11.0,"key":"REST"},{"data":"Beam Cell","floor":15.0,"key":"SMITH"},{"data":"Fusion","floor":23.0,"key":"SMITH"},{"floor":29.0,"key":"REST"},{"floor":32.0,"key":"REST"},{"data":"Coolheaded","floor":41,"key":"SMITH"}],"neow_cost":"NONE","seed_source_timestamp":15833446799041,"circlet_count":0,"master_deck":["AscendersBane","Defend_B","Defend_B+1","Defend_B","Defend_B","Dualcast","Auto Shields","Sweeping Beam","Hyperbeam+1","Coolheaded+1","Capacitor","Fusion+1","Core Surge","Hologram","Beam Cell+1","Self Repair","Echo Form","Coolheaded+1","Seek","Sweeping Beam"],"special_seed":0,"relics":["Tiny House","FaceOfCleric","Centennial Puzzle","Vajra","Incense Burner","Busted Crown","Bag of Marbles","Oddly Smooth Stone","Thread and Needle","Empty Cage","Pantograph","Gremlin Horn"],"potions_floor_usage":[],"damage_taken":[{"damage":6.0,"enemies":"Jaw Worm","floor":1.0,"turns":5.0},{"damage":13.0,"enemies":"Small Slimes","floor":4.0,"turns":2.0},{"damage":2.0,"enemies":"Cultist","floor":5.0,"turns":5.0},{"damage":9.0,"enemies":"3 Louse","floor":8.0,"turns":3.0},{"damage":32.0,"enemies":"Gremlin Nob","floor":10.0,"turns":4.0},{"damage":0.0,"enemies":"3 Sentries","floor":12.0,"turns":2.0},{"damage":24.0,"enemies":"Slime Boss","floor":16.0,"turns":7.0},{"damage":14.0,"enemies":"3 Byrds","floor":18.0,"turns":5.0},{"damage":22.0,"enemies":"2 Thieves","floor":19.0,"turns":4.0},{"damage":8.0,"enemies":"Centurion and Healer","floor":24.0,"turns":6.0},{"damage":41.0,"enemies":"Book of Stabbing","floor":25.0,"turns":5.0},{"damage":0.0,"enemies":"Snake Plant","floor":28.0,"turns":2.0},{"damage":21.0,"enemies":"Slavers","floor":31.0,"turns":3.0},{"damage":31.0,"enemies":"Collector","floor":33.0,"turns":9.0},{"damage":0,"enemies":"3 Darklings","floor":35,"turns":2},{"damage":7,"enemies":"3 Shapes","floor":37,"turns":6},{"damage":48,"enemies":"Reptomancer","floor":40,"turns":6},{"damage":59,"enemies":"Giant Head","floor":42,"turns":6}],"seed_played":"2179022955311796341","potions_obtained":[{"floor":0.0,"key":"EssenceOfSteel"},{"floor":4.0,"key":"Dexterity Potion"},{"floor":8.0,"key":"Ancient Potion"},{"floor":19.0,"key":"FearPotion"},{"floor":31.0,"key":"Fire Potion"},{"floor":37,"key":"Dexterity Potion"}],"is_trial":false,"path_per_floor":["M","$","?","M","M","R","?","M","T","E","R","E","?","$","R","B",null,"M","M","?","$","?","R","M","E","T","?","M","R","?","E","R","B",null,"M","?","M","?","$","E","R","E"],"character_chosen":"DEFECT","items_purchased":["Hyperbeam","Beam Cell","Self Repair"],"campfire_rested":3,"item_purchase_floors":[2,14,14],"current_hp_per_floor":[63,63,63,50,48,48,48,40,40,9,32,33,33,33,33,17,64,58,51,51,51,51,51,51,18,18,18,19,44,44,31,56,40,75,76,76,77,77,77,37,37,0],"gold":203,"neow_bonus":"BOSS_RELIC","is_prod":false,"is_daily":false,"chose_seed":false,"campfire_upgraded":4,"win_rate":0,"timestamp":1561306319,"path_taken":["M","$","?","M","M","R","?","?","T","E","R","E","?","$","R","BOSS","M","M","?","$","?","R","M","E","T","?","M","R","?","E","R","BOSS","M","?","?","?","$","E","R","E"],"build_version":"2019-06-21","purchased_purges":3,"victory":false,"max_hp_per_floor":[76,76,76,76,76,76,76,77,77,78,78,79,79,79,79,80,80,81,82,82,82,82,82,83,84,84,84,85,85,85,86,86,87,87,88,88,89,85,85,86,86,86],"card_choices":[{"not_picked":["Gash","Streamline"],"picked":"Auto Shields","floor":0.0},{"not_picked":["Conserve Battery","Force Field"],"picked":"Sweeping Beam","floor":1.0},{"not_picked":["Heatsinks","Stack"],"picked":"Coolheaded","floor":4.0},{"not_picked":["Steam","Reinforced Body"],"picked":"Capacitor","floor":5.0},{"not_picked":["Go for the Eyes","Conserve Battery"],"picked":"Fusion","floor":8.0},{"not_picked":["Go for the Eyes","Steam"],"picked":"Core Surge","floor":10.0},{"not_picked":["Machine Learning","Stack"],"picked":"Hologram","floor":12.0},{"not_picked":["Buffer","Creative AI"],"picked":"Echo Form","floor":16.0},{"not_picked":["White Noise"],"picked":"SKIP","floor":18.0},{"not_picked":["Self Repair"],"picked":"SKIP","floor":19.0},{"not_picked":["Barrage"],"picked":"SKIP","floor":24.0},{"not_picked":["Rebound"],"picked":"SKIP","floor":25.0},{"not_picked":["Barrage"],"picked":"SKIP","floor":28.0},{"not_picked":[],"picked":"Coolheaded","floor":31.0},{"not_picked":[],"picked":"Seek","floor":33.0},{"not_picked":["Turbo"],"picked":"SKIP","floor":35},{"not_picked":[],"picked":"Sweeping Beam","floor":37},{"not_picked":["Ball Lightning+1"],"picked":"SKIP","floor":40}],"player_experience":1766271,"relics_obtained":[{"floor":9.0,"key":"Centennial Puzzle"},{"floor":10.0,"key":"Vajra"},{"floor":12.0,"key":"Incense Burner"},{"floor":25.0,"key":"Bag of Marbles"},{"floor":26.0,"key":"Oddly Smooth Stone"},{"floor":31.0,"key":"Thread and Needle"},{"floor":40,"key":"Gremlin Horn"}],"event_choices":[{"damage_healed":0.0,"max_hp_gain":0.0,"max_hp_loss":0.0,"gold_gain":0.0,"event_name":"Living Wall","player_choice":"Grow","floor":3.0,"gold_loss":0.0,"damage_taken":0.0,"cards_upgraded":["Hyperbeam"]},{"damage_healed":0.0,"max_hp_gain":0.0,"max_hp_loss":0.0,"gold_gain":0.0,"event_name":"FaceTrader","player_choice":"Trade","floor":7.0,"gold_loss":0.0,"damage_taken":0.0,"relics_obtained":["FaceOfCleric"]},{"damage_healed":0.0,"max_hp_gain":0.0,"max_hp_loss":0.0,"gold_gain":56.0,"event_name":"Golden Wing","player_choice":"Gained Gold","floor":13.0,"gold_loss":0.0,"damage_taken":0.0},{"damage_healed":0.0,"max_hp_gain":0.0,"max_hp_loss":0.0,"gold_gain":50.0,"event_name":"Nest","player_choice":"Stole From Cult","floor":20.0,"gold_loss":0.0,"damage_taken":0.0},{"damage_healed":0.0,"max_hp_gain":0.0,"max_hp_loss":0.0,"gold_gain":0.0,"event_name":"Ghosts","player_choice":"Ignored","floor":22.0,"gold_loss":0.0,"damage_taken":0.0},{"damage_healed":0.0,"max_hp_gain":0.0,"max_hp_loss":0.0,"gold_gain":0.0,"event_name":"Cursed Tome","player_choice":"Ignored","floor":27.0,"gold_loss":0.0,"damage_taken":0.0},{"damage_healed":0.0,"max_hp_gain":0.0,"max_hp_loss":0.0,"gold_gain":0.0,"event_name":"Vampires","player_choice":"Ignored","floor":30.0,"gold_loss":0.0,"damage_taken":0.0},{"damage_healed":0,"gold_gain":0,"player_choice":"Gave Potion","damage_taken":0,"relics_obtained":["Pantograph"],"max_hp_gain":0,"max_hp_loss":0,"event_name":"WeMeetAgain","floor":36,"gold_loss":0},{"damage_healed":0,"gold_gain":0,"player_choice":"Max HP","damage_taken":0,"max_hp_gain":0,"max_hp_loss":4,"event_name":"Winding Halls","floor":38,"gold_loss":0}],"is_beta":true,"boss_relics":[{"not_picked":["White Beast Statue","Fusion Hammer"],"picked":"Busted Crown"},{"not_picked":["Orrery","Nuclear Battery"],"picked":"Empty Cage"}],"items_purged_floors":[14,21,39],"is_endless":false,"potions_floor_spawned":[4,8,19,31,33,37],"killed_by":"Giant Head","ascension_level":20}