{"gold_per_floor":[115,125,135,153,103,103,113,113,113,113,138,138,165,183,183,282,282,302,302,1,15,28,28,59,59,107,124,152,152,170,183,183,183],"floor_reached":33,"playtime":4296,"items_purged":["Strike_R"],"score":344,"play_id":"321a1abe-d1d7-42b7-9efa-fbf6294258c8","local_time":"20190808080156","is_ascension_mode":true,"campfire_choices":[{"data":"Uppercut","floor":6,"key":"SMITH"},{"data":"Bash","floor":8,"key":"SMITH"},{"data":"Body Slam","floor":10,"key":"SMITH"},{"floor":15,"key":"REST"},{"data":"Double Tap","floor":23,"key":"SMITH"},{"data":"J.A.X.","floor":25,"key":"SMITH"},{"data":"Rage","floor":32,"key":"SMITH"}],"neow_cost":"NONE","seed_source_timestamp":269336651189100,"circlet_count":0,"master_deck":["Strike_R","Strike_R","Strike_R","Defend_R","Defend_R","Defend_R","Defend_R","Bash+1","Rampage+1","Pummel+1","Uppercut+1","Flex+1","Body Slam+1","Impervious","Cleave+1","Twin Strike+1","Double Tap+1","Sword Boomerang+1","J.A.X.+1","Reaper+1","Rage+1","Flame Barrier+1","Feed+1","Power Through+1","Sword Boomerang+1","Second Wind+1"],"relics":["Burning Blood","Charon\u0027s Ashes","Molten Egg 2","Du-Vu Doll","Black Star","Bag of Marbles","Nunchaku","Bottled Flame","Lantern","Boot","Whetstone"],"potions_floor_usage":[4,24,27,33,33],"damage_taken":[{"damage":13,"enemies":"Small Slimes","floor":1,"turns":4},{"damage":4,"enemies":"Jaw Worm","floor":2,"turns":4},{"damage":3,"enemies":"2 Louse","floor":3,"turns":2},{"damage":18,"enemies":"Large Slime","floor":4,"turns":5},{"damage":17,"enemies":"Lots of Slimes","floor":7,"turns":4},{"damage":20,"enemies":"3 Sentries","floor":11,"turns":6},{"damage":32,"enemies":"Lagavulin","floor":13,"turns":6},{"damage":0,"enemies":"Gremlin Gang","floor":14,"turns":1},{"damage":49,"enemies":"Hexaghost","floor":16,"turns":10},{"damage":11,"enemies":"2 Thieves","floor":18,"turns":3},{"damage":9,"enemies":"Spheric Guardian","floor":21,"turns":3},{"damage":21,"enemies":"Snecko","floor":22,"turns":4},{"damage":35,"enemies":"Gremlin Leader","floor":24,"turns":5},{"damage":24,"enemies":"Cultist and Chosen","floor":27,"turns":4},{"damage":20,"enemies":"Slavers","floor":28,"turns":3},{"damage":19,"enemies":"Centurion and Healer","floor":30,"turns":5},{"damage":18,"enemies":"Snake Plant","floor":31,"turns":3},{"damage":77,"enemies":"Collector","floor":33,"turns":7}],"seed_played":"-3293721550501674980","potions_obtained":[{"floor":0,"key":"FairyPotion"},{"floor":0,"key":"FairyPotion"},{"floor":0,"key":"Explosive Potion"},{"floor":7,"key":"Ancient Potion"},{"floor":13,"key":"Explosive Potion"},{"floor":16,"key":"SteroidPotion"},{"floor":30,"key":"Strength Potion"},{"floor":31,"key":"PowerPotion"}],"is_trial":false,"path_per_floor":["M","M","M","M","?","R","M","R","T","R","E","?","E","M","R","B",null,"M","?","$","M","M","R","E","R","T","M","E","?","M","M","R","B"],"character_chosen":"IRONCLAD","items_purchased":["Reaper+1","Bag of Marbles"],"campfire_rested":1,"item_purchase_floors":[20,20],"current_hp_per_floor":[73,75,78,66,66,66,55,55,55,55,41,41,15,21,45,11,80,75,75,75,72,62,62,51,51,51,47,58,58,74,69,69,0],"gold":183,"neow_bonus":"THREE_SMALL_POTIONS","is_prod":false,"is_daily":false,"chose_seed":false,"campfire_upgraded":6,"win_rate":0,"timestamp":1565218916,"path_taken":["M","M","M","M","?","R","M","R","T","R","E","?","E","M","R","BOSS","M","?","$","M","M","R","E","R","T","M","E","?","M","M","R","BOSS"],"build_version":"2019-07-17","purchased_purges":1,"victory":false,"max_hp_per_floor":[80,80,80,80,80,80,80,80,80,80,80,80,80,80,80,80,80,80,80,80,80,80,80,80,80,80,80,84,84,84,84,84,84],"card_choices":[{"not_picked":["Dropkick","Twin Strike"],"picked":"Rampage","floor":1},{"not_picked":["Wild Strike","Sword Boomerang"],"picked":"Pummel","floor":2},{"not_picked":["Shrug It Off","Bloodletting"],"picked":"Uppercut","floor":3},{"not_picked":["Perfected Strike","Warcry"],"picked":"Flex","floor":4},{"not_picked":["True Grit","Sword Boomerang"],"picked":"Body Slam","floor":7},{"not_picked":["Power Through","Dropkick"],"picked":"Impervious","floor":11},{"not_picked":["Disarm","Hemokinesis+1"],"picked":"Cleave+1","floor":13},{"not_picked":["Uppercut+1","Cleave+1"],"picked":"Twin Strike+1","floor":14},{"not_picked":["Limit Break","Exhume"],"picked":"Double Tap","floor":16},{"not_picked":["Iron Wave+1","Armaments"],"picked":"Sword Boomerang+1","floor":18},{"not_picked":["Flex","Sword Boomerang+1"],"picked":"Rage","floor":21},{"not_picked":["Shrug It Off","Clothesline+1"],"picked":"Flame Barrier+1","floor":22},{"not_picked":["Rage","Shockwave"],"picked":"Feed+1","floor":24},{"not_picked":["Blood for Blood+1","Pommel Strike+1"],"picked":"Power Through+1","floor":27},{"not_picked":["Thunderclap+1","Flame Barrier","Anger+1"],"picked":"SKIP","floor":28},{"not_picked":["Perfected Strike+1","Clash+1"],"picked":"Sword Boomerang+1","floor":30},{"not_picked":["Dropkick+1","Iron Wave+1"],"picked":"Second Wind+1","floor":31}],"player_experience":212622,"relics_obtained":[{"floor":9,"key":"Charon\u0027s Ashes"},{"floor":11,"key":"Molten Egg 2"},{"floor":13,"key":"Du-Vu Doll"},{"floor":24,"key":"Nunchaku"},{"floor":24,"key":"Bottled Flame"},{"floor":26,"key":"Lantern"},{"floor":28,"key":"Boot"},{"floor":28,"key":"Whetstone"}],"event_choices":[{"cards_removed":["Strike_R"],"damage_healed":0,"gold_gain":0,"player_choice":"Card Removal","damage_taken":0,"max_hp_gain":0,"max_hp_loss":0,"event_name":"The Cleric","floor":5,"gold_loss":50},{"damage_healed":0,"gold_gain":0,"player_choice":"Ignored","damage_taken":0,"max_hp_gain":0,"max_hp_loss":0,"event_name":"Shining Light","floor":12,"gold_loss":0},{"damage_healed":0,"gold_gain":0,"player_choice":"Obtain J.A.X.","damage_taken":0,"max_hp_gain":0,"max_hp_loss":0,"event_name":"Drug Dealer","floor":19,"gold_loss":0,"cards_obtained":["J.A.X."]},{"damage_healed":0,"gold_gain":0,"player_choice":"Forge","damage_taken":0,"max_hp_gain":0,"max_hp_loss":0,"event_name":"Accursed Blacksmith","floor":29,"gold_loss":0,"cards_upgraded":["Flex"]}],"is_beta":false,"boss_relics":[{"not_picked":["Coffee Dripper","Eternal Feather"],"picked":"Black Star"}],"items_purged_floors":[20],"is_endless":false,"potions_floor_spawned":[7,13,14,16,22,30,31],"killed_by":"Collector","ascension_level":3}