{"gold_per_floor":[113,38,50,60,14,75,75,90,90,105,119,119,83,83,83,179,179,190,208,286,85,96,127,127,140,140,140,35,51,51,64,64,159,159,159,186,196,206,224,224,239,249,272,282,282,282,36,36,36,36],"floor_reached":51,"playtime":4495,"items_purged":["Dualcast"],"score":748,"play_id":"80453bf3-afbd-4b3b-b6b2-a26137f605a2","local_time":"20190811232920","is_ascension_mode":true,"campfire_choices":[{"data":"Zap","floor":7.0,"key":"SMITH"},{"floor":12,"key":"REST"},{"data":"Defragment","floor":15,"key":"SMITH"},{"floor":24,"key":"DIG"},{"floor":27,"key":"DIG"},{"data":"Defragment","floor":32,"key":"SMITH"},{"floor":40,"key":"DIG"},{"data":"Capacitor","floor":45,"key":"SMITH"},{"floor":49,"key":"REST"}],"neow_cost":"NONE","seed_source_timestamp":0,"circlet_count":0,"master_deck":["Zap+1","Coolheaded+1","Self Repair","Hologram","Cold Snap","Defragment+1","Sunder","Machine Learning","Capacitor+1","Chill","Stack","Defragment+1","Backflip+1","Self Repair","Heatsinks","Glacier","Shrug It Off+1","Warcry+1","Master of Strategy","Steam","Compile Driver","Skim","Thunder Strike","Echo Form","Streamline","Reprogram","Melter","Panache","Finesse","Dark Shackles","Chrysalis"],"special_seed":0,"relics":["Cracked Core","NeowsBlessing","Tiny Chest","Mummified Hand","NlothsMask","Orrery","PrismaticShard","Shovel","Pocketwatch","Happy Flower","Centennial Puzzle","Pandora\u0027s Box","War Paint","Ancient Tea Set","Art of War"],"potions_floor_usage":[23,25,25,33,35,39,41,50],"damage_taken":[{"damage":0.0,"enemies":"Cultist","floor":1.0,"turns":1.0},{"damage":0.0,"enemies":"2 Louse","floor":3.0,"turns":1.0},{"damage":0.0,"enemies":"Small Slimes","floor":4.0,"turns":1.0},{"damage":51.0,"enemies":"3 Sentries","floor":6.0,"turns":10.0},{"damage":6.0,"enemies":"Exordium Wildlife","floor":8.0,"turns":8.0},{"damage":10.0,"enemies":"3 Louse","floor":10.0,"turns":5.0},{"damage":6,"enemies":"Red Slaver","floor":11,"turns":3},{"damage":4,"enemies":"The Guardian","floor":16,"turns":14},{"damage":11,"enemies":"3 Byrds","floor":18,"turns":6},{"damage":1,"enemies":"Chosen","floor":19,"turns":6},{"damage":25,"enemies":"Centurion and Healer","floor":22,"turns":12},{"damage":38,"enemies":"Slavers","floor":23,"turns":11},{"damage":6,"enemies":"Cultist and Chosen","floor":25,"turns":9},{"damage":0,"enemies":"Sentry and Sphere","floor":29,"turns":6},{"damage":10,"enemies":"Snake Plant","floor":31,"turns":4},{"damage":24,"enemies":"Automaton","floor":33,"turns":15},{"damage":0,"enemies":"3 Shapes","floor":35,"turns":1},{"damage":0,"enemies":"Orb Walker","floor":37,"turns":4},{"damage":1,"enemies":"Spire Growth","floor":38,"turns":5},{"damage":31,"enemies":"Transient","floor":39,"turns":5},{"damage":16,"enemies":"Sphere and 2 Shapes","floor":41,"turns":3},{"damage":24,"enemies":"3 Darklings","floor":42,"turns":6},{"damage":0,"enemies":"4 Shapes","floor":44,"turns":7},{"damage":15,"enemies":"Donu and Deca","floor":50,"turns":9}],"seed_played":"-4352166918508962494","potions_obtained":[{"floor":1.0,"key":"SkillPotion"},{"floor":6.0,"key":"Weak Potion"},{"floor":10,"key":"AttackPotion"},{"floor":11,"key":"SmokeBomb"},{"floor":23,"key":"SkillPotion"},{"floor":29,"key":"Strength Potion"},{"floor":37,"key":"Explosive Potion"},{"floor":38,"key":"SkillPotion"}],"is_trial":false,"path_per_floor":["M","$","M","M","$","E","R","M","T","M","M","R","?","?","R","B",null,"M","M","T","$","M","E","R","M","T","R","$","M","$","M","R","B",null,"M","T","M","M","M","R","M","M","T","M","R","?","$","?","R","B",null],"character_chosen":"DEFECT","items_purchased":["Hologram","PrismaticShard","Heatsinks","Glacier","Panache","Dexterity Potion"],"campfire_rested":2,"item_purchase_floors":[5,21,28,28,47,47],"current_hp_per_floor":[75,75,75,75,75,31,31,32,32,29,30,52,52,52,52,55,75,71,75,75,75,57,26,26,34,34,34,34,48,48,52,52,42,75,75,75,75,75,58,58,56,46,46,60,60,60,60,50,71,71],"gold":36,"neow_bonus":"THREE_ENEMY_KILL","is_prod":false,"is_daily":false,"chose_seed":false,"campfire_upgraded":4,"win_rate":0,"timestamp":1565580560,"path_taken":["M","?","?","M","$","E","R","M","T","M","M","R","?","?","R","BOSS","M","M","?","?","M","E","R","M","T","R","$","M","$","M","R","BOSS","M","?","M","M","?","R","M","M","T","M","R","?","$","?","R","BOSS"],"build_version":"2019-07-17","purchased_purges":1,"victory":true,"max_hp_per_floor":[75,75,75,75,75,75,75,75,75,75,75,75,75,75,75,75,75,75,75,75,75,75,75,75,75,75,75,75,75,75,75,75,75,75,75,75,75,75,75,75,75,75,75,75,75,71,71,71,71,71],"card_choices":[{"not_picked":["BootSequence","Beam Cell"],"picked":"Coolheaded","floor":1.0},{"not_picked":["Cold Snap","Leap"],"picked":"Self Repair","floor":3.0},{"not_picked":["Skim","Gash","Conserve Battery"],"picked":"SKIP","floor":4.0},{"not_picked":["Meteor Strike","Turbo"],"picked":"Cold Snap","floor":6.0},{"not_picked":["Streamline","Coolheaded","Stack"],"picked":"SKIP","floor":8.0},{"not_picked":["Lockon","Rebound"],"picked":"Defragment","floor":10},{"not_picked":["Coolheaded","Barrage"],"picked":"Sunder","floor":11},{"not_picked":["Core Surge","Buffer"],"picked":"Machine Learning","floor":16},{"not_picked":["Lockon","Gash"],"picked":"Capacitor","floor":17},{"not_picked":["Double Energy","Recycle"],"picked":"Chill","floor":17},{"not_picked":["Double Energy","Go for the Eyes"],"picked":"Stack","floor":17},{"not_picked":["Amplify","Streamline"],"picked":"Defragment","floor":18},{"not_picked":["Beam Cell+1","Go for the Eyes","Coolheaded"],"picked":"SKIP","floor":19},{"not_picked":["Armaments","Hemokinesis"],"picked":"Backflip+1","floor":22},{"not_picked":["Inflame+1","Discovery"],"picked":"Self Repair","floor":23},{"not_picked":["Power Through","Wild Strike","Leg Sweep"],"picked":"SKIP","floor":25},{"not_picked":["Blood for Blood","Outmaneuver"],"picked":"Shrug It Off","floor":29},{"not_picked":["Quick Slash","Compile Driver"],"picked":"Warcry+1","floor":31},{"not_picked":["Corpse Explosion","Immolate"],"picked":"Master of Strategy","floor":33},{"not_picked":["Steam","Catalyst+1","Sucker Punch+1"],"picked":"SKIP","floor":37},{"not_picked":["Armaments","Flying Knee+1","Backflip"],"picked":"SKIP","floor":38},{"not_picked":["Perfected Strike","Acrobatics","Backflip+1"],"picked":"SKIP","floor":39},{"not_picked":["Undo","Dash","Blade Dance"],"picked":"SKIP","floor":41},{"not_picked":["Infernal Blade","Pommel Strike+1","Battle Trance+1"],"picked":"SKIP","floor":42},{"not_picked":["Steam","Ghostly Armor+1","Flex+1"],"picked":"SKIP","floor":44},{"not_picked":["Sadistic Nature","PanicButton"],"picked":"Finesse","floor":48},{"not_picked":["Panacea","Trip"],"picked":"Dark Shackles","floor":48},{"not_picked":["Purity","Swift Strike"],"picked":"Chrysalis","floor":48}],"player_experience":169708,"relics_obtained":[{"floor":6.0,"key":"Tiny Chest"},{"floor":9.0,"key":"Mummified Hand"},{"floor":23,"key":"Shovel"},{"floor":24,"key":"Pocketwatch"},{"floor":26,"key":"Happy Flower"},{"floor":27,"key":"Centennial Puzzle"},{"floor":36,"key":"War Paint"},{"floor":40,"key":"Ancient Tea Set"},{"floor":43,"key":"Art of War"}],"event_choices":[{"damage_healed":0,"gold_gain":0,"player_choice":"Left Gold","damage_taken":0,"max_hp_gain":0,"max_hp_loss":0,"event_name":"World of Goop","floor":13,"gold_loss":36},{"damage_healed":0,"gold_gain":0,"player_choice":"Trade","damage_taken":0,"relics_obtained":["NlothsMask"],"max_hp_gain":0,"max_hp_loss":0,"event_name":"FaceTrader","floor":14,"gold_loss":0},{"damage_healed":0,"gold_gain":0,"player_choice":"Max HP","damage_taken":0,"max_hp_gain":0,"max_hp_loss":4,"event_name":"Winding Halls","floor":46,"gold_loss":0},{"damage_healed":0,"gold_gain":0,"player_choice":"Memory 3","damage_taken":10,"max_hp_gain":0,"max_hp_loss":0,"event_name":"SensoryStone","floor":48,"gold_loss":0}],"is_beta":false,"boss_relics":[{"not_picked":["Nuclear Battery","Busted Crown"],"picked":"Orrery"},{"not_picked":["Philosopher\u0027s Stone","Black Star"],"picked":"Pandora\u0027s Box"}],"items_purged_floors":[2],"is_endless":false,"potions_floor_spawned":[1,6,10,11,18,23,29,37,38],"ascension_level":4}