{"gold_per_floor":[117,133,148,23,41,41,66,85,108,131,131,142,168,168],"floor_reached":14,"playtime":408,"items_purged":["Strike_B"],"score":204,"play_id":"a0d1eaf6-15b2-4d91-91ee-44342b36320c","local_time":"20190721161005","is_ascension_mode":true,"campfire_choices":[{"data":"Chaos","floor":6,"key":"SMITH"},{"floor":11,"key":"REST"}],"neow_cost":"TEN_PERCENT_HP_LOSS","seed_source_timestamp":2159704615809,"circlet_count":0,"master_deck":["AscendersBane","Strike_B","Defend_B","Defend_B","Defend_B","Defend_B","Zap","Dualcast","Sweeping Beam","Barrage","Chaos+1","Cold Snap","Biased Cognition","Reboot","Capacitor"],"relics":["Cracked Core","Happy Flower","Blood Vial","Odd Mushroom","PreservedInsect"],"potions_floor_usage":[10,13],"damage_taken":[{"damage":0,"enemies":"Cultist","floor":1,"turns":3},{"damage":3,"enemies":"Small Slimes","floor":2,"turns":4},{"damage":2,"enemies":"2 Louse","floor":3,"turns":3},{"damage":15,"enemies":"2 Fungi Beasts","floor":5,"turns":3},{"damage":25,"enemies":"3 Sentries","floor":7,"turns":7},{"damage":7,"enemies":"3 Louse","floor":8,"turns":3},{"damage":6,"enemies":"The Mushroom Lair","floor":10,"turns":3},{"damage":17,"enemies":"Exordium Thugs","floor":12,"turns":5},{"damage":8,"enemies":"Lagavulin","floor":13,"turns":5},{"damage":13,"enemies":"Gremlin Gang","floor":14,"turns":1}],"seed_played":"1798063452169478128","potions_obtained":[{"floor":2,"key":"AttackPotion"},{"floor":7,"key":"Dexterity Potion"}],"is_trial":false,"path_per_floor":["M","M","M","$","M","R","E","M","T","?","R","M","E","M"],"character_chosen":"DEFECT","items_purchased":["Cold Snap"],"campfire_rested":1,"item_purchase_floors":[4],"current_hp_per_floor":[64,61,59,59,44,44,19,12,12,8,27,12,6,0],"gold":168,"neow_bonus":"REMOVE_TWO","is_prod":false,"is_daily":false,"chose_seed":false,"campfire_upgraded":1,"win_rate":0,"timestamp":1563718205,"path_taken":["M","?","M","$","M","R","E","M","T","?","R","M","E","M"],"build_version":"2019-07-18","purchased_purges":1,"victory":false,"max_hp_per_floor":[64,64,64,64,64,64,64,64,64,64,64,64,64,64],"card_choices":[{"not_picked":["Barrage","Go for the Eyes"],"picked":"Sweeping Beam","floor":1},{"not_picked":["Streamline","Scrape"],"picked":"Barrage","floor":2},{"not_picked":["Gash","Blizzard"],"picked":"Chaos","floor":3},{"not_picked":["White Noise","Compile Driver"],"picked":"Biased Cognition","floor":5},{"not_picked":["Skim","Gash"],"picked":"Reboot","floor":7},{"not_picked":["Leap","Steam Power","Go for the Eyes"],"picked":"SKIP","floor":8},{"not_picked":["Stack","Sunder","Hologram"],"picked":"SKIP","floor":12},{"not_picked":["Melter","Loop"],"picked":"Capacitor","floor":13}],"player_experience":1910777,"relics_obtained":[{"floor":7,"key":"Happy Flower"},{"floor":9,"key":"Blood Vial"},{"floor":10,"key":"Odd Mushroom"},{"floor":13,"key":"PreservedInsect"}],"event_choices":[{"damage_healed":0,"gold_gain":0,"player_choice":"Fought Mushrooms","damage_taken":0,"max_hp_gain":0,"max_hp_loss":0,"event_name":"Mushrooms","floor":10,"gold_loss":0}],"is_beta":true,"boss_relics":[],"items_purged_floors":[4],"is_endless":false,"potions_floor_spawned":[2,7,8],"killed_by":"Gremlin Gang","ascension_level":20}