{"gold_per_floor":[19,19,29,41,41,41,68,82,82,107,119,133,161,82,82,158,158,170,184,99,110,110,110,138,6,30,30,30,63,34,44,44,115,115,135,0,46,46,66,97,97,132,159,159,159,193,193,211,211,211,211,211,211,36,67,67],"floor_reached":56,"playtime":6222,"items_purged":[],"score":2332,"play_id":"634afb38-a7b0-4163-944a-9d803c8826f5","local_time":"20190729001353","is_ascension_mode":true,"campfire_choices":[{"data":"Spot Weakness","floor":6.0,"key":"SMITH"},{"data":"Inflame","floor":15.0,"key":"SMITH"},{"floor":23.0,"key":"REST"},{"floor":27.0,"key":"REST"},{"data":"Limit Break","floor":32.0,"key":"SMITH"},{"floor":41.0,"key":"RECALL"},{"data":"Dark Embrace","floor":47.0,"key":"SMITH"},{"data":"Feel No Pain","floor":49.0,"key":"SMITH"},{"data":"Disarm","floor":53.0,"key":"SMITH"}],"neow_cost":"NO_GOLD","seed_source_timestamp":774975806098203,"circlet_count":0,"master_deck":["AscendersBane","Defend_R","Defend_R","Defend_R","Defend_R","Bash+1","Spot Weakness+1","Limit Break+1","Headbutt","Heavy Blade","Heavy Blade","Corruption","Feel No Pain+1","Dark Embrace+1","Armaments","Shockwave","Inflame+1","Clothesline","Armaments","Exhume","Burning Pact+1","Corruption","Flex+1","Disarm+1","Inflame","Necronomicurse","Armaments","Armaments","Havoc","Exhume","Battle Trance+1","Brutality+1","Spot Weakness","Heavy Blade+1","Heavy Blade","Secret Technique","Secret Technique","Body Slam","Shrug It Off","Panacea","Uppercut","Bloodletting+1"],"special_seed":0,"relics":["Burning Blood","Bottled Flame","Meat on the Bone","Bag of Preparation","Kunai","Sozu","Pen Nib","Bronze Scales","Lantern","Anchor","Necronomicon","Dream Catcher","Astrolabe","Red Mask","Unceasing Top","Pocketwatch","Gremlin Horn","Oddly Smooth Stone","Blood Vial"],"potions_floor_usage":[56],"damage_taken":[{"damage":15.0,"enemies":"2 Louse","floor":1.0,"turns":3.0},{"damage":10.0,"enemies":"Small Slimes","floor":3.0,"turns":4.0},{"damage":1.0,"enemies":"Cultist","floor":4.0,"turns":3.0},{"damage":10.0,"enemies":"Lagavulin","floor":7.0,"turns":6.0},{"damage":21.0,"enemies":"Lots of Slimes","floor":8.0,"turns":4.0},{"damage":15.0,"enemies":"3 Sentries","floor":10.0,"turns":4.0},{"damage":8.0,"enemies":"Blue Slaver","floor":11.0,"turns":3.0},{"damage":30.0,"enemies":"Exordium Thugs","floor":12.0,"turns":6.0},{"damage":9.0,"enemies":"Lagavulin","floor":13.0,"turns":6.0},{"damage":33.0,"enemies":"The Guardian","floor":16.0,"turns":7.0},{"damage":28.0,"enemies":"Shell Parasite","floor":18.0,"turns":6.0},{"damage":33.0,"enemies":"Spheric Guardian","floor":19.0,"turns":4.0},{"damage":25.0,"enemies":"Snecko","floor":21.0,"turns":5.0},{"damage":34.0,"enemies":"Gremlin Leader","floor":24.0,"turns":6.0},{"damage":4.0,"enemies":"Book of Stabbing","floor":29.0,"turns":4.0},{"damage":18.0,"enemies":"Sentry and Sphere","floor":31.0,"turns":3.0},{"damage":0.0,"enemies":"Champ","floor":33.0,"turns":4.0},{"damage":1.0,"enemies":"Orb Walker","floor":35.0,"turns":2.0},{"damage":10.0,"enemies":"2 Orb Walkers","floor":37.0,"turns":4.0},{"damage":2.0,"enemies":"3 Darklings","floor":39.0,"turns":3.0},{"damage":2.0,"enemies":"Nemesis","floor":40.0,"turns":3.0},{"damage":2.0,"enemies":"Reptomancer","floor":42.0,"turns":3.0},{"damage":4.0,"enemies":"Giant Head","floor":46.0,"turns":5.0},{"damage":3.0,"enemies":"Maw","floor":48.0,"turns":4.0},{"damage":38.0,"enemies":"Time Eater","floor":50.0,"turns":5.0},{"damage":23.0,"enemies":"Awakened One","floor":51.0,"turns":8.0},{"damage":28.0,"enemies":"Shield and Spear","floor":55.0,"turns":6.0},{"damage":65,"enemies":"The Heart","floor":56,"turns":5}],"seed_played":"-5936769834812560313","potions_obtained":[{"floor":1.0,"key":"SpeedPotion"},{"floor":8.0,"key":"Fire Potion"},{"floor":10.0,"key":"Poison Potion"},{"floor":12.0,"key":"Poison Potion"},{"floor":16.0,"key":"Energy Potion"}],"is_trial":false,"path_per_floor":["M","?","M","M","?","R","E","M","T","E","M","M","E","$","R","B",null,"M","M","?","M","T","R","E","$","T","R","?","E","$","M","R","B",null,"M","?","?","?","M","E","R","E","T","?","?","E","R","M","R","B","B",null,"R","$","E","B"],"character_chosen":"IRONCLAD","items_purchased":["Clothesline","Armaments","Disarm","Inflame","Armaments","Panacea","Uppercut"],"campfire_rested":2,"item_purchase_floors":[14,14,25,25,30,54,54],"current_hp_per_floor":[59,59,55,60,60,60,56,41,41,44,54,42,51,51,51,36,65,55,40,40,33,33,55,39,39,39,61,40,54,54,54,54,60,71,75,75,71,71,75,75,75,75,75,65,65,67,67,70,70,50,45,68,68,68,46,0],"gold":67,"neow_bonus":"TRANSFORM_TWO_CARDS","is_prod":false,"is_daily":false,"chose_seed":false,"campfire_upgraded":6,"win_rate":0,"timestamp":1564348433,"path_taken":["M","?","M","M","?","R","E","?","T","E","M","M","E","?","R","BOSS","BOSS","M","M","?","M","?","R","E","$","T","R","?","E","?","?","R","BOSS","M","?","?","?","?","E","R","E","T","?","?","E","R","?","R","BOSS","BOSS","R","$","E","BOSS"],"build_version":"2019-07-17","purchased_purges":0,"victory":false,"max_hp_per_floor":[75,75,75,75,75,75,75,75,75,75,75,75,75,75,75,75,75,75,75,75,75,75,75,75,75,75,75,75,75,75,75,75,75,75,75,75,75,75,75,75,75,75,75,75,75,75,75,75,75,75,75,75,75,75,75,75],"card_choices":[{"not_picked":["Intimidate","Iron Wave"],"picked":"Headbutt","floor":1.0},{"not_picked":["Second Wind","Body Slam"],"picked":"Heavy Blade","floor":3.0},{"not_picked":["Ghostly Armor","Perfected Strike"],"picked":"Heavy Blade","floor":4.0},{"not_picked":["Combust","Seeing Red"],"picked":"Feel No Pain","floor":7.0},{"not_picked":["Heavy Blade","Uppercut"],"picked":"Dark Embrace","floor":8.0},{"not_picked":["Power Through","Body Slam"],"picked":"Cleave","floor":10.0},{"not_picked":["Flex","Hemokinesis"],"picked":"Armaments","floor":11.0},{"not_picked":["Twin Strike","Havoc"],"picked":"Shockwave","floor":12.0},{"not_picked":["Corruption","Body Slam"],"picked":"Inflame","floor":13.0},{"not_picked":["Limit Break","Fiend Fire"],"picked":"Exhume","floor":16.0},{"not_picked":["Uppercut","Pommel Strike"],"picked":"Burning Pact+1","floor":18.0},{"not_picked":["Thunderclap","Intimidate"],"picked":"Corruption","floor":19.0},{"not_picked":["Clash","Combust"],"picked":"Flex+1","floor":21.0},{"not_picked":["Iron Wave","Twin Strike","Thunderclap"],"picked":"SKIP","floor":24.0},{"not_picked":["True Grit","Clothesline"],"picked":"Armaments","floor":29.0},{"not_picked":["Twin Strike","Wild Strike"],"picked":"Havoc","floor":31.0},{"not_picked":["Offering","Berserk"],"picked":"Exhume","floor":33.0},{"not_picked":["Shockwave","Anger"],"picked":"Spot Weakness","floor":35.0},{"not_picked":["Headbutt","Hemokinesis+1"],"picked":"Heavy Blade+1","floor":37.0},{"not_picked":["Fire Breathing","Twin Strike+1","Clash"],"picked":"SKIP","floor":39.0},{"not_picked":["Iron Wave","Clothesline"],"picked":"Heavy Blade","floor":40.0},{"not_picked":["Armaments","Demon Form"],"picked":"Havoc","floor":42.0},{"not_picked":["Dark Shackles","Deep Breath"],"picked":"Secret Technique","floor":44.0},{"not_picked":["Discovery","Enlightenment"],"picked":"Secret Technique","floor":44.0},{"not_picked":["Wild Strike+1","Thunderclap"],"picked":"Body Slam","floor":46.0},{"not_picked":["Clothesline+1","Havoc"],"picked":"Shrug It Off","floor":48.0},{"not_picked":["Havoc","Uppercut"],"picked":"Bloodletting+1","floor":55.0}],"player_experience":1034908,"relics_obtained":[{"floor":7.0,"key":"Bottled Flame"},{"floor":9.0,"key":"Meat on the Bone"},{"floor":10.0,"key":"Bag of Preparation"},{"floor":13.0,"key":"Kunai"},{"floor":22.0,"key":"Bronze Scales"},{"floor":24.0,"key":"Lantern"},{"floor":26.0,"key":"Anchor"},{"floor":28.0,"key":"Necronomicon"},{"floor":29.0,"key":"Dream Catcher"},{"floor":37.0,"key":"Unceasing Top"},{"floor":40.0,"key":"Pocketwatch"},{"floor":42.0,"key":"Gremlin Horn"},{"floor":46.0,"key":"Oddly Smooth Stone"},{"floor":55.0,"key":"Blood Vial"}],"event_choices":[{"damage_healed":0.0,"max_hp_gain":0.0,"max_hp_loss":0.0,"gold_gain":0.0,"event_name":"Living Wall","player_choice":"Grow","floor":2.0,"gold_loss":0.0,"damage_taken":0.0,"cards_upgraded":["Bash"]},{"damage_healed":0.0,"max_hp_gain":0.0,"max_hp_loss":0.0,"gold_gain":0.0,"cards_transformed":["Strike_R"],"event_name":"Transmorgrifier","player_choice":"Transformed","floor":5.0,"gold_loss":0.0,"damage_taken":0.0,"cards_obtained":["Corruption"]},{"damage_healed":0.0,"max_hp_gain":0.0,"max_hp_loss":0.0,"gold_gain":0.0,"event_name":"Addict","player_choice":"Obtained Relic","floor":20.0,"gold_loss":85.0,"damage_taken":0.0,"relics_obtained":["Pen Nib"]},{"damage_healed":0.0,"max_hp_gain":0.0,"max_hp_loss":0.0,"gold_gain":0.0,"event_name":"Cursed Tome","player_choice":"Obtained Book","floor":28.0,"gold_loss":0.0,"damage_taken":21.0},{"damage_healed":0.0,"max_hp_gain":0.0,"max_hp_loss":0.0,"gold_gain":0.0,"event_name":"Tomb of Lord Red Mask","player_choice":"Paid","floor":36.0,"gold_loss":135.0,"damage_taken":0.0,"relics_obtained":["Red Mask"]},{"damage_healed":0.0,"max_hp_gain":0.0,"max_hp_loss":0.0,"gold_gain":0.0,"event_name":"Mysterious Sphere","player_choice":"Fight","floor":37.0,"gold_loss":0.0,"damage_taken":0.0},{"cards_removed":["Searing Blow"],"damage_healed":0.0,"max_hp_gain":0.0,"max_hp_loss":0.0,"gold_gain":0.0,"event_name":"Purifier","player_choice":"Purged","floor":38.0,"gold_loss":0.0,"damage_taken":0.0},{"damage_healed":0.0,"max_hp_gain":0.0,"max_hp_loss":0.0,"gold_gain":0.0,"event_name":"SensoryStone","player_choice":"Memory 3","floor":44.0,"gold_loss":0.0,"damage_taken":10.0},{"cards_removed":["Havoc"],"damage_healed":0.0,"max_hp_gain":0.0,"max_hp_loss":0.0,"gold_gain":0.0,"event_name":"Falling","player_choice":"Removed Skill","floor":45.0,"gold_loss":0.0,"damage_taken":0.0}],"is_beta":false,"boss_relics":[{"not_picked":["Runic Dome","Runic Cube"],"picked":"Sozu"},{"not_picked":["Empty Cage","Eternal Feather"],"picked":"Astrolabe"}],"items_purged_floors":[],"is_endless":false,"potions_floor_spawned":[1,8,10,12,16,21,24,29,31,37,39,40],"killed_by":"The Heart","ascension_level":20}