{"gold_per_floor":[116,66,66,241,259,259,277,304,304,275,275,305,319,329,329,329],"floor_reached":16,"playtime":685,"items_purged":[],"score":121,"play_id":"6f5bc40c-a061-4fab-a1bf-da9dd492623a","local_time":"20190701043234","is_ascension_mode":true,"campfire_choices":[{"data":"Defend_B","floor":6,"key":"SMITH"},{"floor":11,"key":"REST"},{"floor":15,"key":"REST"}],"neow_cost":"NONE","seed_source_timestamp":103820314122132,"circlet_count":0,"master_deck":["Strike_B","Strike_B","Strike_B","Defend_B","Defend_B","Defend_B","Defend_B+1","Zap","Dualcast","Cold Snap","Doubt","Consume","Self Repair","Cold Snap","Rebound"],"relics":["Cracked Core","NeowsBlessing","Shuriken","Oddly Smooth Stone","Bag of Marbles"],"potions_floor_usage":[8,8,16],"damage_taken":[{"damage":0,"enemies":"Cultist","floor":1,"turns":1},{"damage":0,"enemies":"Small Slimes","floor":5,"turns":1},{"damage":0,"enemies":"Jaw Worm","floor":7,"turns":1},{"damage":44,"enemies":"Gremlin Nob","floor":8,"turns":6},{"damage":10,"enemies":"3 Sentries","floor":12,"turns":11},{"damage":11,"enemies":"Large Slime","floor":13,"turns":8},{"damage":7,"enemies":"Looter","floor":14,"turns":4},{"damage":61,"enemies":"Slime Boss","floor":16,"turns":9}],"seed_played":"-2527219707017936804","potions_obtained":[{"floor":1,"key":"GamblersBrew"},{"floor":7,"key":"Strength Potion"},{"floor":13,"key":"SteroidPotion"}],"is_trial":false,"path_per_floor":["M","?","?","?","M","R","M","E","T","?","R","E","M","M","R","B"],"character_chosen":"DEFECT","items_purchased":[],"campfire_rested":2,"item_purchase_floors":[],"current_hp_per_floor":[75,75,63,63,63,63,63,19,19,19,41,31,27,27,49,0],"gold":329,"neow_bonus":"THREE_ENEMY_KILL","is_prod":false,"is_daily":false,"chose_seed":false,"campfire_upgraded":1,"win_rate":0,"timestamp":1561923154,"path_taken":["M","?","?","?","?","R","M","E","T","?","R","E","M","M","R","BOSS"],"build_version":"2019-01-23","purchased_purges":0,"victory":false,"max_hp_per_floor":[75,75,75,75,75,75,75,75,75,75,75,75,75,75,75,75],"card_choices":[{"not_picked":["Auto Shields","Turbo"],"picked":"Cold Snap","floor":1},{"not_picked":["Redo","Streamline","Stack"],"picked":"SKIP","floor":5},{"not_picked":["Beam Cell","Sweeping Beam","Stack"],"picked":"SKIP","floor":7},{"not_picked":["Double Energy","Compile Driver"],"picked":"Consume","floor":8},{"not_picked":["Hello World","Turbo"],"picked":"Self Repair","floor":12},{"not_picked":["Sweeping Beam","Darkness"],"picked":"Cold Snap","floor":13},{"not_picked":["Sunder","Sweeping Beam"],"picked":"Rebound","floor":14}],"player_experience":86779,"relics_obtained":[{"floor":8,"key":"Oddly Smooth Stone"},{"floor":12,"key":"Bag of Marbles"}],"event_choices":[{"cards_removed":["Strike_B"],"damage_healed":0,"gold_gain":0,"player_choice":"Card Removal","damage_taken":0,"max_hp_gain":0,"max_hp_loss":0,"event_name":"The Cleric","floor":2,"gold_loss":50},{"damage_healed":0,"gold_gain":0,"player_choice":"Success","damage_taken":12,"relics_obtained":["Shuriken"],"max_hp_gain":0,"max_hp_loss":0,"event_name":"Scrap Ooze","floor":3,"gold_loss":0},{"damage_healed":0,"gold_gain":175,"player_choice":"AGREE","damage_taken":0,"max_hp_gain":0,"max_hp_loss":0,"event_name":"Liars Game","floor":4,"gold_loss":0,"cards_obtained":["Doubt"]},{"damage_healed":0,"gold_gain":0,"player_choice":"Left Gold","damage_taken":0,"max_hp_gain":0,"max_hp_loss":0,"event_name":"World of Goop","floor":10,"gold_loss":29}],"is_beta":false,"boss_relics":[],"items_purged_floors":[],"is_endless":false,"potions_floor_spawned":[1,7,13],"killed_by":"Slime Boss","ascension_level":2}