{"gold_per_floor":[114,132,132,132,142,142,174,185,185,185,204,60,60,73,73,174,174,191,116,23,38,54,54,85,85,108,41,41,41,41,41,41,142,142,161,161,176,186,186],"floor_reached":39,"playtime":4521,"items_purged":["Strike_G"],"score":539,"play_id":"f0d096a6-072a-4d9c-8917-da791fe27fbc","local_time":"20190809125907","is_ascension_mode":true,"campfire_choices":[{"floor":6,"key":"REST"},{"floor":10,"key":"REST"},{"floor":15,"key":"REST"},{"floor":23,"key":"REST"},{"data":"Neutralize","floor":25,"key":"SMITH"},{"data":"Well Laid Plans","floor":28,"key":"SMITH"},{"data":"Wraith Form v2","floor":30,"key":"SMITH"},{"data":"Noxious Fumes","floor":32,"key":"SMITH"}],"neow_cost":"NONE","seed_source_timestamp":308249032345588,"circlet_count":0,"master_deck":["Defend_G","Defend_G","Survivor","Neutralize+1","Poisoned Stab+1","Expertise","Escape Plan+1","Concentrate+1","Deadly Poison+1","Blur+1","Blur+1","Tools of the Trade","Backflip+1","Noxious Fumes+1","Outmaneuver+1","Dodge and Roll+1","Expertise+1","Acrobatics+1","Well Laid Plans+1","Envenom","Wraith Form v2+1","Adrenaline+1","Catalyst+1","Night Terror+1","Skewer+1","Backflip+1","Outmaneuver+1"],"relics":["Ring of the Serpent","Bag of Marbles","Toxic Egg 2","Centennial Puzzle","Blue Candle","Shuriken","Omamori","Kunai","Astrolabe"],"potions_floor_usage":[7,7,16,18,24,24,33,39],"damage_taken":[{"damage":3,"enemies":"Cultist","floor":1,"turns":5},{"damage":2,"enemies":"2 Louse","floor":2,"turns":3},{"damage":0,"enemies":"Jaw Worm","floor":5,"turns":3},{"damage":37,"enemies":"Lagavulin","floor":7,"turns":8},{"damage":3,"enemies":"Looter","floor":8,"turns":2},{"damage":3,"enemies":"Blue Slaver","floor":11,"turns":4},{"damage":0,"enemies":"Exordium Wildlife","floor":14,"turns":4},{"damage":21,"enemies":"Slime Boss","floor":16,"turns":14},{"damage":25,"enemies":"2 Thieves","floor":18,"turns":4},{"damage":1,"enemies":"Chosen","floor":21,"turns":5},{"damage":0,"enemies":"Shelled Parasite and Fungi","floor":22,"turns":5},{"damage":5,"enemies":"Gremlin Leader","floor":24,"turns":8},{"damage":2,"enemies":"Champ","floor":33,"turns":11},{"damage":21,"enemies":"3 Darklings","floor":35,"turns":6},{"damage":31,"enemies":"3 Shapes","floor":37,"turns":7},{"damage":0,"enemies":"Maw","floor":38,"turns":7},{"damage":26,"enemies":"4 Shapes","floor":39,"turns":3}],"seed_played":"1234913191594381907","potions_obtained":[{"floor":2,"key":"SneckoOil"},{"floor":5,"key":"EssenceOfSteel"},{"floor":11,"key":"LiquidBronze"},{"floor":14,"key":"Explosive Potion"},{"floor":18,"key":"Poison Potion"},{"floor":22,"key":"GamblersBrew"},{"floor":24,"key":"LiquidBronze"},{"floor":36,"key":"Ancient Potion"},{"floor":36,"key":"Strength Potion"},{"floor":36,"key":"PowerPotion"}],"is_trial":false,"path_per_floor":["M","M","?","?","M","R","E","M","T","R","M","$","?","M","R","B",null,"M","?","$","M","M","R","E","R","T","$","R","?","R","T","R","B",null,"M","?","M","M","M"],"character_chosen":"THE_SILENT","items_purchased":["Blur+1","Noxious Fumes","Outmaneuver+1","Well Laid Plans"],"campfire_rested":4,"item_purchase_floors":[12,20,20,27],"current_hp_per_floor":[60,58,33,33,33,54,17,14,14,35,32,32,25,25,46,25,59,34,34,34,33,33,54,49,49,49,49,49,49,49,49,49,47,64,43,43,12,12,0],"gold":186,"neow_bonus":"RANDOM_COMMON_RELIC","is_prod":false,"is_daily":false,"chose_seed":false,"campfire_upgraded":4,"win_rate":0,"timestamp":1565380747,"path_taken":["M","M","?","?","M","R","E","?","T","R","M","$","?","M","R","BOSS","M","?","$","M","M","R","E","R","T","$","R","?","R","?","R","BOSS","M","?","M","M","M"],"build_version":"2019-07-17","purchased_purges":1,"victory":false,"max_hp_per_floor":[70,70,70,70,70,70,70,70,70,70,70,70,70,70,70,70,70,70,70,70,70,70,70,70,70,70,70,70,70,70,70,70,70,70,70,70,70,70,70],"card_choices":[{"not_picked":["Acrobatics","Skewer"],"picked":"Poisoned Stab","floor":1},{"not_picked":["Terror","Prepared"],"picked":"Expertise","floor":2},{"not_picked":["Dagger Throw","Poisoned Stab"],"picked":"Escape Plan+1","floor":5},{"not_picked":["Acrobatics+1","Prepared+1"],"picked":"Concentrate+1","floor":7},{"not_picked":["Endless Agony","Blade Dance+1","Deflect+1"],"picked":"SKIP","floor":8},{"not_picked":["Slice","Underhanded Strike"],"picked":"Deadly Poison+1","floor":11},{"not_picked":["Bouncing Flask+1","PiercingWail+1"],"picked":"Blur+1","floor":14},{"not_picked":["Night Terror+1","Unload"],"picked":"Tools of the Trade","floor":16},{"not_picked":["Riddle With Holes","Setup+1"],"picked":"Backflip+1","floor":18},{"not_picked":["Dash","Bane"],"picked":"Dodge and Roll+1","floor":21},{"not_picked":["Outmaneuver+1","Choke"],"picked":"Expertise+1","floor":22},{"not_picked":["Outmaneuver+1","Dodge and Roll+1"],"picked":"Acrobatics+1","floor":24},{"not_picked":["Die Die Die","A Thousand Cuts"],"picked":"Adrenaline+1","floor":33},{"not_picked":["Riddle With Holes+1","Quick Slash","Crippling Poison+1"],"picked":"SKIP","floor":35},{"not_picked":["Crippling Poison+1","Sucker Punch"],"picked":"Backflip+1","floor":37},{"not_picked":["Eviscerate","Backflip+1"],"picked":"Outmaneuver+1","floor":38}],"player_experience":245420,"relics_obtained":[{"floor":7,"key":"Centennial Puzzle"},{"floor":9,"key":"Blue Candle"},{"floor":24,"key":"Shuriken"},{"floor":26,"key":"Omamori"},{"floor":31,"key":"Kunai"}],"event_choices":[{"damage_healed":0,"gold_gain":0,"player_choice":"Success","damage_taken":25,"relics_obtained":["Toxic Egg 2"],"max_hp_gain":0,"max_hp_loss":0,"event_name":"Scrap Ooze","floor":3,"gold_loss":0},{"damage_healed":0,"gold_gain":0,"player_choice":"Upgraded","damage_taken":0,"max_hp_gain":0,"max_hp_loss":0,"event_name":"Upgrade Shrine","floor":4,"gold_loss":0,"cards_upgraded":["Poisoned Stab"]},{"cards_removed":["Defend_G"],"damage_healed":0,"gold_gain":0,"player_choice":"Card Removal","damage_taken":7,"max_hp_gain":0,"max_hp_loss":0,"event_name":"Golden Wing","floor":13,"gold_loss":0},{"cards_removed":["Strike_G"],"damage_healed":0,"gold_gain":0,"player_choice":"Gave Gold","damage_taken":0,"max_hp_gain":0,"max_hp_loss":0,"event_name":"Beggar","floor":19,"gold_loss":75},{"damage_healed":0,"gold_gain":0,"cards_transformed":["Strike_G","Defend_G"],"player_choice":"Became Test Subject","damage_taken":0,"max_hp_gain":0,"max_hp_loss":0,"event_name":"Drug Dealer","floor":29,"gold_loss":0,"cards_obtained":["Envenom","Wraith Form v2"]},{"damage_healed":0,"gold_gain":0,"player_choice":"Got Potions","damage_taken":0,"max_hp_gain":0,"max_hp_loss":0,"event_name":"Lab","floor":36,"gold_loss":0}],"is_beta":false,"boss_relics":[{"not_picked":["Sozu","Snecko Eye"],"picked":"Ring of the Serpent"},{"not_picked":["Velvet Choker","Cursed Key"],"picked":"Astrolabe"}],"items_purged_floors":[12],"is_endless":false,"potions_floor_spawned":[2,5,11,14,18,22,24],"killed_by":"4 Shapes","ascension_level":7}