{"gold_per_floor":[116,136,147,19,94,94,120,120,120,140,140,140,140,167,167,244,244,204,204,204,7,7,7,7,7,7,7,7,7,7,7,7,7,7,7,7,7,7,7,7,7,7,7,7,7,7,7,7,7,7,7],"floor_reached":51,"playtime":2053,"items_purged":["Strike_B"],"score":1564,"play_id":"891ef0e4-d07f-41e5-8cf1-5679270668e8","local_time":"20190627190541","is_ascension_mode":true,"campfire_choices":[{"data":"Defragment","floor":6.0,"key":"SMITH"},{"data":"Coolheaded","floor":11.0,"key":"SMITH"},{"data":"Zap","floor":15.0,"key":"SMITH"},{"floor":24.0,"key":"REST"},{"data":"Sweeping Beam","floor":28.0,"key":"SMITH"},{"data":"Static Discharge","floor":32.0,"key":"SMITH"},{"data":"Storm","floor":41.0,"key":"SMITH"},{"data":"Machine Learning","floor":46,"key":"SMITH"},{"data":"Loop","floor":49,"key":"SMITH"}],"neow_cost":"NONE","seed_source_timestamp":118555509020,"circlet_count":0,"master_deck":["AscendersBane","Defend_B","Defend_B","Defend_B","Zap+1","Dualcast","Cold Snap","Steam","Ball Lightning","Defragment+1","Coolheaded+1","Compile Driver","White Noise+1","Electrodynamics","Glacier+1","Hologram+1","Amplify+1","Self Repair","Sweeping Beam+1","Conserve Battery+1","Recycle+1","Compile Driver","Chaos+1","Static Discharge+1","Thunder Strike","Stack+1","Storm+1","Coolheaded+1","Loop+1","Storm+1","Machine Learning+1","Thinking Ahead+1","Loop"],"special_seed":0,"relics":["Cracked Core","Art of War","Shuriken","Toxic Egg 2","FossilizedHelix","Gremlin Horn","Meat on the Bone","Ectoplasm","Darkstone Periapt","Dream Catcher","Nunchaku","Peace Pipe","Astrolabe","Bag of Marbles","Blood Vial","Omamori","Pen Nib"],"potions_floor_usage":[51],"damage_taken":[{"damage":4.0,"enemies":"Jaw Worm","floor":1.0,"turns":3.0},{"damage":1.0,"enemies":"Small Slimes","floor":2.0,"turns":3.0},{"damage":0.0,"enemies":"2 Louse","floor":3.0,"turns":4.0},{"damage":16.0,"enemies":"Lagavulin","floor":7.0,"turns":5.0},{"damage":3.0,"enemies":"Gremlin Gang","floor":10.0,"turns":5.0},{"damage":0.0,"enemies":"Gremlin Nob","floor":14.0,"turns":4.0},{"damage":5.0,"enemies":"The Guardian","floor":16.0,"turns":9.0},{"damage":0.0,"enemies":"2 Thieves","floor":18.0,"turns":2.0},{"damage":11.0,"enemies":"Spheric Guardian","floor":19.0,"turns":4.0},{"damage":3.0,"enemies":"Centurion and Healer","floor":20.0,"turns":6.0},{"damage":10.0,"enemies":"Cultist and Chosen","floor":22.0,"turns":6.0},{"damage":44.0,"enemies":"Slavers","floor":23.0,"turns":4.0},{"damage":16.0,"enemies":"Gremlin Leader","floor":25.0,"turns":6.0},{"damage":0.0,"enemies":"Chosen and Byrds","floor":27.0,"turns":6.0},{"damage":21.0,"enemies":"Slavers","floor":29.0,"turns":3.0},{"damage":25.0,"enemies":"Snake Plant","floor":30.0,"turns":5.0},{"damage":1.0,"enemies":"Shelled Parasite and Fungi","floor":31.0,"turns":5.0},{"damage":43.0,"enemies":"Collector","floor":33.0,"turns":10.0},{"damage":8.0,"enemies":"Orb Walker","floor":35.0,"turns":4.0},{"damage":21.0,"enemies":"3 Darklings","floor":36.0,"turns":4.0},{"damage":0.0,"enemies":"Sphere and 2 Shapes","floor":39.0,"turns":4.0},{"damage":30.0,"enemies":"Giant Head","floor":40.0,"turns":6.0},{"damage":9.0,"enemies":"Reptomancer","floor":42.0,"turns":2.0},{"damage":47.0,"enemies":"Giant Head","floor":44.0,"turns":7.0},{"damage":0,"enemies":"Maw","floor":45,"turns":5},{"damage":1,"enemies":"Transient","floor":48,"turns":6},{"damage":47,"enemies":"Donu and Deca","floor":50,"turns":6},{"damage":41,"enemies":"Time Eater","floor":51,"turns":5}],"seed_played":"-5551971447413473412","potions_obtained":[{"floor":1.0,"key":"FocusPotion"},{"floor":14.0,"key":"Swift Potion"},{"floor":20.0,"key":"Explosive Potion"},{"floor":29.0,"key":"Fruit Juice"},{"floor":30.0,"key":"Strength Potion"},{"floor":33.0,"key":"SteroidPotion"},{"floor":40.0,"key":"FocusPotion"},{"floor":45,"key":"Weak Potion"}],"is_trial":false,"path_per_floor":["M","M","M","$","?","R","E","?","T","M","R","?","T","E","R","B",null,"M","M","M","$","M","E","R","E","T","M","R","E","M","M","R","B",null,"M","M","?","?","M","E","R","E","T","E","M","R","?","M","R","B","B"],"character_chosen":"DEFECT","items_purchased":["Defragment","Fire Potion","LiquidBronze","Self Repair"],"campfire_rested":1,"item_purchase_floors":[4,4,21,21],"current_hp_per_floor":[60,59,59,59,48,48,32,55,55,52,52,52,52,52,52,47,65,65,54,51,51,48,23,44,47,47,54,54,45,44,50,50,26,64,63,42,42,42,49,38,38,48,48,22,43,43,43,51,51,32,0],"gold":7,"neow_bonus":"RANDOM_COMMON_RELIC","is_prod":false,"is_daily":false,"chose_seed":false,"campfire_upgraded":8,"win_rate":0,"timestamp":1561655141,"path_taken":["M","M","M","$","?","R","E","?","T","M","R","?","?","E","R","BOSS","M","M","M","$","?","E","R","E","T","M","R","E","M","M","R","BOSS","M","?","?","?","M","E","R","E","T","E","?","R","?","M","R","BOSS","BOSS"],"build_version":"2019-06-24","purchased_purges":1,"victory":false,"max_hp_per_floor":[71,71,71,71,71,71,71,71,71,71,71,71,71,71,71,71,71,71,71,71,71,71,71,71,71,71,71,71,71,76,76,76,76,76,76,76,72,72,72,72,72,72,72,72,72,72,72,72,72,72,72],"card_choices":[{"not_picked":["FTL","Coolheaded"],"picked":"Cold Snap","floor":1.0},{"not_picked":["Barrage","Beam Cell"],"picked":"Steam","floor":2.0},{"not_picked":["Stack","Doom and Gloom"],"picked":"Ball Lightning","floor":3.0},{"not_picked":["Turbo","Skim"],"picked":"Coolheaded","floor":7.0},{"not_picked":["White Noise+1","Meteor Strike"],"picked":"Compile Driver","floor":10.0},{"not_picked":["Rebound","Hologram+1"],"picked":"White Noise+1","floor":14.0},{"not_picked":["Fission+1","Thunder Strike"],"picked":"Electrodynamics","floor":16.0},{"not_picked":["Sweeping Beam","Leap+1"],"picked":"Glacier+1","floor":18.0},{"not_picked":["Doom and Gloom+1","Ball Lightning"],"picked":"Hologram+1","floor":19.0},{"not_picked":["Conserve Battery+1","Hologram+1"],"picked":"Amplify+1","floor":20.0},{"not_picked":["Doom and Gloom","Steam+1"],"picked":"Sweeping Beam","floor":22.0},{"not_picked":["Rebound","Barrage"],"picked":"Conserve Battery+1","floor":23.0},{"not_picked":["Beam Cell","Darkness+1"],"picked":"Recycle+1","floor":25.0},{"not_picked":["Hologram+1","Electrodynamics"],"picked":"Compile Driver","floor":27.0},{"not_picked":["Cold Snap+1","Barrage"],"picked":"Chaos+1","floor":29.0},{"not_picked":["Lockon","Cold Snap","Conserve Battery+1"],"picked":"SKIP","floor":30.0},{"not_picked":["Aggregate+1","Beam Cell"],"picked":"Static Discharge","floor":31.0},{"not_picked":["Creative AI","Amplify+1"],"picked":"Thunder Strike","floor":33.0},{"not_picked":["Barrage","Rebound"],"picked":"Loop","floor":35.0},{"not_picked":["Loop","Blizzard","Darkness+1"],"picked":"SKIP","floor":36.0},{"not_picked":["Loop","Blizzard","Darkness+1"],"picked":"SKIP","floor":36.0},{"not_picked":["Lockon","Rebound"],"picked":"Storm","floor":39.0},{"not_picked":["Rip and Tear","BootSequence+1"],"picked":"Machine Learning","floor":40.0},{"not_picked":["Darkness+1","Rebound","Blizzard"],"picked":"SKIP","floor":42.0},{"not_picked":["Defragment","Scrape","Double Energy+1"],"picked":"SKIP","floor":44.0},{"not_picked":["Beam Cell","Sweeping Beam","Heatsinks"],"picked":"SKIP","floor":45},{"not_picked":["Dramatic Entrance","Magnetism"],"picked":"Thinking Ahead+1","floor":47},{"not_picked":["Cold Snap","Coolheaded+1"],"picked":"Loop","floor":48}],"player_experience":1776283,"relics_obtained":[{"floor":7.0,"key":"Shuriken"},{"floor":9.0,"key":"Toxic Egg 2"},{"floor":13.0,"key":"Gremlin Horn"},{"floor":14.0,"key":"Meat on the Bone"},{"floor":23.0,"key":"Darkstone Periapt"},{"floor":25.0,"key":"Dream Catcher"},{"floor":26.0,"key":"Nunchaku"},{"floor":29.0,"key":"Peace Pipe"},{"floor":40.0,"key":"Bag of Marbles"},{"floor":42.0,"key":"Blood Vial"},{"floor":43.0,"key":"Omamori"},{"floor":44.0,"key":"Pen Nib"}],"event_choices":[{"damage_healed":0.0,"max_hp_gain":0.0,"max_hp_loss":0.0,"gold_gain":75.0,"event_name":"World of Goop","player_choice":"Gather Gold","floor":5.0,"gold_loss":0.0,"damage_taken":11.0},{"damage_healed":23.0,"max_hp_gain":0.0,"max_hp_loss":0.0,"gold_gain":0.0,"event_name":"Big Fish","player_choice":"Banana","floor":8.0,"gold_loss":0.0,"damage_taken":0.0},{"damage_healed":0.0,"max_hp_gain":0.0,"max_hp_loss":0.0,"gold_gain":0.0,"event_name":"Dead Adventurer","player_choice":"Searched \u00271\u0027 times","floor":12.0,"gold_loss":0.0,"damage_taken":0.0,"relics_obtained":["FossilizedHelix"]},{"damage_healed":0.0,"max_hp_gain":0.0,"max_hp_loss":4.0,"gold_gain":0.0,"event_name":"Winding Halls","player_choice":"Max HP","floor":37.0,"gold_loss":0.0,"damage_taken":0.0},{"cards_removed":["Defend_B"],"damage_healed":0.0,"max_hp_gain":0.0,"max_hp_loss":0.0,"gold_gain":0.0,"event_name":"Purifier","player_choice":"Purged","floor":38.0,"gold_loss":0.0,"damage_taken":0.0},{"damage_healed":0,"gold_gain":0,"player_choice":"Memory 1","damage_taken":0,"max_hp_gain":0,"max_hp_loss":0,"event_name":"SensoryStone","floor":47,"gold_loss":0}],"is_beta":true,"boss_relics":[{"not_picked":["Busted Crown","FrozenCore"],"picked":"Ectoplasm"},{"not_picked":["Pandora\u0027s Box","Eternal Feather"],"picked":"Astrolabe"}],"items_purged_floors":[21],"is_endless":false,"potions_floor_spawned":[1,10,14,16,20,23,27,29,30,33,40,45,48],"killed_by":"Time Eater","ascension_level":20}