{"gold_per_floor":[113,38,38,49,64,64,82,112,112,112,112,125,143,172,172,268,268],"floor_reached":17,"playtime":840,"items_purged":["Strike_R"],"score":175,"play_id":"78b79654-63e9-4cb4-88a7-71ec4d2ebd71","local_time":"20190727101423","daily_mods":["Chimera","Diverse","DeadlyEvents"],"is_ascension_mode":true,"campfire_choices":[{"data":"Static Discharge","floor":6,"key":"SMITH"},{"floor":10,"key":"REST"},{"data":"Bash","floor":15,"key":"SMITH"}],"neow_cost":"","seed_source_timestamp":0,"circlet_count":0,"master_deck":["Bash+1","Survivor","Zap","Strike_B","Defend_R","Defend_G","Defend_B","Leap","Cold Snap","Static Discharge+1","Pommel Strike","Parasite","Die Die Die","Battle Trance","Glass Knife"],"relics":["Ring of the Snake","Pantograph","Sundial","Mercury Hourglass"],"potions_floor_usage":[13,16],"damage_taken":[{"damage":7,"enemies":"Jaw Worm","floor":1,"turns":4},{"damage":0,"enemies":"Cultist","floor":4,"turns":3},{"damage":3,"enemies":"2 Louse","floor":5,"turns":2},{"damage":4,"enemies":"2 Fungi Beasts","floor":7,"turns":4},{"damage":26,"enemies":"Gremlin Nob","floor":8,"turns":3},{"damage":6,"enemies":"3 Louse","floor":12,"turns":3},{"damage":2,"enemies":"Exordium Thugs","floor":13,"turns":3},{"damage":18,"enemies":"3 Sentries","floor":14,"turns":5},{"damage":30,"enemies":"Hexaghost","floor":16,"turns":6}],"seed_played":"1905922599198258260","potions_obtained":[{"floor":1,"key":"Energy Potion"},{"floor":7,"key":"Swift Potion"},{"floor":8,"key":"Strength Potion"},{"floor":12,"key":"Fire Potion"}],"is_trial":true,"path_per_floor":["M","$","?","M","M","R","M","E","T","R","?","M","M","E","R","B",null],"character_chosen":"THE_SILENT","items_purchased":[],"campfire_rested":1,"item_purchase_floors":[],"current_hp_per_floor":[63,63,56,56,53,53,49,23,23,44,61,55,53,35,35,30,30],"gold":268,"neow_bonus":"","is_prod":false,"is_daily":false,"chose_seed":false,"campfire_upgraded":2,"win_rate":0,"timestamp":1564240463,"path_taken":["M","$","?","M","M","R","M","E","T","R","?","M","?","?","R","BOSS"],"build_version":"2019-07-17","purchased_purges":1,"victory":false,"max_hp_per_floor":[70,70,70,70,70,70,70,70,70,70,70,70,70,70,70,70,70],"card_choices":[{"not_picked":["Second Wind","Body Slam"],"picked":"Leap","floor":1},{"not_picked":["Leap","Darkness"],"picked":"Cold Snap","floor":4},{"not_picked":["Clash","Uppercut"],"picked":"Static Discharge","floor":5},{"not_picked":["Scrape","Rip and Tear"],"picked":"Pommel Strike","floor":7},{"not_picked":["PiercingWail","Reckless Charge","Warcry"],"picked":"SKIP","floor":8},{"not_picked":["Deadly Poison","Leg Sweep"],"picked":"Die Die Die","floor":12},{"not_picked":["Prepared","Coolheaded","Burning Pact"],"picked":"SKIP","floor":13},{"not_picked":["Thunderclap","Pommel Strike"],"picked":"Battle Trance","floor":14},{"not_picked":["Wraith Form v2","Bludgeon"],"picked":"Glass Knife","floor":16}],"player_experience":428865,"relics_obtained":[{"floor":8,"key":"Pantograph"},{"floor":9,"key":"Sundial"},{"floor":14,"key":"Mercury Hourglass"}],"event_choices":[{"cards_removed":["Strike_G"],"damage_healed":0,"gold_gain":0,"player_choice":"Card Removal","damage_taken":7,"max_hp_gain":0,"max_hp_loss":0,"event_name":"Golden Wing","floor":3,"gold_loss":0},{"damage_healed":17,"gold_gain":0,"player_choice":"Healed and dodged fight","damage_taken":0,"max_hp_gain":0,"max_hp_loss":0,"event_name":"Mushrooms","floor":11,"gold_loss":0,"cards_obtained":["Parasite"]}],"is_beta":false,"boss_relics":[],"items_purged_floors":[2],"is_endless":false,"potions_floor_spawned":[1,7,8,12],"ascension_level":1}