{"gold_per_floor":[117,130,49,49,61,93,93,126,151,101,26,36,36,66,66,163,163,174,74,74,85,96,96,96,11,36,36,36,36,63,78,78,78],"floor_reached":33,"playtime":1159,"items_purged":["Defend_B","Rainbow"],"score":271,"play_id":"a683d46e-3f0e-4daa-83aa-59841962e5ba","local_time":"20190702011448","is_ascension_mode":false,"campfire_choices":[{"data":"Sunder","floor":7,"key":"SMITH"},{"data":"Zap","floor":13,"key":"SMITH"},{"data":"Dualcast","floor":15,"key":"SMITH"},{"data":"Barrage","floor":23,"key":"SMITH"},{"data":"Double Energy","floor":27,"key":"SMITH"},{"data":"Go for the Eyes","floor":29,"key":"SMITH"},{"floor":32,"key":"REST"}],"neow_cost":"TEN_PERCENT_HP_LOSS","seed_source_timestamp":22287908828345,"circlet_count":0,"master_deck":["Zap+1","Dualcast+1","Coolheaded","Leap","Sunder+1","Barrage+1","Cold Snap","Go for the Eyes+1","Steam","Echo Form","Go for the Eyes","Reboot","Double Energy+1","Sweeping Beam+1","Amplify","Conserve Battery","Redo+1","Hologram+1"],"relics":["Cracked Core","Omamori","Dream Catcher","Dodecahedron","Pandora\u0027s Box","Toxic Egg 2","Lantern","Frozen Egg 2","Juzu Bracelet"],"potions_floor_usage":[16,30,31,33,33],"damage_taken":[{"damage":0,"enemies":"Small Slimes","floor":1,"turns":3},{"damage":0,"enemies":"2 Louse","floor":2,"turns":3},{"damage":1,"enemies":"Jaw Worm","floor":5,"turns":4},{"damage":35,"enemies":"Gremlin Nob","floor":6,"turns":5},{"damage":2,"enemies":"3 Sentries","floor":8,"turns":6},{"damage":0,"enemies":"3 Louse","floor":12,"turns":2},{"damage":12,"enemies":"The Guardian","floor":16,"turns":10},{"damage":7,"enemies":"Shell Parasite","floor":18,"turns":3},{"damage":0,"enemies":"Spheric Guardian","floor":21,"turns":3},{"damage":11,"enemies":"Snake Plant","floor":22,"turns":4},{"damage":13,"enemies":"Book of Stabbing","floor":30,"turns":4},{"damage":11,"enemies":"Snecko","floor":31,"turns":3},{"damage":54,"enemies":"Collector","floor":33,"turns":7}],"seed_played":"5474894970033183598","potions_obtained":[{"floor":6,"key":"GamblersBrew"},{"floor":8,"key":"GamblersBrew"},{"floor":12,"key":"Fire Potion"},{"floor":18,"key":"Energy Potion"},{"floor":22,"key":"Regen Potion"},{"floor":30,"key":"LiquidBronze"}],"is_trial":false,"path_per_floor":["M","M","$","?","M","E","R","E","T","?","$","M","R","?","R","B",null,"M","$","?","M","M","R","?","?","T","R","T","R","E","M","R","B"],"character_chosen":"DEFECT","items_purchased":["Sunder"],"campfire_rested":1,"item_purchase_floors":[3],"current_hp_per_floor":[68,68,68,73,72,37,37,35,35,35,35,35,35,35,35,23,73,66,66,66,66,55,55,42,42,42,42,42,42,41,30,53,0],"gold":78,"neow_bonus":"REMOVE_TWO","is_prod":false,"is_daily":false,"chose_seed":false,"campfire_upgraded":6,"win_rate":0,"timestamp":1561997688,"path_taken":["M","M","$","?","M","E","R","E","T","?","?","M","R","?","R","BOSS","M","$","?","M","M","R","?","?","T","R","?","R","E","M","R","BOSS"],"build_version":"2019-01-23","purchased_purges":2,"victory":false,"max_hp_per_floor":[68,68,68,73,73,73,73,73,73,73,73,73,73,73,73,73,73,73,73,73,73,73,73,78,78,78,78,78,78,78,78,78,78],"card_choices":[{"not_picked":["Redo","Conserve Battery"],"picked":"Coolheaded","floor":1},{"not_picked":["Auto Shields","Chaos"],"picked":"Leap","floor":2},{"not_picked":["Darkness","Rainbow"],"picked":"Barrage","floor":5},{"not_picked":["Stack","Double Energy"],"picked":"Cold Snap","floor":6},{"not_picked":["Sweeping Beam","Chaos"],"picked":"Go for the Eyes","floor":8},{"not_picked":["Fusion","Ball Lightning"],"picked":"Steam","floor":12},{"not_picked":["Creative AI","Machine Learning"],"picked":"Echo Form","floor":16},{"not_picked":["Steam Power","Rebound"],"picked":"Sweeping Beam+1","floor":18},{"not_picked":["Turbo+1","Streamline"],"picked":"Amplify","floor":21},{"not_picked":["Recycle","Sweeping Beam"],"picked":"Conserve Battery","floor":22},{"not_picked":["Coolheaded+1","Chaos+1"],"picked":"Redo+1","floor":30},{"not_picked":["Sweeping Beam","Cold Snap","FTL"],"picked":"SKIP","floor":31},{"not_picked":["Reinforced Body+1","Redo+1"],"picked":"Hologram+1","floor":32}],"player_experience":128682,"relics_obtained":[{"floor":6,"key":"Omamori"},{"floor":8,"key":"Dream Catcher"},{"floor":26,"key":"Lantern"},{"floor":28,"key":"Frozen Egg 2"},{"floor":30,"key":"Juzu Bracelet"}],"event_choices":[{"damage_healed":0,"gold_gain":0,"player_choice":"Donut","damage_taken":0,"max_hp_gain":5,"max_hp_loss":0,"event_name":"Big Fish","floor":4,"gold_loss":0},{"cards_removed":["Defend_B"],"damage_healed":0,"gold_gain":0,"player_choice":"Card Removal","damage_taken":0,"max_hp_gain":0,"max_hp_loss":0,"event_name":"The Cleric","floor":10,"gold_loss":50},{"damage_healed":0,"gold_gain":30,"player_choice":"Searched \u00272\u0027 times","damage_taken":0,"relics_obtained":["Dodecahedron"],"max_hp_gain":0,"max_hp_loss":0,"event_name":"Dead Adventurer","floor":14,"gold_loss":0},{"damage_healed":0,"gold_gain":0,"player_choice":"Ignored","damage_taken":0,"max_hp_gain":0,"max_hp_loss":0,"event_name":"Vampires","floor":20,"gold_loss":0},{"damage_healed":0,"gold_gain":0,"player_choice":"Shed Blood","damage_taken":18,"max_hp_gain":5,"max_hp_loss":0,"event_name":"Forgotten Altar","floor":24,"gold_loss":0},{"damage_healed":0,"gold_gain":0,"player_choice":"Obtained Relic","damage_taken":0,"relics_obtained":["Toxic Egg 2"],"max_hp_gain":0,"max_hp_loss":0,"event_name":"Addict","floor":25,"gold_loss":85}],"is_beta":false,"boss_relics":[{"not_picked":["White Beast Statue","Runic Dome"],"picked":"Pandora\u0027s Box"}],"items_purged_floors":[11,19],"is_endless":false,"potions_floor_spawned":[6,8,12,18,22,30],"killed_by":"Collector","ascension_level":0}