{"gold_per_floor":[113,126,126,146,146,185,185,219,219,257,257,276,60,60,60,156,156,121,135,410,43,68,68,9,22,47,47,47,67,67,98,98,194,194,207,1206,1227,187,202,202,235,235,262,274,329,354,366,0,12,24,36],"floor_reached":52,"playtime":3016,"items_purged":["Strike_B","Regret","Normality"],"score":1992,"play_id":"ad904bf1-42ce-4985-8c43-57c86ad3db54","local_time":"20190630170325","is_ascension_mode":true,"campfire_choices":[{"data":"Blizzard","floor":7,"key":"SMITH"},{"floor":15,"key":"REST"},{"floor":23,"key":"REST"},{"data":"Coolheaded","floor":27,"key":"SMITH"},{"data":"Coolheaded","floor":32,"key":"SMITH"},{"floor":40,"key":"REST"},{"data":"Coolheaded","floor":42,"key":"SMITH"},{"data":"Double Energy","floor":44,"key":"SMITH"},{"floor":49,"key":"REST"}],"neow_cost":"NONE","seed_source_timestamp":195170268175,"circlet_count":0,"master_deck":["AscendersBane","Defend_B","Defend_B","Defend_B","Defend_B","Zap","Dualcast","Cold Snap","Glacier","Blizzard+1","Lockon","Genetic Algorithm","Recycle","Recycle","Hologram","Double Energy","Meteor Strike","Biased Cognition","BootSequence","Double Energy+1","Coolheaded+1","Panacea","Double Energy","Coolheaded+1","Doom and Gloom","Aggregate","Hologram","Cold Snap+1","Creative AI","Darkness","Normality","Capacitor","Capacitor","BootSequence","Coolheaded+1","White Noise","Turbo"],"relics":["Cracked Core","Smiling Mask","Golden Idol","Darkstone Periapt","Dead Branch","Pocketwatch","Regal Pillow","Sozu","Oddly Smooth Stone","Potion Belt","Dream Catcher","Runic Pyramid","Thread and Needle","Turnip","Toolbox","Bag of Marbles","MawBank","Bronze Scales","Red Mask"],"potions_floor_usage":[10,12,12,16],"damage_taken":[{"damage":2,"enemies":"Jaw Worm","floor":1,"turns":4},{"damage":2,"enemies":"Small Slimes","floor":2,"turns":3},{"damage":0,"enemies":"Cultist","floor":4,"turns":4},{"damage":19,"enemies":"Lagavulin","floor":6,"turns":9},{"damage":22,"enemies":"3 Sentries","floor":8,"turns":9},{"damage":3,"enemies":"Lagavulin","floor":10,"turns":9},{"damage":1,"enemies":"Exordium Thugs","floor":12,"turns":4},{"damage":8,"enemies":"The Guardian","floor":16,"turns":13},{"damage":13,"enemies":"2 Thieves","floor":18,"turns":5},{"damage":29,"enemies":"3 Byrds","floor":19,"turns":5},{"damage":0,"enemies":"Snecko","floor":22,"turns":2},{"damage":0,"enemies":"Sentry and Sphere","floor":25,"turns":6},{"damage":11,"enemies":"Chosen and Byrds","floor":29,"turns":7},{"damage":8,"enemies":"Slavers","floor":31,"turns":9},{"damage":25,"enemies":"Champ","floor":33,"turns":20},{"damage":35,"enemies":"3 Darklings","floor":35,"turns":5},{"damage":0,"enemies":"Orb Walker","floor":37,"turns":4},{"damage":11,"enemies":"Jaw Worm Horde","floor":39,"turns":4},{"damage":4,"enemies":"Nemesis","floor":41,"turns":9},{"damage":36,"enemies":"Giant Head","floor":45,"turns":7},{"damage":0,"enemies":"Transient","floor":46,"turns":6},{"damage":20,"enemies":"Awakened One","floor":50,"turns":27},{"damage":47,"enemies":"Donu and Deca","floor":51,"turns":11}],"seed_played":"8807404756813982534","potions_obtained":[{"floor":2,"key":"EssenceOfSteel"},{"floor":8,"key":"Poison Potion"},{"floor":10,"key":"EssenceOfSteel"},{"floor":12,"key":"Block Potion"}],"is_trial":false,"path_per_floor":["M","M","?","M","?","E","R","E","T","E","?","M","$","?","R","B",null,"M","M","?","$","M","R","$","M","T","R","?","M","?","E","R","B",null,"M","?","M","$","M","R","E","R","T","R","E","M","?","?","R","B","B",null],"character_chosen":"DEFECT","items_purchased":["Double Energy","Meteor Strike","Oddly Smooth Stone","Coolheaded","Panacea","Coolheaded","Capacitor","Thread and Needle","BootSequence","Turnip","Toolbox"],"campfire_rested":4,"item_purchase_floors":[13,13,21,21,21,24,38,38,38,38,38],"current_hp_per_floor":[62,60,60,60,65,46,46,24,24,21,21,20,20,20,55,47,64,51,22,28,28,28,65,65,65,65,65,65,54,54,46,46,21,62,27,39,39,39,28,69,65,65,65,65,29,29,29,29,70,50,3],"gold":48,"neow_bonus":"RANDOM_COMMON_RELIC","is_prod":false,"is_daily":false,"chose_seed":false,"campfire_upgraded":5,"win_rate":0,"timestamp":1561907005,"path_taken":["M","M","?","M","?","E","R","E","T","E","?","?","$","?","R","BOSS","M","M","?","$","?","R","?","M","T","R","?","M","?","E","R","BOSS","M","?","M","$","M","R","E","R","T","R","E","M","?","?","R","BOSS","BOSS"],"build_version":"2019-06-29","purchased_purges":3,"victory":true,"max_hp_per_floor":[71,71,64,64,69,69,69,69,69,69,69,69,69,69,69,69,69,69,69,75,75,75,75,75,75,75,75,75,75,75,75,75,75,75,75,87,87,87,87,87,87,87,87,87,87,87,87,87,87,87,87],"card_choices":[{"not_picked":["Go for the Eyes","Compile Driver"],"picked":"Cold Snap","floor":1},{"not_picked":["Go for the Eyes","Melter"],"picked":"Glacier","floor":2},{"not_picked":["Self Repair","Capacitor"],"picked":"Blizzard","floor":4},{"not_picked":["Aggregate","Rebound"],"picked":"Lockon","floor":6},{"not_picked":["Steam","Compile Driver"],"picked":"Genetic Algorithm","floor":8},{"not_picked":["Conserve Battery","Auto Shields"],"picked":"Recycle","floor":10},{"not_picked":["Streamline","Leap"],"picked":"Hologram","floor":12},{"not_picked":["Fission","Amplify"],"picked":"Biased Cognition","floor":16},{"not_picked":["Compile Driver","Streamline"],"picked":"BootSequence","floor":18},{"not_picked":["Force Field+1","Heatsinks"],"picked":"Double Energy","floor":19},{"not_picked":["Rebound","Melter"],"picked":"Double Energy","floor":22},{"not_picked":["Beam Cell","Force Field+1","Barrage"],"picked":"SKIP","floor":25},{"not_picked":["Aggregate","Turbo"],"picked":"Hologram","floor":29},{"not_picked":["Barrage","Ball Lightning"],"picked":"Cold Snap+1","floor":31},{"not_picked":["Thunder Strike","Fission"],"picked":"Creative AI","floor":33},{"not_picked":["Beam Cell+1","Darkness","Cold Snap"],"picked":"SKIP","floor":35},{"not_picked":["Beam Cell+1","Cold Snap"],"picked":"Darkness","floor":35},{"not_picked":["Steam+1","Lockon"],"picked":"Capacitor","floor":37},{"not_picked":["Rebound","Streamline"],"picked":"Compile Driver+1","floor":39},{"not_picked":["Sweeping Beam+1","Barrage"],"picked":"Coolheaded","floor":40},{"not_picked":["Sweeping Beam","Hello World","Gash"],"picked":"SKIP","floor":41},{"not_picked":["Leap","Sweeping Beam+1","Storm"],"picked":"SKIP","floor":45},{"not_picked":["Leap","Sweeping Beam+1","Storm"],"picked":"SKIP","floor":45},{"not_picked":["Skim","Gash"],"picked":"White Noise","floor":46},{"not_picked":["Tempest","Stack"],"picked":"Turbo","floor":49}],"player_experience":1780210,"relics_obtained":[{"floor":6,"key":"Darkstone Periapt"},{"floor":8,"key":"Dead Branch"},{"floor":9,"key":"Pocketwatch"},{"floor":10,"key":"Regal Pillow"},{"floor":26,"key":"Potion Belt"},{"floor":31,"key":"Dream Catcher"},{"floor":41,"key":"Bag of Marbles"},{"floor":43,"key":"MawBank"},{"floor":45,"key":"Bronze Scales"}],"event_choices":[{"damage_healed":0,"gold_gain":0,"player_choice":"Lose Max HP","damage_taken":0,"relics_obtained":["Golden Idol"],"max_hp_gain":0,"max_hp_loss":7,"event_name":"Golden Idol","floor":3,"gold_loss":0},{"damage_healed":0,"gold_gain":0,"player_choice":"Donut","damage_taken":0,"max_hp_gain":5,"max_hp_loss":0,"event_name":"Big Fish","floor":5,"gold_loss":0},{"damage_healed":0,"gold_gain":0,"cards_transformed":["Strike_B"],"player_choice":"Transformed","damage_taken":0,"max_hp_gain":0,"max_hp_loss":0,"event_name":"Transmorgrifier","floor":11,"gold_loss":0,"cards_obtained":["Recycle"]},{"damage_healed":0,"gold_gain":0,"player_choice":"Ignored","damage_taken":0,"max_hp_gain":0,"max_hp_loss":0,"event_name":"Liars Game","floor":14,"gold_loss":0},{"damage_healed":0,"gold_gain":275,"player_choice":"Desecrate","damage_taken":0,"max_hp_gain":0,"max_hp_loss":0,"event_name":"Golden Shrine","floor":20,"gold_loss":0,"cards_obtained":["Regret"]},{"damage_healed":0,"gold_gain":0,"cards_transformed":["Strike_B","Strike_B"],"player_choice":"Became Test Subject","damage_taken":0,"max_hp_gain":0,"max_hp_loss":0,"event_name":"Drug Dealer","floor":28,"gold_loss":0,"cards_obtained":["Doom and Gloom","Aggregate"]},{"damage_healed":0,"gold_gain":0,"player_choice":"Ignored","damage_taken":0,"max_hp_gain":0,"max_hp_loss":0,"event_name":"Vampires","floor":30,"gold_loss":0},{"damage_healed":0,"gold_gain":999,"player_choice":"Gold","damage_taken":0,"max_hp_gain":0,"max_hp_loss":0,"event_name":"MindBloom","floor":36,"gold_loss":0,"cards_obtained":["Normality","Normality"]},{"cards_removed":["Compile Driver"],"damage_healed":0,"gold_gain":0,"player_choice":"Removed Attack","damage_taken":0,"max_hp_gain":0,"max_hp_loss":0,"event_name":"Falling","floor":47,"gold_loss":0},{"damage_healed":0,"gold_gain":0,"player_choice":"Paid","damage_taken":0,"relics_obtained":["Red Mask"],"max_hp_gain":0,"max_hp_loss":0,"event_name":"Tomb of Lord Red Mask","floor":48,"gold_loss":378}],"is_beta":true,"boss_relics":[{"not_picked":["Lizard Tail","Ectoplasm"],"picked":"Sozu"},{"not_picked":["Nuclear Battery","Fusion Hammer"],"picked":"Runic Pyramid"}],"items_purged_floors":[13,21,38],"is_endless":false,"potions_floor_spawned":[2,8,10,12,19,25,33,35,37,39,41],"ascension_level":20}