{"gold_per_floor":[114,114,129,94,94,94,126,126,179,17,47,66,80,80,80,154,154,171,195,195,195,195,195,207,78,102,102,102,65,83,83,83,159,159,177,177,231,131,158,158,158,158,207,229,253,22,56,67,67,67],"floor_reached":51,"playtime":3138,"items_purged":["Strike_G","Strike_G","Strike_G"],"score":1281,"play_id":"e4c8a980-6360-4920-b46c-b900f1f77de2","local_time":"20190808210449","is_ascension_mode":true,"campfire_choices":[{"data":"Noxious Fumes","floor":6.0,"key":"SMITH"},{"data":"Footwork","floor":8.0,"key":"SMITH"},{"data":"Neutralize","floor":15.0,"key":"SMITH"},{"floor":23.0,"key":"REST"},{"data":"Footwork","floor":27.0,"key":"SMITH"},{"data":"Catalyst","floor":32.0,"key":"SMITH"},{"data":"Wraith Form v2","floor":40.0,"key":"SMITH"},{"data":"Noxious Fumes","floor":42,"key":"SMITH"},{"floor":49,"key":"REST"}],"neow_cost":"CURSE","seed_source_timestamp":847295981806077,"circlet_count":0,"master_deck":["AscendersBane","Strike_G","Strike_G","Defend_G","Defend_G","Defend_G","Defend_G","Defend_G","Survivor","Neutralize+1","Parasite","Corpse Explosion","Footwork+1","Noxious Fumes+1","Footwork+1","Dodge and Roll","Footwork+1","Dagger Throw","Storm of Steel","PiercingWail","RitualDagger","Backflip","Noxious Fumes+1","Catalyst+1","Dodge and Roll","Wraith Form v2+1","Outmaneuver","Footwork","PiercingWail"],"special_seed":0,"relics":["Ring of the Snake","Tingsha","Tiny Chest","Snake Skull","Strawberry","Runic Pyramid","Blood Vial","PreservedInsect","Busted Crown","Incense Burner","Dream Catcher","MawBank","Gremlin Horn"],"potions_floor_usage":[45,50],"damage_taken":[{"damage":11.0,"enemies":"Small Slimes","floor":1.0,"turns":5.0},{"damage":0.0,"enemies":"Jaw Worm","floor":3.0,"turns":6.0},{"damage":29.0,"enemies":"3 Sentries","floor":7.0,"turns":5.0},{"damage":18.0,"enemies":"Gremlin Nob","floor":11.0,"turns":5.0},{"damage":1.0,"enemies":"Cultist","floor":12.0,"turns":5.0},{"damage":5.0,"enemies":"2 Fungi Beasts","floor":13.0,"turns":4.0},{"damage":12.0,"enemies":"Hexaghost","floor":16.0,"turns":10.0},{"damage":15.0,"enemies":"Shell Parasite","floor":18.0,"turns":7.0},{"damage":9.0,"enemies":"Spheric Guardian","floor":24.0,"turns":5.0},{"damage":17.0,"enemies":"Snecko","floor":30.0,"turns":9.0},{"damage":12.0,"enemies":"Champ","floor":33.0,"turns":11.0},{"damage":16.0,"enemies":"3 Darklings","floor":35.0,"turns":4.0},{"damage":19.0,"enemies":"2 Orb Walkers","floor":37.0,"turns":5.0},{"damage":0,"enemies":"Orb Walker","floor":44,"turns":7},{"damage":19,"enemies":"4 Shapes","floor":45,"turns":6},{"damage":12,"enemies":"Reptomancer","floor":47,"turns":6},{"damage":0,"enemies":"Sphere and 2 Shapes","floor":48,"turns":7},{"damage":18,"enemies":"Time Eater","floor":50,"turns":19}],"seed_played":"3739631802123395988","potions_obtained":[{"floor":3.0,"key":"PowerPotion"},{"floor":7.0,"key":"SmokeBomb"},{"floor":12.0,"key":"Poison Potion"},{"floor":16.0,"key":"GamblersBrew"},{"floor":37.0,"key":"AttackPotion"},{"floor":47,"key":"EssenceOfSteel"},{"floor":48,"key":"Fire Potion"}],"is_trial":false,"path_per_floor":["M","?","M","?","?","R","E","R","T","$","E","M","M","?","R","B",null,"M","T","?","?","?","R","M","$","T","R","?","$","M","$","R","B",null,"M","?","?","$","T","R","?","R","T","M","M","$","E","M","R","B",null],"character_chosen":"THE_SILENT","items_purchased":["Snake Skull","Backflip","Catalyst","Footwork","PiercingWail"],"campfire_rested":2,"item_purchase_floors":[10,25,29,46,46],"current_hp_per_floor":[48,48,48,64,69,69,40,40,40,40,29,28,23,23,23,11,61,46,46,46,40,33,56,49,49,49,49,49,49,34,34,34,24,65,51,51,34,34,34,34,64,64,64,64,45,45,35,37,56,40],"gold":67,"neow_bonus":"THREE_RARE_CARDS","is_prod":false,"is_daily":false,"chose_seed":false,"campfire_upgraded":7,"win_rate":0,"timestamp":1565323489,"path_taken":["M","?","M","?","?","R","E","R","T","$","E","?","M","?","R","BOSS","M","?","?","?","?","R","?","$","T","R","?","?","M","$","R","BOSS","M","?","?","$","?","R","?","R","T","?","M","$","E","M","R","BOSS"],"build_version":"2019-07-18","purchased_purges":3,"victory":true,"max_hp_per_floor":[66,66,66,66,71,71,71,71,71,71,78,78,78,78,78,78,78,78,78,78,78,78,78,78,78,78,78,78,78,78,78,78,78,78,78,78,78,78,78,78,64,64,64,64,64,64,64,64,64,64],"card_choices":[{"not_picked":["Venomology","Night Terror"],"picked":"Corpse Explosion","floor":0.0},{"not_picked":["Reflex","Flying Knee"],"picked":"Footwork","floor":1.0},{"not_picked":["Underhanded Strike","Skewer"],"picked":"Noxious Fumes","floor":3.0},{"not_picked":["Crippling Poison","Finisher"],"picked":"Footwork","floor":7.0},{"not_picked":["Concentrate","Prepared"],"picked":"Dodge and Roll","floor":11.0},{"not_picked":["Expertise","Flying Knee"],"picked":"Footwork","floor":12.0},{"not_picked":["Cloak And Dagger","Bane"],"picked":"Dagger Throw","floor":13.0},{"not_picked":["Unload","Doppelganger"],"picked":"Storm of Steel","floor":16.0},{"not_picked":["Terror","Deadly Poison"],"picked":"PiercingWail","floor":18.0},{"not_picked":["Blade Dance","Outmaneuver+1","Cloak And Dagger"],"picked":"SKIP","floor":24.0},{"not_picked":["Distraction","Quick Slash"],"picked":"Dodge and Roll","floor":30.0},{"not_picked":["Venomology","Doppelganger"],"picked":"Wraith Form v2","floor":33.0},{"not_picked":[],"picked":"Outmaneuver","floor":35.0},{"not_picked":["Riddle With Holes+1"],"picked":"SKIP","floor":44},{"not_picked":["Reflex"],"picked":"SKIP","floor":45},{"not_picked":["All Out Attack+1"],"picked":"SKIP","floor":47},{"not_picked":["Heel Hook"],"picked":"SKIP","floor":48}],"player_experience":389586,"relics_obtained":[{"floor":7.0,"key":"Tingsha"},{"floor":9.0,"key":"Tiny Chest"},{"floor":11.0,"key":"Strawberry"},{"floor":19.0,"key":"Blood Vial"},{"floor":26.0,"key":"PreservedInsect"},{"floor":37.0,"key":"Incense Burner"},{"floor":39.0,"key":"Dream Catcher"},{"floor":43,"key":"MawBank"},{"floor":47,"key":"Gremlin Horn"}],"event_choices":[{"damage_healed":0.0,"max_hp_gain":0.0,"max_hp_loss":0.0,"gold_gain":0.0,"event_name":"Liars Game","player_choice":"Ignored","floor":2.0,"gold_loss":0.0,"damage_taken":0.0},{"damage_healed":16.0,"max_hp_gain":0.0,"max_hp_loss":0.0,"gold_gain":0.0,"event_name":"The Cleric","player_choice":"Healed","floor":4.0,"gold_loss":35.0,"damage_taken":0.0},{"damage_healed":0.0,"max_hp_gain":5.0,"max_hp_loss":0.0,"gold_gain":0.0,"event_name":"Big Fish","player_choice":"Donut","floor":5.0,"gold_loss":0.0,"damage_taken":0.0},{"damage_healed":0.0,"max_hp_gain":0.0,"max_hp_loss":0.0,"gold_gain":0.0,"event_name":"Upgrade Shrine","player_choice":"Upgraded","floor":14.0,"gold_loss":0.0,"damage_taken":0.0,"cards_upgraded":["Footwork"]},{"damage_healed":0.0,"max_hp_gain":0.0,"max_hp_loss":0.0,"gold_gain":0.0,"event_name":"Ghosts","player_choice":"Ignored","floor":20.0,"gold_loss":0.0,"damage_taken":0.0},{"damage_healed":0.0,"max_hp_gain":0.0,"max_hp_loss":0.0,"gold_gain":0.0,"event_name":"Nest","player_choice":"Joined the Cult","floor":21.0,"gold_loss":0.0,"damage_taken":6.0,"cards_obtained":["RitualDagger"]},{"damage_healed":0.0,"max_hp_gain":0.0,"max_hp_loss":0.0,"gold_gain":0.0,"event_name":"Knowing Skull","player_choice":"","floor":22.0,"potions_obtained":[],"gold_loss":0.0,"damage_taken":7.0,"cards_obtained":[]},{"damage_healed":0.0,"max_hp_gain":0.0,"max_hp_loss":0.0,"gold_gain":0.0,"event_name":"The Library","player_choice":"Read","floor":28.0,"gold_loss":0.0,"damage_taken":0.0,"cards_obtained":["Noxious Fumes"]},{"damage_healed":0.0,"max_hp_gain":0.0,"max_hp_loss":0.0,"gold_gain":0.0,"event_name":"SensoryStone","player_choice":"Memory 1","floor":36.0,"gold_loss":0.0,"damage_taken":0.0},{"damage_healed":0.0,"max_hp_gain":0.0,"max_hp_loss":0.0,"gold_gain":0.0,"event_name":"Mysterious Sphere","player_choice":"Fight","floor":37.0,"gold_loss":0.0,"damage_taken":0.0},{"damage_healed":64,"gold_gain":0,"player_choice":"Heal","damage_taken":0,"max_hp_gain":0,"max_hp_loss":14,"event_name":"The Moai Head","floor":41,"gold_loss":0}],"is_beta":true,"boss_relics":[{"not_picked":["Coffee Dripper","Sozu"],"picked":"Runic Pyramid"},{"not_picked":["Calling Bell","Eternal Feather"],"picked":"Busted Crown"}],"items_purged_floors":[25,38,46],"is_endless":false,"potions_floor_spawned":[3,7,12,16,18,24,37,47,48],"ascension_level":17}