{"gold_per_floor":[109,109,57,74,101,128,128,138,138,151,151,165,177,188,188,188],"floor_reached":16,"playtime":2221,"items_purged":[],"score":129,"play_id":"35fa29c2-aac7-4d10-ab80-267f53aca043","local_time":"20190717213954","is_ascension_mode":false,"campfire_choices":[{"data":"Footwork","floor":7,"key":"SMITH"},{"data":"Outmaneuver","floor":11,"key":"SMITH"},{"floor":15,"key":"REST"}],"neow_cost":"NONE","seed_source_timestamp":5036798919866,"circlet_count":0,"master_deck":["Strike_G","Strike_G","Strike_G","Strike_G","Strike_G","Defend_G","Defend_G","Defend_G","Defend_G","Defend_G","Survivor","Neutralize","Footwork+1","Acrobatics","Escape Plan","Outmaneuver+1","Deadly Poison","Footwork","Acrobatics"],"relics":["Ring of the Snake","NeowsBlessing","Lantern","Pear","Ornamental Fan"],"potions_floor_usage":[],"damage_taken":[{"damage":0,"enemies":"2 Louse","floor":1,"turns":1},{"damage":0,"enemies":"Jaw Worm","floor":4,"turns":1},{"damage":0,"enemies":"3 Sentries","floor":6,"turns":1},{"damage":0,"enemies":"Cultist","floor":8,"turns":4},{"damage":0,"enemies":"3 Louse","floor":10,"turns":8},{"damage":5,"enemies":"Blue Slaver","floor":12,"turns":6},{"damage":0,"enemies":"Looter","floor":13,"turns":4},{"damage":20,"enemies":"Gremlin Gang","floor":14,"turns":7},{"damage":38,"enemies":"Slime Boss","floor":16,"turns":15}],"seed_played":"-868868837981897063","potions_obtained":[{"floor":1,"key":"Energy Potion"},{"floor":6,"key":"GamblersBrew"},{"floor":8,"key":"SpeedPotion"}],"is_trial":false,"path_per_floor":["M","?","$","M","T","E","R","M","T","M","R","M","M","M","R","B"],"character_chosen":"THE_SILENT","items_purchased":["Acrobatics"],"campfire_rested":1,"item_purchase_floors":[3],"current_hp_per_floor":[70,70,70,70,70,80,80,80,80,80,80,75,75,55,79,41],"gold":188,"neow_bonus":"THREE_ENEMY_KILL","is_prod":false,"is_daily":false,"chose_seed":false,"campfire_upgraded":2,"win_rate":0.0,"timestamp":1563424794,"path_taken":["M","?","$","M","?","E","R","M","T","M","R","?","M","M","R","BOSS"],"build_version":"2019-07-05","purchased_purges":0,"victory":false,"max_hp_per_floor":[70,70,70,70,70,80,80,80,80,80,80,80,80,80,80,80],"card_choices":[{"not_picked":["Choke","Blade Dance"],"picked":"Footwork","floor":1},{"not_picked":["Heel Hook","Choke","Poisoned Stab"],"picked":"SKIP","floor":4},{"not_picked":["Underhanded Strike","Dash","Quick Slash"],"picked":"SKIP","floor":6},{"not_picked":["Expertise","Dagger Throw"],"picked":"Escape Plan","floor":8},{"not_picked":["Calculated Gamble","Terror"],"picked":"Outmaneuver","floor":10},{"not_picked":["Endless Agony","Riddle With Holes"],"picked":"Deadly Poison","floor":12},{"not_picked":["Dash","Poisoned Stab"],"picked":"Footwork","floor":13},{"not_picked":["Distraction","Underhanded Strike"],"picked":"Acrobatics","floor":14}],"player_experience":11759,"relics_obtained":[{"floor":5,"key":"Lantern"},{"floor":6,"key":"Pear"},{"floor":9,"key":"Ornamental Fan"}],"event_choices":[{"damage_healed":0,"gold_gain":0,"player_choice":"Ignored","damage_taken":0,"max_hp_gain":0,"max_hp_loss":0,"event_name":"Liars Game","floor":2,"gold_loss":0}],"is_beta":false,"boss_relics":[],"items_purged_floors":[],"is_endless":false,"potions_floor_spawned":[1,6,8,13,14],"killed_by":"Slime Boss","ascension_level":0}