{"gold_per_floor":[212,212,45,63,76,111,111,142,195,225,238,267,267,34,34,110,110,124,138,88,88,98,98,158,158,158,158,158,158,184,197,197,275,275,291,291,301,175,175],"floor_reached":39,"playtime":3841,"items_purged":["Strike_R"],"score":940,"play_id":"0a792fd9-e752-4e9e-86b2-183e63af78a0","local_time":"20190730133722","is_ascension_mode":true,"campfire_choices":[{"floor":7.0,"key":"REST"},{"floor":13.0,"key":"REST"},{"data":"Immolate","floor":15.0,"key":"SMITH"},{"floor":23.0,"key":"REST"},{"data":"Apotheosis","floor":25.0,"key":"SMITH"},{"data":"Cleave","floor":29.0,"key":"PURGE"},{"data":"Feel No Pain","floor":32.0,"key":"SMITH"}],"neow_cost":"NONE","seed_source_timestamp":0,"circlet_count":0,"master_deck":["AscendersBane","Defend_R","Defend_R","Defend_R","Defend_R","Bash+1","Headbutt","Shrug It Off","Corruption","Immolate+1","Sword Boomerang","Disarm","Rupture","Spot Weakness","Apotheosis+1","Inflame","Immolate","Entrench","Bite","Bite","Bite","Bite","Bite","Feel No Pain+1","Havoc","J.A.X.","Ghostly","Ghostly","Ghostly","Shrug It Off","Clothesline","Demon Form","Shrug It Off","Dark Shackles","True Grit+1"],"special_seed":0,"relics":["Burning Blood","Mummified Hand","Oddly Smooth Stone","Orichalcum","Smiling Mask","The Courier","Velvet Choker","Tiny Chest","Peace Pipe","Omamori","Cursed Key","Anchor"],"potions_floor_usage":[],"damage_taken":[{"damage":5.0,"enemies":"2 Louse","floor":1.0,"turns":3.0},{"damage":7.0,"enemies":"Small Slimes","floor":4.0,"turns":3.0},{"damage":2.0,"enemies":"Jaw Worm","floor":5.0,"turns":5.0},{"damage":36.0,"enemies":"Gremlin Nob","floor":6.0,"turns":4.0},{"damage":32.0,"enemies":"Lagavulin","floor":8.0,"turns":5.0},{"damage":20.0,"enemies":"Gremlin Nob","floor":10.0,"turns":4.0},{"damage":4.0,"enemies":"2 Fungi Beasts","floor":11.0,"turns":3.0},{"damage":20.0,"enemies":"Lagavulin","floor":12.0,"turns":8.0},{"damage":26.0,"enemies":"Slime Boss","floor":16.0,"turns":5.0},{"damage":15.0,"enemies":"Chosen","floor":18.0,"turns":4.0},{"damage":8.0,"enemies":"Shell Parasite","floor":19.0,"turns":4.0},{"damage":35.0,"enemies":"Snecko","floor":22.0,"turns":5.0},{"damage":29.0,"enemies":"Slavers","floor":24.0,"turns":4.0},{"damage":21.0,"enemies":"Gremlin Leader","floor":30.0,"turns":5.0},{"damage":10.0,"enemies":"Chosen and Byrds","floor":31.0,"turns":6.0},{"damage":11.0,"enemies":"Collector","floor":33.0,"turns":9.0},{"damage":10.0,"enemies":"Orb Walker","floor":35.0,"turns":5.0},{"damage":21.0,"enemies":"3 Shapes","floor":37.0,"turns":7.0},{"damage":30,"enemies":"3 Darklings","floor":39,"turns":3}],"seed_played":"-2641166586336779767","potions_obtained":[{"floor":4.0,"key":"PowerPotion"},{"floor":11.0,"key":"EntropicBrew"},{"floor":12.0,"key":"LiquidBronze"},{"floor":31.0,"key":"Energy Potion"}],"is_trial":false,"path_per_floor":["M","?","$","M","M","E","R","E","T","E","M","E","R","$","R","B",null,"M","M","$","?","M","R","E","R","T","?","?","R","E","M","R","B",null,"M","?","M","$","M"],"character_chosen":"IRONCLAD","items_purchased":["Shrug It Off","PowerPotion","Fire Potion","Apotheosis","Inflame","Anchor"],"campfire_rested":3,"item_purchase_floors":[3,3,3,14,14,38],"current_hp_per_floor":[69,69,69,68,72,42,64,38,38,24,26,12,34,34,34,14,60,51,49,49,49,32,47,39,39,39,39,26,26,19,25,25,26,26,26,26,23,23,0],"gold":175,"neow_bonus":"HUNDRED_GOLD","is_prod":false,"is_daily":false,"chose_seed":false,"campfire_upgraded":3,"win_rate":0,"timestamp":1564483042,"path_taken":["M","?","$","M","M","E","R","E","T","E","M","E","R","$","R","BOSS","BOSS","M","M","$","?","M","R","E","R","T","?","?","R","E","M","R","BOSS","M","?","M","$","M"],"build_version":"2019-07-17","purchased_purges":1,"victory":false,"max_hp_per_floor":[75,75,75,75,75,75,75,75,75,75,75,75,75,75,75,75,75,75,75,75,52,52,52,52,52,52,52,26,26,26,26,26,26,26,26,26,26,26,26],"card_choices":[{"not_picked":["Thunderclap","Pummel"],"picked":"Headbutt","floor":1.0},{"not_picked":["Anger","Body Slam"],"picked":"Corruption","floor":4.0},{"not_picked":["Heavy Blade","Headbutt"],"picked":"Cleave","floor":5.0},{"not_picked":["Sever Soul","Sentinel"],"picked":"Immolate","floor":6.0},{"not_picked":["Perfected Strike","Thunderclap"],"picked":"Sword Boomerang","floor":8.0},{"not_picked":["Body Slam","Havoc"],"picked":"Disarm","floor":10.0},{"not_picked":["Sword Boomerang","Fire Breathing"],"picked":"Rupture","floor":11.0},{"not_picked":["Heavy Blade","Bloodletting"],"picked":"Spot Weakness","floor":12.0},{"not_picked":["Berserk","Juggernaut"],"picked":"Immolate","floor":16.0},{"not_picked":["Clothesline","Perfected Strike","Twin Strike"],"picked":"SKIP","floor":18.0},{"not_picked":["Flex","Bloodletting"],"picked":"Entrench","floor":19.0},{"not_picked":["Iron Wave","Combust+1"],"picked":"Feel No Pain","floor":22.0},{"not_picked":["Cleave","Twin Strike"],"picked":"Havoc","floor":24.0},{"not_picked":["Wild Strike","Burning Pact"],"picked":"Shrug It Off","floor":30.0},{"not_picked":["Searing Blow","Havoc"],"picked":"Clothesline","floor":31.0},{"not_picked":["Bludgeon","Immolate"],"picked":"Demon Form","floor":33.0},{"not_picked":["Sever Soul+1","Warcry"],"picked":"Shrug It Off","floor":35.0},{"not_picked":["Metamorphosis","Sadistic Nature"],"picked":"Dark Shackles","floor":36.0},{"not_picked":["Dropkick+1","Body Slam"],"picked":"True Grit+1","floor":37.0}],"player_experience":1098620,"relics_obtained":[{"floor":6.0,"key":"Mummified Hand"},{"floor":8.0,"key":"Oddly Smooth Stone"},{"floor":9.0,"key":"Orichalcum"},{"floor":10.0,"key":"Smiling Mask"},{"floor":12.0,"key":"The Courier"},{"floor":24.0,"key":"Tiny Chest"},{"floor":26.0,"key":"Peace Pipe"},{"floor":30.0,"key":"Omamori"}],"event_choices":[{"damage_healed":0.0,"max_hp_gain":0.0,"max_hp_loss":0.0,"gold_gain":0.0,"event_name":"Living Wall","player_choice":"Grow","floor":2.0,"gold_loss":0.0,"damage_taken":0.0,"cards_upgraded":["Bash"]},{"damage_healed":0.0,"max_hp_gain":0.0,"max_hp_loss":23.0,"gold_gain":0.0,"event_name":"Vampires","player_choice":"Became a vampire","floor":21.0,"gold_loss":0.0,"damage_taken":0.0,"cards_obtained":["Bite","Bite","Bite","Bite","Bite"]},{"damage_healed":0.0,"max_hp_gain":0.0,"max_hp_loss":0.0,"gold_gain":0.0,"event_name":"Drug Dealer","player_choice":"Obtain J.A.X.","floor":27.0,"gold_loss":0.0,"damage_taken":0.0,"cards_obtained":["J.A.X."]},{"damage_healed":0.0,"max_hp_gain":0.0,"max_hp_loss":26.0,"gold_gain":0.0,"event_name":"Ghosts","player_choice":"Became a Ghost","floor":28.0,"gold_loss":0.0,"damage_taken":0.0,"cards_obtained":["Ghostly","Ghostly","Ghostly"]},{"damage_healed":0.0,"max_hp_gain":0.0,"max_hp_loss":0.0,"gold_gain":0.0,"event_name":"SensoryStone","player_choice":"Memory 1","floor":36.0,"gold_loss":0.0,"damage_taken":0.0}],"is_beta":false,"boss_relics":[{"not_picked":["Ectoplasm","Pandora\u0027s Box"],"picked":"Velvet Choker"},{"not_picked":["Empty Cage","Sozu"],"picked":"Cursed Key"}],"items_purged_floors":[20],"is_endless":false,"potions_floor_spawned":[4,5,11,12,18,19,31,35],"killed_by":"3 Darklings","ascension_level":20}