{"gold_per_floor":[118,137,148,148,164,164,195,195,195,235,235,235,278,292,292,383,383,402,501,515,531,545,611,611,611,691,691],"floor_reached":27,"playtime":1184,"items_purged":[],"score":473,"play_id":"894a9c43-6c00-4387-9fb6-97f10df397ba","local_time":"20190804180949","is_ascension_mode":true,"campfire_choices":[{"data":"Beam Cell","floor":6.0,"key":"SMITH"},{"floor":8.0,"key":"REST"},{"data":"Zap","floor":15,"key":"SMITH"},{"floor":24,"key":"REST"}],"neow_cost":"NONE","seed_source_timestamp":96301299914374,"circlet_count":0,"master_deck":["AscendersBane","Defend_B","Zap+1","Dualcast","Sunder+1","Aggregate+1","Recycle+1","Beam Cell+1","BootSequence","Gash","Self Repair","Echo Form","Genetic Algorithm","Reinforced Body","Meteor Strike","Gash","Fission","White Noise"],"special_seed":0,"relics":["Astrolabe","Golden Idol","PreservedInsect","Orichalcum","Bottled Tornado","Darkstone Periapt","Velvet Choker","Tiny Chest","Frozen Egg 2"],"potions_floor_usage":[14,16,16,16,20],"damage_taken":[{"damage":0.0,"enemies":"Small Slimes","floor":1.0,"turns":3.0},{"damage":8.0,"enemies":"2 Louse","floor":2.0,"turns":2.0},{"damage":2.0,"enemies":"Jaw Worm","floor":3.0,"turns":2.0},{"damage":0.0,"enemies":"2 Fungi Beasts","floor":5.0,"turns":2.0},{"damage":15.0,"enemies":"3 Sentries","floor":7.0,"turns":6.0},{"damage":10.0,"enemies":"Gremlin Nob","floor":10.0,"turns":3.0},{"damage":0,"enemies":"Lagavulin","floor":13,"turns":4},{"damage":3,"enemies":"Large Slime","floor":14,"turns":5},{"damage":25,"enemies":"Hexaghost","floor":16,"turns":5},{"damage":4,"enemies":"Shell Parasite","floor":18,"turns":3},{"damage":10,"enemies":"Chosen","floor":20,"turns":5},{"damage":13,"enemies":"Snecko","floor":21,"turns":4},{"damage":52,"enemies":"Shelled Parasite and Fungi","floor":22,"turns":6},{"damage":22,"enemies":"Book of Stabbing","floor":23,"turns":5},{"damage":43,"enemies":"Centurion and Healer","floor":27,"turns":4}],"seed_played":"-3022206181904657675","potions_obtained":[{"floor":1.0,"key":"Weak Potion"},{"floor":5.0,"key":"LiquidBronze"},{"floor":7.0,"key":"SpeedPotion"},{"floor":10,"key":"EssenceOfSteel"},{"floor":13,"key":"EntropicBrew"},{"floor":18,"key":"Dexterity Potion"},{"floor":21,"key":"Strength Potion"}],"is_trial":false,"path_per_floor":["M","M","M","?","M","R","E","R","T","E","?","?","E","M","R","B",null,"M","?","M","M","M","E","R","?","T","M"],"character_chosen":"DEFECT","items_purchased":[],"campfire_rested":2,"item_purchase_floors":[],"current_hp_per_floor":[64,56,54,37,37,37,22,43,43,33,33,26,33,44,44,26,60,70,70,71,71,33,18,39,39,39,0],"gold":691,"neow_bonus":"BOSS_RELIC","is_prod":false,"is_daily":false,"chose_seed":false,"campfire_upgraded":2,"win_rate":0,"timestamp":1564909789,"path_taken":["M","M","M","?","M","R","E","R","T","E","?","?","E","M","R","BOSS","M","?","M","M","M","E","R","?","T","M"],"build_version":"2019-07-17","purchased_purges":0,"victory":false,"max_hp_per_floor":[71,71,71,71,71,71,71,71,71,71,71,71,71,71,71,71,71,71,71,71,71,71,71,71,71,71,71],"card_choices":[{"not_picked":["Static Discharge","Stack"],"picked":"Beam Cell","floor":1.0},{"not_picked":["Reinforced Body","Doom and Gloom"],"picked":"BootSequence","floor":2.0},{"not_picked":["Beam Cell","Steam Power","FTL"],"picked":"SKIP","floor":3.0},{"not_picked":["Consume","Conserve Battery"],"picked":"Gash","floor":5.0},{"not_picked":["Go for the Eyes","Steam"],"picked":"Self Repair","floor":7.0},{"not_picked":["Ball Lightning","Sunder"],"picked":"Echo Form","floor":10},{"not_picked":["Sunder","Static Discharge"],"picked":"Genetic Algorithm","floor":13},{"not_picked":["Steam","Turbo"],"picked":"Reinforced Body","floor":14},{"not_picked":["Thunder Strike","Rainbow"],"picked":"Meteor Strike","floor":16},{"not_picked":["Barrage","Streamline","Reinforced Body"],"picked":"SKIP","floor":18},{"not_picked":["Aggregate","Defragment"],"picked":"Gash","floor":20},{"not_picked":["Leap","Melter","Sweeping Beam"],"picked":"SKIP","floor":21},{"not_picked":["Stack","Coolheaded","Streamline"],"picked":"SKIP","floor":22},{"not_picked":["Stack","Coolheaded","Streamline"],"picked":"SKIP","floor":22},{"not_picked":["Aggregate","Rainbow","Beam Cell"],"picked":"SKIP","floor":23}],"player_experience":228947,"relics_obtained":[{"floor":7.0,"key":"PreservedInsect"},{"floor":9.0,"key":"Orichalcum"},{"floor":10,"key":"Bottled Tornado"},{"floor":13,"key":"Darkstone Periapt"},{"floor":23,"key":"Tiny Chest"},{"floor":26,"key":"Frozen Egg 2"}],"event_choices":[{"damage_healed":0.0,"max_hp_gain":0.0,"max_hp_loss":0.0,"gold_gain":0.0,"event_name":"Golden Idol","player_choice":"Take Damage","floor":4.0,"gold_loss":0.0,"damage_taken":17.0,"relics_obtained":["Golden Idol"]},{"cards_removed":["Strike_B"],"damage_healed":0,"gold_gain":0,"player_choice":"Forget","damage_taken":0,"max_hp_gain":0,"max_hp_loss":0,"event_name":"Living Wall","floor":11,"gold_loss":0},{"cards_removed":["Strike_B"],"damage_healed":0,"gold_gain":0,"player_choice":"Card Removal","damage_taken":7,"max_hp_gain":0,"max_hp_loss":0,"event_name":"Golden Wing","floor":12,"gold_loss":0},{"damage_healed":0,"gold_gain":99,"player_choice":"Stole From Cult","damage_taken":0,"max_hp_gain":0,"max_hp_loss":0,"event_name":"Nest","floor":19,"gold_loss":0},{"damage_healed":0,"gold_gain":0,"cards_transformed":["Strike_B","Defend_B"],"player_choice":"Became Test Subject","damage_taken":0,"max_hp_gain":0,"max_hp_loss":0,"event_name":"Drug Dealer","floor":25,"gold_loss":0,"cards_obtained":["Fission","White Noise"]}],"is_beta":false,"boss_relics":[{"not_picked":["Lizard Tail","Philosopher\u0027s Stone"],"picked":"Velvet Choker"}],"items_purged_floors":[],"is_endless":false,"potions_floor_spawned":[1,5,7,10,13,18,21],"killed_by":"Centurion and Healer","ascension_level":14}