{"gold_per_floor":[115,115,8,28,28,55,55,69,96,116,126,145,176,261,261,261],"floor_reached":16,"playtime":367,"items_purged":[],"score":274,"play_id":"d1a4f731-960d-45db-8242-92104c5fc4c0","local_time":"20190707164252","is_ascension_mode":true,"campfire_choices":[{"data":"1","floor":7,"key":"LIFT"},{"data":"2","floor":15,"key":"LIFT"}],"neow_cost":"NONE","seed_source_timestamp":10574339908223,"circlet_count":0,"master_deck":["AscendersBane","Strike_B","Strike_B","Strike_B","Strike_B","Defend_B","Defend_B","Defend_B","Defend_B","Zap","Dualcast","Conserve Battery","Sweeping Beam+1","Barrage","Doom and Gloom","All For One","Ball Lightning","Genetic Algorithm","Capacitor","FTL"],"relics":["Cracked Core","NeowsBlessing","Art of War","Girya","Strawberry","Incense Burner","Tiny Chest"],"potions_floor_usage":[13,14,16],"damage_taken":[{"damage":0,"enemies":"2 Louse","floor":1,"turns":1},{"damage":0,"enemies":"Jaw Worm","floor":4,"turns":1},{"damage":0,"enemies":"Gremlin Nob","floor":6,"turns":1},{"damage":1,"enemies":"Cultist","floor":8,"turns":3},{"damage":5,"enemies":"3 Louse","floor":10,"turns":3},{"damage":9,"enemies":"Looter","floor":11,"turns":4},{"damage":11,"enemies":"Blue Slaver","floor":12,"turns":3},{"damage":12,"enemies":"3 Sentries","floor":13,"turns":5},{"damage":8,"enemies":"Gremlin Nob","floor":14,"turns":3},{"damage":24,"enemies":"The Guardian","floor":16,"turns":5}],"seed_played":"-2399875447901153060","potions_obtained":[{"floor":13,"key":"Dexterity Potion"}],"is_trial":false,"path_per_floor":["M","?","$","M","?","E","R","M","T","M","M","M","E","?","R","B"],"character_chosen":"DEFECT","items_purchased":["AttackPotion","Poison Potion"],"campfire_rested":0,"item_purchase_floors":[3,3],"current_hp_per_floor":[64,59,59,59,59,59,59,58,65,60,51,40,28,20,20,0],"gold":261,"neow_bonus":"THREE_ENEMY_KILL","is_prod":false,"is_daily":false,"chose_seed":false,"campfire_upgraded":0,"win_rate":0,"timestamp":1562510572,"path_taken":["M","?","$","M","?","E","R","M","T","M","M","?","E","?","R","BOSS"],"build_version":"2019-07-03","purchased_purges":0,"victory":false,"max_hp_per_floor":[71,71,71,71,71,71,71,71,78,78,78,78,78,78,78,78],"card_choices":[{"not_picked":["Rebound","Gash"],"picked":"Conserve Battery","floor":1},{"not_picked":["Doom and Gloom","Cold Snap"],"picked":"Sweeping Beam","floor":4},{"not_picked":["Skim","Leap"],"picked":"Barrage","floor":6},{"not_picked":["Scrape","Go for the Eyes"],"picked":"Doom and Gloom","floor":8},{"not_picked":["Compile Driver","Sweeping Beam"],"picked":"All For One","floor":10},{"not_picked":["Steam","Double Energy"],"picked":"Ball Lightning","floor":11},{"not_picked":["Melter","Coolheaded"],"picked":"Genetic Algorithm","floor":12},{"not_picked":["Cold Snap","Heatsinks"],"picked":"Capacitor","floor":13},{"not_picked":["Blizzard","Rebound"],"picked":"FTL","floor":14}],"player_experience":1823001,"relics_obtained":[{"floor":6,"key":"Girya"},{"floor":9,"key":"Strawberry"},{"floor":13,"key":"Incense Burner"},{"floor":14,"key":"Tiny Chest"}],"event_choices":[{"damage_healed":0,"gold_gain":0,"player_choice":"Success","damage_taken":5,"relics_obtained":["Art of War"],"max_hp_gain":0,"max_hp_loss":0,"event_name":"Scrap Ooze","floor":2,"gold_loss":0},{"damage_healed":0,"gold_gain":0,"player_choice":"Upgraded","damage_taken":0,"max_hp_gain":0,"max_hp_loss":0,"event_name":"Upgrade Shrine","floor":5,"gold_loss":0,"cards_upgraded":["Sweeping Beam"]},{"damage_healed":0,"gold_gain":0,"player_choice":"Searched \u00271\u0027 times","damage_taken":0,"max_hp_gain":0,"max_hp_loss":0,"event_name":"Dead Adventurer","floor":14,"gold_loss":0}],"is_beta":true,"boss_relics":[],"items_purged_floors":[],"is_endless":false,"potions_floor_spawned":[4,8,11,13],"killed_by":"The Guardian","ascension_level":20}