{"gold_per_floor":[111,130,305,55,55,87,87,115,139,139,153,168,186,204,204,304,304,316,141,141,155,167,167,197,214,214,247,12,24,42,71,71,171,171,184,184,184,209,209,209,219,137,137,149,149,0,29,43,43,43],"floor_reached":51,"playtime":3134,"items_purged":["Strike_G","Doubt","Defend_G","Strike_G"],"score":1186,"play_id":"ba3319d2-f6f8-442b-a31a-06bd8b222902","local_time":"20190621101552","is_ascension_mode":true,"campfire_choices":[{"floor":7.0,"key":"REST"},{"floor":15.0,"key":"REST"},{"data":"Footwork","floor":23.0,"key":"SMITH"},{"data":"1","floor":32.0,"key":"LIFT"},{"data":"2","floor":40,"key":"LIFT"},{"data":"3","floor":45,"key":"LIFT"},{"floor":49,"key":"REST"}],"neow_cost":"","seed_source_timestamp":0,"circlet_count":0,"master_deck":["Defend_G","Defend_G","Defend_G","Defend_G","Strike_G","Strike_G","Survivor","Neutralize+1","Die Die Die","Footwork+1","Terror+1","Dodge and Roll+1","Adrenaline+1","Cloak And Dagger+1","Deadly Poison+1","Noxious Fumes","Corpse Explosion+1","Quick Slash","Cloak And Dagger+1","Flying Knee","Swift Strike+1","Poisoned Stab+1","Adrenaline+1","Blade Dance+1","Terror+1","Slice+1","Master of Strategy+1","Finesse+1","Doubt","Leg Sweep+1","Sucker Punch+1","Backstab+1"],"special_seed":0,"relics":["Ring of the Snake","Girya","Toxic Egg 2","Blood Vial","Torii","Centennial Puzzle","Ornamental Fan","Busted Crown","Molten Egg 2","Bag of Marbles","Singing Bowl","Bottled Lightning","Orrery","Boot","Paper Crane","Red Mask","Potion Belt"],"potions_floor_usage":[50,50],"damage_taken":[{"damage":0.0,"enemies":"Small Slimes","floor":1.0,"turns":2.0},{"damage":0.0,"enemies":"Jaw Worm","floor":2.0,"turns":3.0},{"damage":47.0,"enemies":"Gremlin Nob","floor":6.0,"turns":6.0},{"damage":23.0,"enemies":"Lagavulin","floor":8.0,"turns":13.0},{"damage":0.0,"enemies":"Cultist","floor":11.0,"turns":2.0},{"damage":1.0,"enemies":"Exordium Wildlife","floor":12.0,"turns":4.0},{"damage":0.0,"enemies":"2 Fungi Beasts","floor":13.0,"turns":2.0},{"damage":0.0,"enemies":"Blue Slaver","floor":14.0,"turns":3.0},{"damage":36.0,"enemies":"Slime Boss","floor":16.0,"turns":12.0},{"damage":13.0,"enemies":"Spheric Guardian","floor":18.0,"turns":5.0},{"damage":1.0,"enemies":"Shell Parasite","floor":21.0,"turns":3.0},{"damage":1.0,"enemies":"Snecko","floor":22.0,"turns":5.0},{"damage":2.0,"enemies":"Gremlin Leader","floor":24.0,"turns":5.0},{"damage":0.0,"enemies":"3 Cultists","floor":25.0,"turns":2.0},{"damage":1.0,"enemies":"Book of Stabbing","floor":27.0,"turns":4.0},{"damage":0.0,"enemies":"Cultist and Chosen","floor":29.0,"turns":6.0},{"damage":0.0,"enemies":"Snecko","floor":30.0,"turns":4.0},{"damage":17.0,"enemies":"Gremlin Leader","floor":31.0,"turns":6.0},{"damage":34.0,"enemies":"Automaton","floor":33.0,"turns":9.0},{"damage":4.0,"enemies":"3 Shapes","floor":35.0,"turns":4.0},{"damage":15,"enemies":"3 Darklings","floor":41,"turns":3},{"damage":4,"enemies":"4 Shapes","floor":44,"turns":5},{"damage":0,"enemies":"Giant Head","floor":47,"turns":8},{"damage":11,"enemies":"Spire Growth","floor":48,"turns":4},{"damage":16,"enemies":"Donu and Deca","floor":50,"turns":4}],"seed_played":"1852388938813247225","potions_obtained":[{"floor":2.0,"key":"PowerPotion"},{"floor":8.0,"key":"Fruit Juice"},{"floor":11.0,"key":"Weak Potion"},{"floor":13.0,"key":"GamblersBrew"},{"floor":16.0,"key":"AttackPotion"},{"floor":18.0,"key":"Poison Potion"},{"floor":27.0,"key":"Block Potion"},{"floor":31.0,"key":"Regen Potion"},{"floor":44,"key":"FearPotion"}],"is_trial":false,"path_per_floor":["M","M","?","$","?","E","R","E","T","T","M","M","M","M","R","B",null,"M","$","?","M","M","R","E","M","T","E","$","M","M","E","R","B",null,"M","?","?","T","?","R","M","$","T","M","R","?","E","M","R","B",null],"character_chosen":"THE_SILENT","items_purchased":["Toxic Egg 2","Die Die Die","Footwork","Adrenaline+1","Cloak And Dagger+1","Swift Strike+1","Backstab+1"],"campfire_rested":3,"item_purchase_floors":[0,0,0,4,19,28,42],"current_hp_per_floor":[56,56,56,56,49,2,23,2,7,7,9,10,12,14,36,2,75,62,62,62,63,64,64,64,66,66,69,69,73,77,62,62,45,85,83,83,83,83,83,83,68,68,68,68,68,68,72,65,89,73],"gold":43,"neow_bonus":"","is_prod":false,"is_daily":false,"chose_seed":false,"campfire_upgraded":1,"win_rate":0,"timestamp":1561130152,"path_taken":["M","M","?","$","?","E","R","E","T","?","M","M","M","?","R","BOSS","M","$","?","?","M","R","E","M","T","E","$","M","M","E","R","BOSS","M","?","?","?","?","R","?","$","T","M","R","?","E","M","R","BOSS"],"build_version":"2019-01-23","purchased_purges":4,"victory":true,"max_hp_per_floor":[70,70,70,70,70,70,70,70,75,75,75,75,75,75,75,75,75,75,75,75,75,75,75,75,75,75,77,77,79,81,81,81,81,85,87,83,83,83,83,83,83,83,83,85,85,85,87,89,89,89],"card_choices":[{"not_picked":["Bouncing Flask+1","Blade Dance+1"],"picked":"Terror+1","floor":1.0},{"not_picked":["Cloak And Dagger+1","Leg Sweep+1"],"picked":"Dodge and Roll+1","floor":2.0},{"not_picked":["Tools of the Trade","Setup+1","Endless Agony"],"picked":"SKIP","floor":6.0},{"not_picked":["Infinite Blades","Endless Agony"],"picked":"Cloak And Dagger+1","floor":8.0},{"not_picked":["Well Laid Plans","Noxious Fumes","Bane"],"picked":"SKIP","floor":11.0},{"not_picked":["Terror+1","Cloak And Dagger+1"],"picked":"Deadly Poison+1","floor":12.0},{"not_picked":["Slice","Backflip+1","Reflex+1"],"picked":"SKIP","floor":13.0},{"not_picked":["Bane","Poisoned Stab"],"picked":"Noxious Fumes","floor":14.0},{"not_picked":["Bullet Time+1","Die Die Die"],"picked":"Corpse Explosion+1","floor":16.0},{"not_picked":[],"picked":"Quick Slash","floor":18.0},{"not_picked":[],"picked":"Flying Knee","floor":21.0},{"not_picked":["Escape Plan+1"],"picked":"SKIP","floor":22.0},{"not_picked":["Dagger Throw"],"picked":"SKIP","floor":24.0},{"not_picked":["Quick Slash+1"],"picked":"SKIP","floor":25.0},{"not_picked":["Reflex+1"],"picked":"Singing Bowl","floor":27.0},{"not_picked":["Quick Slash+1"],"picked":"Singing Bowl","floor":29.0},{"not_picked":["Well Laid Plans"],"picked":"Singing Bowl","floor":30.0},{"not_picked":[],"picked":"Poisoned Stab+1","floor":31.0},{"not_picked":[],"picked":"Adrenaline+1","floor":33.0},{"not_picked":[],"picked":"Blade Dance+1","floor":34.0},{"not_picked":["Predator+1"],"picked":"Singing Bowl","floor":34.0},{"not_picked":["Underhanded Strike+1"],"picked":"Singing Bowl","floor":34.0},{"not_picked":[],"picked":"Terror+1","floor":34.0},{"not_picked":[],"picked":"Slice+1","floor":34.0},{"not_picked":["Dagger Spray+1"],"picked":"Singing Bowl","floor":35},{"not_picked":[],"picked":"Master of Strategy+1","floor":37},{"not_picked":[],"picked":"Sucker Punch+1","floor":41},{"not_picked":["Slice+1"],"picked":"Singing Bowl","floor":44},{"not_picked":["Expertise+1"],"picked":"Singing Bowl","floor":47},{"not_picked":["Skewer+1"],"picked":"Singing Bowl","floor":48}],"player_experience":356414,"relics_obtained":[{"floor":6.0,"key":"Blood Vial"},{"floor":8.0,"key":"Torii"},{"floor":9.0,"key":"Centennial Puzzle"},{"floor":10.0,"key":"Ornamental Fan"},{"floor":24.0,"key":"Molten Egg 2"},{"floor":26.0,"key":"Bag of Marbles"},{"floor":27.0,"key":"Singing Bowl"},{"floor":31.0,"key":"Bottled Lightning"},{"floor":38,"key":"Boot"},{"floor":43,"key":"Paper Crane"},{"floor":47,"key":"Potion Belt"}],"event_choices":[{"damage_healed":0.0,"max_hp_gain":0.0,"max_hp_loss":0.0,"gold_gain":175.0,"event_name":"Liars Game","player_choice":"AGREE","floor":3.0,"gold_loss":0.0,"damage_taken":0.0,"cards_obtained":["Doubt"]},{"cards_removed":["Strike_G"],"damage_healed":0.0,"max_hp_gain":0.0,"max_hp_loss":0.0,"gold_gain":0.0,"event_name":"Golden Wing","player_choice":"Card Removal","floor":5.0,"gold_loss":0.0,"damage_taken":7.0},{"damage_healed":0.0,"max_hp_gain":0.0,"max_hp_loss":0.0,"gold_gain":0.0,"event_name":"Upgrade Shrine","player_choice":"Upgraded","floor":20.0,"gold_loss":0.0,"damage_taken":0.0,"cards_upgraded":["Neutralize"]},{"damage_healed":0,"gold_gain":0,"player_choice":"Max HP","damage_taken":0,"max_hp_gain":0,"max_hp_loss":4,"event_name":"Winding Halls","floor":36,"gold_loss":0},{"damage_healed":0,"gold_gain":0,"player_choice":"Memory 1","damage_taken":0,"max_hp_gain":0,"max_hp_loss":0,"event_name":"SensoryStone","floor":37,"gold_loss":0},{"damage_healed":0,"gold_gain":0,"player_choice":"3 cards matched","damage_taken":0,"max_hp_gain":0,"max_hp_loss":0,"event_name":"Match and Keep!","floor":39,"gold_loss":0,"cards_obtained":["Finesse","Doubt","Leg Sweep"]},{"damage_healed":0,"gold_gain":0,"player_choice":"Paid","damage_taken":0,"relics_obtained":["Red Mask"],"max_hp_gain":0,"max_hp_loss":0,"event_name":"Tomb of Lord Red Mask","floor":46,"gold_loss":149}],"is_beta":false,"boss_relics":[{"not_picked":["Runic Dome","White Beast Statue"],"picked":"Busted Crown"},{"not_picked":["Velvet Choker","Coffee Dripper"],"picked":"Orrery"}],"items_purged_floors":[0,4,19,28],"is_endless":false,"potions_floor_spawned":[2,8,11,13,16,18,27,31,44],"ascension_level":4}