{"gold_per_floor":[117,117,132,152,171,171,183,199,224,399,399,349,349,360,360,456,456,476,157,157,256,256,256,276,276],"floor_reached":25,"playtime":637,"items_purged":["Defend_B"],"score":290,"play_id":"d757ed19-20f4-4947-8159-6680c808d2dc","local_time":"20190802035019","is_ascension_mode":true,"campfire_choices":[{"data":"Zap","floor":6,"key":"SMITH"},{"data":"Zap","floor":11,"key":"SMITH"},{"data":"Dualcast","floor":13,"key":"SMITH"},{"data":"Go for the Eyes","floor":15,"key":"SMITH"},{"data":"Redo","floor":23,"key":"SMITH"}],"neow_cost":"NONE","seed_source_timestamp":260585030845486,"circlet_count":0,"master_deck":["AscendersBane","Strike_B","Strike_B","Strike_B","Defend_B","Zap+1","Dualcast+1","Cold Snap","Zap+1","Skim","Go for the Eyes+1","Loop","Doubt","All For One","Redo+1","Aggregate"],"relics":["Cracked Core","NeowsBlessing","Centennial Puzzle","Black Star","Shuriken"],"potions_floor_usage":[16,24,24,25],"damage_taken":[{"damage":0,"enemies":"Small Slimes","floor":1,"turns":1},{"damage":0,"enemies":"Cultist","floor":3,"turns":1},{"damage":0,"enemies":"2 Louse","floor":4,"turns":1},{"damage":6,"enemies":"Blue Slaver","floor":5,"turns":4},{"damage":19,"enemies":"3 Louse","floor":7,"turns":4},{"damage":1,"enemies":"Looter","floor":8,"turns":3},{"damage":7,"enemies":"Exordium Wildlife","floor":14,"turns":5},{"damage":21,"enemies":"Slime Boss","floor":16,"turns":11},{"damage":6,"enemies":"Spheric Guardian","floor":18,"turns":3},{"damage":6,"enemies":"2 Thieves","floor":24,"turns":2},{"damage":34,"enemies":"Slavers","floor":25,"turns":2}],"seed_played":"310304140835632711","potions_obtained":[{"floor":4,"key":"SpeedPotion"},{"floor":5,"key":"AttackPotion"},{"floor":8,"key":"Fire Potion"},{"floor":24,"key":"Fruit Juice"}],"is_trial":false,"path_per_floor":["M","?","M","M","M","R","M","M","T","?","R","?","R","M","R","B",null,"M","$","?","?","?","R","M","E"],"character_chosen":"DEFECT","items_purchased":["Shuriken"],"campfire_rested":0,"item_purchase_floors":[19],"current_hp_per_floor":[68,68,68,68,62,62,43,42,42,42,42,42,42,35,35,14,60,54,54,40,40,40,40,39,5],"gold":276,"neow_bonus":"THREE_ENEMY_KILL","is_prod":false,"is_daily":false,"chose_seed":false,"campfire_upgraded":5,"win_rate":0,"timestamp":1564685419,"path_taken":["M","?","M","?","M","R","M","?","T","?","R","?","R","M","R","BOSS","M","$","?","?","?","R","M","E"],"build_version":"2019-07-17","purchased_purges":1,"victory":false,"max_hp_per_floor":[75,75,75,75,75,75,75,75,75,75,75,75,75,75,75,75,75,75,75,80,80,80,80,85,85],"card_choices":[{"not_picked":["Beam Cell","Consume"],"picked":"Cold Snap","floor":1},{"not_picked":["Coolheaded","Stack"],"picked":"Skim","floor":3},{"not_picked":["Storm","Cold Snap","Lockon"],"picked":"SKIP","floor":4},{"not_picked":["Rebound","Steam","Streamline"],"picked":"SKIP","floor":5},{"not_picked":["Melter","Reboot"],"picked":"Go for the Eyes","floor":7},{"not_picked":["Compile Driver","Scrape"],"picked":"Loop","floor":8},{"not_picked":["Sweeping Beam","Hologram","Coolheaded"],"picked":"SKIP","floor":14},{"not_picked":["Buffer","Core Surge"],"picked":"All For One","floor":16},{"not_picked":["Streamline+1","Coolheaded","Rebound"],"picked":"SKIP","floor":18},{"not_picked":["Sweeping Beam","Leap+1","Glacier"],"picked":"SKIP","floor":24}],"player_experience":190758,"relics_obtained":[{"floor":9,"key":"Centennial Puzzle"}],"event_choices":[{"damage_healed":0,"gold_gain":0,"player_choice":"1 cards matched","damage_taken":0,"max_hp_gain":0,"max_hp_loss":0,"event_name":"Match and Keep!","floor":2,"gold_loss":0,"cards_obtained":["Zap"]},{"damage_healed":0,"gold_gain":175,"player_choice":"AGREE","damage_taken":0,"max_hp_gain":0,"max_hp_loss":0,"event_name":"Liars Game","floor":10,"gold_loss":0,"cards_obtained":["Doubt"]},{"cards_removed":["Strike_B"],"damage_healed":0,"gold_gain":0,"player_choice":"Card Removal","damage_taken":0,"max_hp_gain":0,"max_hp_loss":0,"event_name":"The Cleric","floor":12,"gold_loss":50},{"damage_healed":0,"gold_gain":0,"player_choice":"Shed Blood","damage_taken":19,"max_hp_gain":5,"max_hp_loss":0,"event_name":"Forgotten Altar","floor":20,"gold_loss":0},{"damage_healed":0,"gold_gain":99,"player_choice":"Stole From Cult","damage_taken":0,"max_hp_gain":0,"max_hp_loss":0,"event_name":"Nest","floor":21,"gold_loss":0},{"damage_healed":0,"gold_gain":0,"cards_transformed":["Defend_B","Defend_B"],"player_choice":"Became Test Subject","damage_taken":0,"max_hp_gain":0,"max_hp_loss":0,"event_name":"Drug Dealer","floor":22,"gold_loss":0,"cards_obtained":["Redo","Aggregate"]}],"is_beta":false,"boss_relics":[{"not_picked":["Calling Bell","Coffee Dripper"],"picked":"Black Star"}],"items_purged_floors":[19],"is_endless":false,"potions_floor_spawned":[4,5,8,24],"killed_by":"Slavers","ascension_level":10}