{"gold_per_floor":[117,117,117,117,117,145,145,165,165,165,176,45,79,94,94,166,166,179,189,49,49,69,69,69,96,122,154,154,154,55,70,70,149,149,161,4,4,23,68,98,116,145,170,170,182,195,228,228,228,228,228],"floor_reached":51,"playtime":7342,"items_purged":["Strike_G","Strike_G"],"score":1712,"play_id":"3ef1d3e6-4624-4487-96e9-a47aa1e25e31","local_time":"20190730012538","is_ascension_mode":true,"campfire_choices":[{"data":"Wraith Form v2","floor":7.0,"key":"SMITH"},{"data":"Deadly Poison","floor":10.0,"key":"SMITH"},{"data":"Noxious Fumes","floor":15.0,"key":"SMITH"},{"data":"Well Laid Plans","floor":23.0,"key":"SMITH"},{"floor":29.0,"key":"REST"},{"data":"Corpse Explosion","floor":32.0,"key":"SMITH"},{"floor":44.0,"key":"REST"},{"floor":49.0,"key":"REST"}],"neow_cost":"NONE","seed_source_timestamp":866155011531636,"circlet_count":0,"master_deck":["AscendersBane","Defend_G+1","Defend_G","Defend_G","Defend_G","Defend_G","Survivor+1","Neutralize+1","Slice","Underhanded Strike","Wraith Form v2+1","Deadly Poison+1","Flying Knee","Backflip","PiercingWail","Noxious Fumes+1","Corpse Explosion+1","Endless Agony","Bouncing Flask","Well Laid Plans+1","Infinite Blades+1","Cloak And Dagger","Caltrops","Deadly Poison","Cloak And Dagger","Noxious Fumes","Cloak And Dagger","Dodge and Roll","Night Terror","Deadly Poison","Secret Technique","Footwork","Concentrate","Die Die Die","Cloak And Dagger+1","Deflect","Dodge and Roll+1","Calculated Gamble","Deflect+1","Finisher+1","Well Laid Plans"],"special_seed":0,"relics":["Ring of the Snake","NeowsBlessing","Dead Branch","Shuriken","Orichalcum","Sozu","Mango","Bottled Flame","Dream Catcher","Ornamental Fan","Runic Dome","Oddly Smooth Stone","Pocketwatch","Blood Vial","Question Card","Du-Vu Doll"],"potions_floor_usage":[51],"damage_taken":[{"damage":0.0,"enemies":"Small Slimes","floor":1.0,"turns":1.0},{"damage":0.0,"enemies":"Gremlin Nob","floor":6.0,"turns":1.0},{"damage":0.0,"enemies":"Jaw Worm","floor":8.0,"turns":1.0},{"damage":0.0,"enemies":"2 Louse","floor":11.0,"turns":2.0},{"damage":12.0,"enemies":"3 Sentries","floor":13.0,"turns":7.0},{"damage":0.0,"enemies":"Lots of Slimes","floor":14.0,"turns":5.0},{"damage":16.0,"enemies":"The Guardian","floor":16.0,"turns":10.0},{"damage":0.0,"enemies":"Spheric Guardian","floor":18.0,"turns":5.0},{"damage":7.0,"enemies":"Chosen","floor":19.0,"turns":4.0},{"damage":0.0,"enemies":"Sentry and Sphere","floor":22.0,"turns":4.0},{"damage":20.0,"enemies":"Book of Stabbing","floor":25.0,"turns":4.0},{"damage":16.0,"enemies":"Gremlin Leader","floor":27.0,"turns":5.0},{"damage":0.0,"enemies":"Chosen and Byrds","floor":31.0,"turns":5.0},{"damage":39.0,"enemies":"Automaton","floor":33.0,"turns":8.0},{"damage":0.0,"enemies":"3 Darklings","floor":35.0,"turns":4.0},{"damage":2.0,"enemies":"3 Shapes","floor":38.0,"turns":3.0},{"damage":22.0,"enemies":"2 Orb Walkers","floor":39.0,"turns":4.0},{"damage":0.0,"enemies":"Nemesis","floor":40.0,"turns":7.0},{"damage":7.0,"enemies":"Transient","floor":41.0,"turns":6.0},{"damage":0.0,"enemies":"Giant Head","floor":42.0,"turns":7.0},{"damage":40.0,"enemies":"Jaw Worm Horde","floor":45.0,"turns":3.0},{"damage":21.0,"enemies":"4 Shapes","floor":46.0,"turns":3.0},{"damage":2.0,"enemies":"Reptomancer","floor":47.0,"turns":5.0},{"damage":4.0,"enemies":"Donu and Deca","floor":50.0,"turns":6.0},{"damage":34,"enemies":"Awakened One","floor":51,"turns":10}],"seed_played":"-8288623984078666267","potions_obtained":[{"floor":8.0,"key":"Swift Potion"},{"floor":16.0,"key":"SteroidPotion"}],"is_trial":false,"path_per_floor":["M","?","?","?","?","E","R","M","T","R","M","$","E","M","R","B",null,"M","M","$","T","M","R","?","E","T","E","?","R","$","M","R","B",null,"M","$","?","M","?","E","M","E","T","R","M","M","E","?","R","B","B"],"character_chosen":"THE_SILENT","items_purchased":["Backflip","Well Laid Plans","Noxious Fumes","Cloak And Dagger","Oddly Smooth Stone"],"campfire_rested":3,"item_purchase_floors":[12,20,30,30,36],"current_hp_per_floor":[59,39,39,39,39,39,39,39,39,39,39,39,27,27,27,11,52,52,45,45,59,59,59,59,39,39,23,23,47,47,47,47,8,62,62,62,62,60,38,38,33,35,35,59,21,2,2,2,26,24,0],"gold":228,"neow_bonus":"THREE_ENEMY_KILL","is_prod":false,"is_daily":false,"chose_seed":false,"campfire_upgraded":5,"win_rate":0,"timestamp":1564439138,"path_taken":["M","?","?","?","?","E","R","M","T","R","M","$","E","M","R","BOSS","M","M","$","?","?","R","?","E","T","E","?","R","?","M","R","BOSS","M","$","?","M","?","E","M","E","T","R","M","M","E","?","R","BOSS","BOSS"],"build_version":"2019-07-17","purchased_purges":2,"victory":false,"max_hp_per_floor":[66,66,66,66,66,66,66,66,66,66,66,66,66,66,66,66,66,66,66,66,80,80,80,80,80,80,80,80,80,80,80,80,80,80,80,80,80,80,80,80,80,80,80,80,80,80,80,80,80,80,80],"card_choices":[{"not_picked":["Expertise","Acrobatics"],"picked":"Slice","floor":1.0},{"not_picked":["Blade Dance","Escape Plan"],"picked":"Wraith Form v2","floor":6.0},{"not_picked":["All Out Attack","Setup"],"picked":"Deadly Poison","floor":8.0},{"not_picked":["Setup","Acrobatics"],"picked":"Flying Knee","floor":11.0},{"not_picked":["Escape Plan","Dagger Spray"],"picked":"PiercingWail","floor":13.0},{"not_picked":["Setup","Riddle With Holes"],"picked":"Noxious Fumes","floor":14.0},{"not_picked":["Adrenaline","Doppelganger"],"picked":"Corpse Explosion","floor":16.0},{"not_picked":["Choke","Flying Knee+1"],"picked":"Endless Agony","floor":18.0},{"not_picked":["Outmaneuver","Concentrate"],"picked":"Bouncing Flask","floor":19.0},{"not_picked":["Slice","Flying Knee"],"picked":"Infinite Blades+1","floor":22.0},{"not_picked":["Riddle With Holes","Bane+1","Blade Dance"],"picked":"SKIP","floor":25.0},{"not_picked":["Masterful Stab","Slice+1"],"picked":"Deadly Poison","floor":27.0},{"not_picked":["Tactician","Slice"],"picked":"Cloak And Dagger","floor":29.0},{"not_picked":["Masterful Stab","Heel Hook"],"picked":"Dodge and Roll","floor":31.0},{"not_picked":["Glass Knife","Burst"],"picked":"Night Terror","floor":33.0},{"not_picked":["Outmaneuver","Cloak And Dagger"],"picked":"Deadly Poison","floor":35.0},{"not_picked":["Trip","Secret Weapon"],"picked":"Secret Technique","floor":37.0},{"not_picked":["Underhanded Strike+1","Caltrops+1"],"picked":"Footwork","floor":38.0},{"not_picked":["Dagger Spray","Predator"],"picked":"Concentrate","floor":39.0},{"not_picked":["Flying Knee","Dagger Throw"],"picked":"Die Die Die","floor":40.0},{"not_picked":["Sucker Punch","Setup"],"picked":"Cloak And Dagger+1","floor":41.0},{"not_picked":["Outmaneuver","Skewer+1"],"picked":"Deflect","floor":42.0},{"not_picked":["All Out Attack","Bane+1","Setup"],"picked":"Dodge and Roll+1","floor":44.0},{"not_picked":["Outmaneuver","Cloak And Dagger","Bane"],"picked":"Calculated Gamble","floor":45.0},{"not_picked":["Prepared","Choke","Skewer"],"picked":"Deflect+1","floor":46.0},{"not_picked":["Dodge and Roll","Dagger Spray","Flying Knee"],"picked":"Finisher+1","floor":47.0},{"not_picked":["Dagger Spray","Concentrate","Escape Plan"],"picked":"Well Laid Plans","floor":49.0}],"player_experience":1083169,"relics_obtained":[{"floor":6.0,"key":"Dead Branch"},{"floor":9.0,"key":"Shuriken"},{"floor":13.0,"key":"Orichalcum"},{"floor":21.0,"key":"Mango"},{"floor":25.0,"key":"Bottled Flame"},{"floor":26.0,"key":"Dream Catcher"},{"floor":27.0,"key":"Ornamental Fan"},{"floor":39.0,"key":"Pocketwatch"},{"floor":40.0,"key":"Blood Vial"},{"floor":42.0,"key":"Question Card"},{"floor":47.0,"key":"Du-Vu Doll"}],"event_choices":[{"damage_healed":0.0,"max_hp_gain":0.0,"max_hp_loss":0.0,"gold_gain":0.0,"event_name":"Shining Light","player_choice":"Entered Light","floor":2.0,"gold_loss":0.0,"damage_taken":20.0,"cards_upgraded":["Neutralize","Defend_G"]},{"damage_healed":0.0,"max_hp_gain":0.0,"max_hp_loss":0.0,"gold_gain":0.0,"cards_transformed":["Strike_G"],"event_name":"Living Wall","player_choice":"Change","floor":3.0,"gold_loss":0.0,"damage_taken":0.0,"cards_obtained":["Underhanded Strike"]},{"damage_healed":0.0,"max_hp_gain":0.0,"max_hp_loss":0.0,"gold_gain":0.0,"event_name":"Liars Game","player_choice":"Ignored","floor":4.0,"gold_loss":0.0,"damage_taken":0.0},{"damage_healed":0.0,"max_hp_gain":0.0,"max_hp_loss":0.0,"gold_gain":0.0,"event_name":"Upgrade Shrine","player_choice":"Upgraded","floor":5.0,"gold_loss":0.0,"damage_taken":0.0,"cards_upgraded":["Survivor"]},{"damage_healed":0.0,"max_hp_gain":0.0,"max_hp_loss":0.0,"gold_gain":0.0,"cards_transformed":["Strike_G","Strike_G"],"event_name":"Drug Dealer","player_choice":"Became Test Subject","floor":24.0,"gold_loss":0.0,"damage_taken":0.0,"cards_obtained":["Cloak And Dagger","Caltrops"]},{"damage_healed":0.0,"max_hp_gain":0.0,"max_hp_loss":0.0,"gold_gain":0.0,"event_name":"Vampires","player_choice":"Ignored","floor":28.0,"gold_loss":0.0,"damage_taken":0.0},{"damage_healed":0.0,"max_hp_gain":0.0,"max_hp_loss":0.0,"gold_gain":0.0,"event_name":"SensoryStone","player_choice":"Memory 1","floor":37.0,"gold_loss":0.0,"damage_taken":0.0},{"damage_healed":0.0,"max_hp_gain":0.0,"max_hp_loss":0.0,"gold_gain":0.0,"event_name":"Mysterious Sphere","player_choice":"Fight","floor":39.0,"gold_loss":0.0,"damage_taken":0.0},{"damage_healed":0.0,"max_hp_gain":0.0,"max_hp_loss":0.0,"gold_gain":0.0,"event_name":"Lab","player_choice":"Got Potions","floor":48.0,"gold_loss":0.0,"damage_taken":0.0}],"is_beta":false,"boss_relics":[{"not_picked":["Empty Cage","WristBlade"],"picked":"Sozu"},{"not_picked":["Tiny House","Black Star"],"picked":"Runic Dome"}],"items_purged_floors":[12,20],"is_endless":false,"potions_floor_spawned":[8,16,18,19,27,38,39,45,46,47],"killed_by":"Awakened One","ascension_level":20}