{"gold_per_floor":[14,28,41,55,68,68,80,80,80,109,109,74,74,93,93,93],"floor_reached":16,"playtime":766,"items_purged":[],"score":208,"play_id":"6fd661f1-e061-44bf-927e-c147de96f40d","local_time":"20190807185720","is_ascension_mode":true,"campfire_choices":[{"data":"Mind Blast","floor":6.0,"key":"SMITH"},{"data":"Blind","floor":8,"key":"SMITH"},{"data":"Zap","floor":15,"key":"SMITH"}],"neow_cost":"NO_GOLD","seed_source_timestamp":9165309233973,"circlet_count":0,"master_deck":["AscendersBane","Strike_B","Strike_B","Strike_B","Strike_B","Defend_B","Defend_B","Defend_B","Defend_B","Zap+1","Dualcast","Mind Blast+1","Blind+1","Defragment","Cold Snap","BootSequence","Gash","Self Repair","Gash"],"special_seed":0,"relics":["Cracked Core","Vajra","Letter Opener","Golden Idol"],"potions_floor_usage":[10,10,16],"damage_taken":[{"damage":7.0,"enemies":"Small Slimes","floor":1.0,"turns":3.0},{"damage":4.0,"enemies":"Jaw Worm","floor":2.0,"turns":4.0},{"damage":14.0,"enemies":"2 Louse","floor":3.0,"turns":2.0},{"damage":11.0,"enemies":"Blue Slaver","floor":4.0,"turns":4.0},{"damage":6.0,"enemies":"Red Slaver","floor":5.0,"turns":3.0},{"damage":7.0,"enemies":"3 Louse","floor":7.0,"turns":3.0},{"damage":18,"enemies":"Gremlin Nob","floor":10,"turns":4},{"damage":0,"enemies":"Looter","floor":14,"turns":2},{"damage":22,"enemies":"Slime Boss","floor":16,"turns":6}],"seed_played":"7245488385860536032","potions_obtained":[{"floor":3.0,"key":"Dexterity Potion"},{"floor":4.0,"key":"Ancient Potion"},{"floor":14,"key":"Swift Potion"}],"is_trial":false,"path_per_floor":["M","M","M","M","M","R","M","R","T","E","?","?","$","M","R","B"],"character_chosen":"DEFECT","items_purchased":[],"campfire_rested":0,"item_purchase_floors":[],"current_hp_per_floor":[57,53,39,28,22,22,22,22,22,4,4,20,20,20,20,0],"gold":93,"neow_bonus":"RANDOM_COLORLESS_2","is_prod":false,"is_daily":false,"chose_seed":false,"campfire_upgraded":3,"win_rate":0,"timestamp":1565171840,"path_taken":["M","M","M","M","M","R","M","R","T","E","?","?","$","M","R","BOSS"],"build_version":"2019-07-17","purchased_purges":0,"victory":false,"max_hp_per_floor":[71,71,71,71,71,71,71,71,71,71,64,64,64,64,64,64],"card_choices":[{"not_picked":["Fusion","Scrape"],"picked":"Defragment","floor":1.0},{"not_picked":["Streamline","Force Field"],"picked":"Cold Snap","floor":2.0},{"not_picked":["Go for the Eyes","Darkness"],"picked":"BootSequence","floor":3.0},{"not_picked":["Steam Power","White Noise"],"picked":"Gash","floor":4.0},{"not_picked":["Chaos","Sweeping Beam"],"picked":"Self Repair","floor":5.0},{"not_picked":["Steam Power","Melter","Go for the Eyes"],"picked":"SKIP","floor":7},{"not_picked":["Cold Snap","Hologram","Stack"],"picked":"SKIP","floor":10},{"not_picked":["Cold Snap","Reprogram"],"picked":"Gash","floor":14}],"player_experience":286624,"relics_obtained":[{"floor":9,"key":"Vajra"},{"floor":10,"key":"Letter Opener"}],"event_choices":[{"damage_healed":0,"gold_gain":0,"player_choice":"Lose Max HP","damage_taken":0,"relics_obtained":["Golden Idol"],"max_hp_gain":0,"max_hp_loss":7,"event_name":"Golden Idol","floor":11,"gold_loss":0},{"damage_healed":16,"gold_gain":0,"player_choice":"Healed","damage_taken":0,"max_hp_gain":0,"max_hp_loss":0,"event_name":"The Cleric","floor":12,"gold_loss":35}],"is_beta":false,"boss_relics":[],"items_purged_floors":[],"is_endless":false,"potions_floor_spawned":[3,4,14],"killed_by":"Slime Boss","ascension_level":20}