{"gold_per_floor":[112,132,57,57,57,91,91,132,158,174,189,230,3,32,32,128,128,143,143,166,166,182,1,1,37,86,100,100,100,115,128,128,224,224,240,240,240,240,515,515,72,72],"floor_reached":42,"playtime":1358,"items_purged":["Pain","Strike_B","Regret"],"score":1064,"play_id":"1d20135e-28ff-49db-a217-e4dcef75c47c","local_time":"20190719021137","is_ascension_mode":true,"campfire_choices":[{"data":"Zap","floor":7,"key":"SMITH"},{"data":"Loop","floor":15,"key":"SMITH"},{"floor":24,"key":"REST"},{"floor":28,"key":"REST"},{"floor":32,"key":"REST"},{"data":"Defragment","floor":40,"key":"SMITH"}],"neow_cost":"NONE","seed_source_timestamp":40037681157585,"circlet_count":0,"master_deck":["AscendersBane","Strike_B","Strike_B","Defend_B","Defend_B","Defend_B","Zap+1","Dualcast","Reinforced Body","Coolheaded","Core Surge","Sweeping Beam","Static Discharge","Undo","Echo Form","Loop+1","Creative AI","Doom and Gloom","Darkness","Glacier","Defragment+1","Defragment+1","Capacitor","Buffer"],"relics":["Cracked Core","NeowsBlessing","Golden Idol","WarpedTongs","Omamori","Ornamental Fan","PreservedInsect","Mercury Hourglass","Odd Mushroom","Sozu","Bronze Scales","Centennial Puzzle","Blue Candle","Cursed Key","Ice Cream"],"potions_floor_usage":[8,12,33,42],"damage_taken":[{"damage":0,"enemies":"Small Slimes","floor":1,"turns":1},{"damage":0,"enemies":"2 Louse","floor":2,"turns":1},{"damage":0,"enemies":"Gremlin Nob","floor":6,"turns":1},{"damage":14,"enemies":"3 Sentries","floor":8,"turns":12},{"damage":1,"enemies":"Cultist","floor":10,"turns":3},{"damage":7,"enemies":"Lots of Slimes","floor":11,"turns":4},{"damage":1,"enemies":"Gremlin Nob","floor":12,"turns":3},{"damage":12,"enemies":"The Mushroom Lair","floor":14,"turns":3},{"damage":0,"enemies":"Slime Boss","floor":16,"turns":10},{"damage":6,"enemies":"3 Byrds","floor":18,"turns":4},{"damage":17,"enemies":"2 Thieves","floor":20,"turns":4},{"damage":30,"enemies":"Snake Plant","floor":22,"turns":4},{"damage":28,"enemies":"Gremlin Leader","floor":25,"turns":4},{"damage":1,"enemies":"Sentry and Sphere","floor":27,"turns":4},{"damage":18,"enemies":"3 Cultists","floor":30,"turns":4},{"damage":2,"enemies":"Centurion and Healer","floor":31,"turns":5},{"damage":10,"enemies":"Collector","floor":33,"turns":12},{"damage":31,"enemies":"3 Shapes","floor":35,"turns":3},{"damage":37,"enemies":"Reptomancer","floor":42,"turns":6}],"seed_played":"-1445757493295060086","potions_obtained":[{"floor":1,"key":"Block Potion"},{"floor":2,"key":"SpeedPotion"},{"floor":10,"key":"FocusPotion"},{"floor":14,"key":"Ancient Potion"}],"is_trial":false,"path_per_floor":["M","M","?","?","?","E","R","E","T","M","M","E","$","?","R","B",null,"M","?","M","?","M","$","R","E","T","M","R","?","M","M","R","B",null,"M","?","?","?","?","R","$","E"],"character_chosen":"DEFECT","items_purchased":["Echo Form","Glacier","Ice Cream"],"campfire_rested":3,"item_purchase_floors":[13,23,41],"current_hp_per_floor":[64,64,64,64,64,64,64,50,50,49,42,41,41,29,29,29,55,49,49,32,45,15,15,34,6,6,5,24,24,6,4,23,13,51,20,33,33,33,33,33,33,0],"gold":72,"neow_bonus":"THREE_ENEMY_KILL","is_prod":false,"is_daily":false,"chose_seed":false,"campfire_upgraded":3,"win_rate":0,"timestamp":1563495097,"path_taken":["M","M","?","?","?","E","R","E","T","M","?","E","?","?","R","BOSS","M","?","?","?","M","$","R","E","T","M","R","?","M","M","R","BOSS","M","?","?","?","?","R","$","E"],"build_version":"2019-07-10","purchased_purges":3,"victory":false,"max_hp_per_floor":[71,71,71,64,64,64,64,64,64,64,64,64,64,64,64,64,64,64,64,64,64,64,64,64,64,64,64,64,64,64,64,64,64,64,64,64,64,64,64,64,64,64],"card_choices":[{"not_picked":["Storm","Rebound"],"picked":"Reinforced Body","floor":1},{"not_picked":["Skim","Turbo"],"picked":"Coolheaded","floor":2},{"not_picked":["Steam","Leap"],"picked":"Cold Snap","floor":6},{"not_picked":["Gash","Defragment"],"picked":"Core Surge","floor":8},{"not_picked":["Steam","Fusion"],"picked":"Sweeping Beam","floor":10},{"not_picked":["Turbo","Coolheaded"],"picked":"Static Discharge","floor":11},{"not_picked":["Leap","Aggregate"],"picked":"Undo","floor":12},{"not_picked":["Barrage","Aggregate"],"picked":"Loop","floor":14},{"not_picked":["Multi-Cast","Seek"],"picked":"Creative AI","floor":16},{"not_picked":["Rebound","Steam","Stack"],"picked":"SKIP","floor":18},{"not_picked":["Darkness","Turbo"],"picked":"Doom and Gloom","floor":20},{"not_picked":["Sweeping Beam","FTL"],"picked":"Darkness","floor":22},{"not_picked":["Capacitor","Recycle"],"picked":"Defragment","floor":25},{"not_picked":["Gash+1","Barrage","Leap"],"picked":"SKIP","floor":27},{"not_picked":["Doom and Gloom","Redo"],"picked":"Defragment+1","floor":30},{"not_picked":["Stack+1","Barrage+1"],"picked":"Capacitor","floor":31},{"not_picked":["Amplify","Machine Learning"],"picked":"Buffer","floor":33},{"not_picked":["Barrage","Hologram","Rip and Tear"],"picked":"SKIP","floor":35}],"player_experience":1895677,"relics_obtained":[{"floor":6,"key":"Omamori"},{"floor":8,"key":"Ornamental Fan"},{"floor":9,"key":"PreservedInsect"},{"floor":12,"key":"Mercury Hourglass"},{"floor":14,"key":"Odd Mushroom"},{"floor":25,"key":"Bronze Scales"},{"floor":26,"key":"Centennial Puzzle"}],"event_choices":[{"cards_removed":["Defend_B"],"damage_healed":0,"gold_gain":0,"player_choice":"Card Removal","damage_taken":0,"max_hp_gain":0,"max_hp_loss":0,"event_name":"The Cleric","floor":3,"gold_loss":75},{"damage_healed":0,"gold_gain":0,"player_choice":"Lose Max HP","damage_taken":0,"relics_obtained":["Golden Idol"],"max_hp_gain":0,"max_hp_loss":7,"event_name":"Golden Idol","floor":4,"gold_loss":0},{"damage_healed":0,"gold_gain":0,"player_choice":"Rummage","damage_taken":0,"relics_obtained":["WarpedTongs"],"max_hp_gain":0,"max_hp_loss":0,"event_name":"Accursed Blacksmith","floor":5,"gold_loss":0,"cards_obtained":["Pain"]},{"damage_healed":0,"gold_gain":0,"player_choice":"Fought Mushrooms","damage_taken":0,"max_hp_gain":0,"max_hp_loss":0,"event_name":"Mushrooms","floor":14,"gold_loss":0},{"cards_removed":["Strike_B"],"damage_healed":0,"gold_gain":0,"player_choice":"Offered Basic","damage_taken":0,"max_hp_gain":0,"max_hp_loss":0,"event_name":"Bonfire Elementals","floor":19,"gold_loss":0},{"damage_healed":13,"gold_gain":0,"player_choice":"Heal","damage_taken":0,"max_hp_gain":0,"max_hp_loss":0,"event_name":"The Library","floor":21,"gold_loss":0},{"damage_healed":0,"gold_gain":0,"player_choice":"Opened","damage_taken":0,"relics_obtained":["Blue Candle"],"max_hp_gain":0,"max_hp_loss":0,"event_name":"The Mausoleum","floor":29,"gold_loss":0,"cards_obtained":["Writhe"]},{"damage_healed":13,"gold_gain":0,"player_choice":"Writhe","damage_taken":0,"max_hp_gain":0,"max_hp_loss":0,"event_name":"Winding Halls","floor":36,"gold_loss":0,"cards_obtained":["Writhe"]},{"damage_healed":0,"gold_gain":0,"player_choice":"Ignored","damage_taken":0,"max_hp_gain":0,"max_hp_loss":0,"event_name":"Mysterious Sphere","floor":37,"gold_loss":0},{"cards_removed":["Cold Snap"],"damage_healed":0,"gold_gain":0,"player_choice":"Removed Attack","damage_taken":0,"max_hp_gain":0,"max_hp_loss":0,"event_name":"Falling","floor":38,"gold_loss":0},{"damage_healed":0,"gold_gain":275,"player_choice":"Desecrate","damage_taken":0,"max_hp_gain":0,"max_hp_loss":0,"event_name":"Golden Shrine","floor":39,"gold_loss":0,"cards_obtained":["Regret"]}],"is_beta":true,"boss_relics":[{"not_picked":["White Beast Statue","Velvet Choker"],"picked":"Sozu"},{"not_picked":["Black Star","Runic Dome"],"picked":"Cursed Key"}],"items_purged_floors":[13,23,41],"is_endless":false,"potions_floor_spawned":[1,2,10,14,18,25,27],"killed_by":"Reptomancer","ascension_level":20}