{"gold_per_floor":[109,119,133,9,9,44,44,69,69,101,101,115,140,150,150,247,247,266,266,20,20,30,64,74,106,106,106],"floor_reached":27,"playtime":797,"items_purged":["Strike_B","Strike_B+1"],"score":321,"play_id":"cd086ef8-a6e0-42b4-9057-db5176e4aa91","local_time":"20190810235003","is_ascension_mode":true,"campfire_choices":[{"floor":7.0,"key":"REST"},{"data":"Coolheaded","floor":11.0,"key":"SMITH"},{"data":"Static Discharge","floor":15.0,"key":"SMITH"}],"neow_cost":"NONE","seed_source_timestamp":28148962326527,"circlet_count":0,"master_deck":["Strike_B+1","Defend_B","Defend_B","Defend_B","Defend_B","Zap","Dualcast","Tempest","Storm+1","Ball Lightning","Biased Cognition","Coolheaded+1","Static Discharge+1","Echo Form","Fusion","Core Surge","White Noise","Loop+1","Creative AI"],"special_seed":0,"relics":["Nuclear Battery","Whetstone","Meat on the Bone","Dodecahedron","Dream Catcher","Strawberry","Runic Pyramid","Centennial Puzzle","Oddly Smooth Stone","Bottled Tornado","Cables","Shuriken"],"potions_floor_usage":[23],"damage_taken":[{"damage":2.0,"enemies":"Small Slimes","floor":1.0,"turns":4.0},{"damage":11.0,"enemies":"Jaw Worm","floor":2.0,"turns":4.0},{"damage":1.0,"enemies":"Cultist","floor":3.0,"turns":3.0},{"damage":42.0,"enemies":"3 Sentries","floor":6.0,"turns":7.0},{"damage":11.0,"enemies":"Lagavulin","floor":8.0,"turns":7.0},{"damage":0.0,"enemies":"Gremlin Nob","floor":10.0,"turns":2.0},{"damage":0.0,"enemies":"2 Fungi Beasts","floor":12.0,"turns":2.0},{"damage":20.0,"enemies":"Lagavulin","floor":13.0,"turns":5.0},{"damage":13.0,"enemies":"Red Slaver","floor":14.0,"turns":2.0},{"damage":15.0,"enemies":"Hexaghost","floor":16.0,"turns":6.0},{"damage":30,"enemies":"2 Thieves","floor":18,"turns":3},{"damage":2,"enemies":"Shell Parasite","floor":22,"turns":4},{"damage":12,"enemies":"Gremlin Leader","floor":23,"turns":6},{"damage":0,"enemies":"Snake Plant","floor":24,"turns":2},{"damage":45,"enemies":"Slavers","floor":25,"turns":3},{"damage":18,"enemies":"Shelled Parasite and Fungi","floor":27,"turns":2}],"seed_played":"-3907453854213071799","potions_obtained":[{"floor":2.0,"key":"Weak Potion"},{"floor":3.0,"key":"Regen Potion"},{"floor":10.0,"key":"Swift Potion"},{"floor":13.0,"key":"SkillPotion"}],"is_trial":false,"path_per_floor":["M","M","M","$","?","E","R","E","T","E","R","M","E","M","R","B",null,"M","?","$","?","M","E","M","E","T","M"],"character_chosen":"DEFECT","items_purchased":["Ball Lightning","Centennial Puzzle"],"campfire_rested":1,"item_purchase_floors":[4,20],"current_hp_per_floor":[73,62,61,61,54,27,49,38,38,38,38,38,37,36,36,33,82,52,52,52,52,50,50,50,17,17,0],"gold":106,"neow_bonus":"BOSS_RELIC","is_prod":false,"is_daily":false,"chose_seed":false,"campfire_upgraded":2,"win_rate":0,"timestamp":1565473803,"path_taken":["M","M","M","$","?","E","R","E","T","E","R","M","E","M","R","BOSS","M","?","?","?","M","E","M","E","T","M"],"build_version":"2019-07-18","purchased_purges":2,"victory":false,"max_hp_per_floor":[75,75,75,75,75,75,75,75,75,75,75,75,82,82,82,82,82,82,82,82,82,82,82,82,82,82,82],"card_choices":[{"not_picked":["Streamline","Consume","Barrage"],"picked":"SKIP","floor":1.0},{"not_picked":["Turbo","Reprogram"],"picked":"Tempest","floor":2.0},{"not_picked":["Steam","Scrape"],"picked":"Storm","floor":3.0},{"not_picked":["Turbo","Ball Lightning"],"picked":"Biased Cognition","floor":6.0},{"not_picked":["Steam","Scrape","Doom and Gloom"],"picked":"SKIP","floor":8.0},{"not_picked":["Turbo","Go for the Eyes"],"picked":"Coolheaded","floor":10.0},{"not_picked":["Cold Snap","Leap"],"picked":"Static Discharge","floor":12.0},{"not_picked":["Turbo","Recycle"],"picked":"Echo Form","floor":13.0},{"not_picked":["Reprogram","Barrage"],"picked":"Fusion","floor":14.0},{"not_picked":["Buffer","Seek"],"picked":"Core Surge","floor":16.0},{"not_picked":["Barrage","Stack"],"picked":"White Noise","floor":18},{"not_picked":["Steam","Rebound","Gash"],"picked":"SKIP","floor":22},{"not_picked":["BootSequence+1","Ball Lightning"],"picked":"Loop+1","floor":23},{"not_picked":["Hologram","Conserve Battery"],"picked":"Creative AI","floor":24},{"not_picked":["Melter","Heatsinks","White Noise"],"picked":"SKIP","floor":25}],"player_experience":1978108,"relics_obtained":[{"floor":6.0,"key":"Whetstone"},{"floor":8.0,"key":"Meat on the Bone"},{"floor":9.0,"key":"Dodecahedron"},{"floor":10.0,"key":"Dream Catcher"},{"floor":13.0,"key":"Strawberry"},{"floor":23,"key":"Bottled Tornado"},{"floor":25,"key":"Cables"},{"floor":26,"key":"Shuriken"}],"event_choices":[{"cards_removed":["Strike_B"],"damage_healed":0.0,"max_hp_gain":0.0,"max_hp_loss":0.0,"gold_gain":0.0,"event_name":"Golden Wing","player_choice":"Card Removal","floor":5.0,"gold_loss":0.0,"damage_taken":7.0},{"damage_healed":0,"gold_gain":0,"player_choice":"Forge","damage_taken":0,"max_hp_gain":0,"max_hp_loss":0,"event_name":"Accursed Blacksmith","floor":19,"gold_loss":0,"cards_upgraded":["Storm"]},{"damage_healed":0,"gold_gain":0,"player_choice":"Gave Potion","damage_taken":0,"relics_obtained":["Oddly Smooth Stone"],"max_hp_gain":0,"max_hp_loss":0,"event_name":"WeMeetAgain","floor":21,"gold_loss":0}],"is_beta":true,"boss_relics":[{"not_picked":["Orrery","Cursed Key"],"picked":"Runic Pyramid"}],"items_purged_floors":[4,20],"is_endless":false,"potions_floor_spawned":[2,3,10,13,14,16,18],"killed_by":"Shelled Parasite and Fungi","ascension_level":1}