{"gold_per_floor":[116,116,166,182,194,194,214,214,290,325,600,52,87,106,106,184,184,199,209,209,76,76,111,128,128,205,205,222,222,249,269,269,345,345,355,36,36,0,27,54,66,85,108,108,159,171,200,218,218,218,218,218,218,11,40,40],"floor_reached":57,"playtime":7576,"items_purged":["Regret","Writhe"],"score":2795,"play_id":"9bc9b6a5-910e-4a8f-b77f-7d54b4bb94aa","local_time":"20190731161544","is_ascension_mode":true,"campfire_choices":[{"floor":6.0,"key":"REST"},{"data":"Predator","floor":8.0,"key":"SMITH"},{"data":"Catalyst","floor":15.0,"key":"SMITH"},{"data":"Corpse Explosion","floor":25.0,"key":"SMITH"},{"data":"Adrenaline","floor":27.0,"key":"SMITH"},{"data":"Neutralize","floor":32.0,"key":"SMITH"},{"floor":44.0,"key":"RECALL"},{"data":"Bouncing Flask","floor":49.0,"key":"SMITH"},{"floor":53.0,"key":"REST"}],"neow_cost":"PERCENT_DAMAGE","seed_source_timestamp":0,"circlet_count":0,"master_deck":["AscendersBane","Defend_G","Defend_G","Defend_G","Defend_G","Defend_G","Survivor","Neutralize+1","Predator+1","Deadly Poison","Adrenaline+1","All Out Attack","Quick Slash","Unload","Corpse Explosion+1","Deadly Poison","Catalyst+1","PiercingWail","Wraith Form v2+1","Infinite Blades+1","A Thousand Cuts+1","Footwork+1","Dash","Escape Plan","Doppelganger","Noxious Fumes+1","Well Laid Plans+1","Deflect","Dodge and Roll","Noxious Fumes+1","Backflip","Bouncing Flask+1","Wraith Form v2+1","Sucker Punch+1","Crippling Poison","Backflip","Backflip","PiercingWail","Bouncing Flask","Dark Shackles","PiercingWail"],"special_seed":0,"relics":["Ring of the Snake","Bird Faced Urn","Regal Pillow","Pear","Mercury Hourglass","Strawberry","Frozen Egg 2","Astrolabe","Blood Vial","Mummified Hand","Molten Egg 2","Singing Bowl","Velvet Choker","Membership Card","Red Mask","Happy Flower","Orichalcum","Torii","Bottled Flame","Paper Crane","Nunchaku"],"potions_floor_usage":[56],"damage_taken":[{"damage":7.0,"enemies":"Small Slimes","floor":1.0,"turns":4.0},{"damage":0.0,"enemies":"Cultist","floor":4.0,"turns":3.0},{"damage":1.0,"enemies":"2 Louse","floor":5.0,"turns":2.0},{"damage":8.0,"enemies":"Red Slaver","floor":7.0,"turns":5.0},{"damage":20.0,"enemies":"3 Sentries","floor":10.0,"turns":7.0},{"damage":8.0,"enemies":"Gremlin Nob","floor":13.0,"turns":3.0},{"damage":8.0,"enemies":"Exordium Wildlife","floor":14.0,"turns":2.0},{"damage":4.0,"enemies":"The Guardian","floor":16.0,"turns":8.0},{"damage":12.0,"enemies":"3 Byrds","floor":18.0,"turns":3.0},{"damage":0.0,"enemies":"Chosen","floor":19.0,"turns":5.0},{"damage":14.0,"enemies":"Slavers","floor":23.0,"turns":6.0},{"damage":12.0,"enemies":"Centurion and Healer","floor":24.0,"turns":5.0},{"damage":17.0,"enemies":"Cultist and Chosen","floor":28.0,"turns":4.0},{"damage":14.0,"enemies":"Book of Stabbing","floor":30.0,"turns":4.0},{"damage":13.0,"enemies":"Snake Plant","floor":31.0,"turns":4.0},{"damage":5.0,"enemies":"Automaton","floor":33.0,"turns":8.0},{"damage":9.0,"enemies":"Orb Walker","floor":35.0,"turns":5.0},{"damage":17.0,"enemies":"Giant Head","floor":40.0,"turns":7.0},{"damage":2.0,"enemies":"3 Darklings","floor":41.0,"turns":4.0},{"damage":9.0,"enemies":"Spire Growth","floor":42.0,"turns":4.0},{"damage":10.0,"enemies":"2 Orb Walkers","floor":45.0,"turns":2.0},{"damage":0.0,"enemies":"Jaw Worm Horde","floor":46.0,"turns":3.0},{"damage":0.0,"enemies":"Reptomancer","floor":47.0,"turns":4.0},{"damage":0.0,"enemies":"3 Darklings","floor":48.0,"turns":4.0},{"damage":1.0,"enemies":"Donu and Deca","floor":50.0,"turns":6.0},{"damage":77.0,"enemies":"Awakened One","floor":51.0,"turns":17.0},{"damage":47.0,"enemies":"Shield and Spear","floor":55.0,"turns":5.0},{"damage":70,"enemies":"The Heart","floor":56,"turns":10}],"seed_played":"4050842239047307245","potions_obtained":[{"floor":1.0,"key":"SpeedPotion"},{"floor":7.0,"key":"SpeedPotion"},{"floor":10.0,"key":"Ancient Potion"},{"floor":18.0,"key":"FearPotion"},{"floor":19.0,"key":"Block Potion"},{"floor":23.0,"key":"LiquidBronze"},{"floor":35.0,"key":"PowerPotion"},{"floor":40.0,"key":"Fire Potion"},{"floor":47.0,"key":"Block Potion"}],"is_trial":false,"path_per_floor":["M","?","?","M","M","R","M","R","T","E","?","$","E","M","R","B",null,"M","M","?","$","?","E","M","R","T","R","M","?","E","M","R","B",null,"M","$","?","?","T","E","M","M","T","R","?","M","E","M","R","B","B",null,"R","$","E","B",null],"character_chosen":"THE_SILENT","items_purchased":["Unload","Corpse Explosion","Strawberry","Deadly Poison","Well Laid Plans+1","Deflect","Membership Card","Crippling Poison","Paper Crane","Dark Shackles","PiercingWail"],"campfire_rested":2,"item_purchase_floors":[12,12,12,12,21,21,36,36,54,54,54],"current_hp_per_floor":[37,26,20,20,19,53,45,45,55,35,35,42,34,26,26,22,68,60,66,66,66,66,62,60,60,60,60,55,55,53,52,52,63,78,82,82,78,78,78,79,91,88,88,88,85,93,93,95,95,95,34,80,95,95,60,10],"gold":40,"neow_bonus":"ONE_RARE_RELIC","is_prod":false,"is_daily":false,"chose_seed":false,"campfire_upgraded":6,"win_rate":0,"timestamp":1564578944,"path_taken":["M","?","?","M","M","R","?","R","T","E","?","$","E","M","R","BOSS","M","M","?","$","?","E","M","R","T","R","M","?","E","M","R","BOSS","M","$","?","?","?","E","M","?","T","R","?","M","E","M","R","BOSS","BOSS","R","$","E","BOSS"],"build_version":"2019-07-17","purchased_purges":2,"victory":true,"max_hp_per_floor":[66,66,66,66,66,66,66,66,76,76,76,83,83,83,83,83,83,83,83,83,83,83,83,83,83,83,83,83,83,83,83,83,83,83,83,83,89,89,89,91,91,91,91,91,93,93,93,95,95,95,95,95,95,95,97,97],"card_choices":[{"not_picked":["Caltrops","Blade Dance"],"picked":"Predator","floor":1.0},{"not_picked":["Sucker Punch","Riddle With Holes"],"picked":"Deadly Poison","floor":4.0},{"not_picked":["Slice","Escape Plan"],"picked":"Adrenaline","floor":5.0},{"not_picked":["Cloak And Dagger","Acrobatics"],"picked":"All Out Attack","floor":7.0},{"not_picked":["Sucker Punch","Accuracy"],"picked":"Quick Slash","floor":10.0},{"not_picked":["Bouncing Flask","Escape Plan"],"picked":"Catalyst","floor":13.0},{"not_picked":["Flying Knee","Quick Slash"],"picked":"PiercingWail","floor":14.0},{"not_picked":["Grand Finale","Burst"],"picked":"Wraith Form v2+1","floor":16.0},{"not_picked":["Dagger Throw+1","Choke"],"picked":"Dash","floor":18.0},{"not_picked":["Acrobatics+1","Finisher+1"],"picked":"Escape Plan","floor":19.0},{"not_picked":["Flechettes","Backflip"],"picked":"Dodge and Roll","floor":23.0},{"not_picked":["Cloak And Dagger","Poisoned Stab+1"],"picked":"Noxious Fumes+1","floor":24.0},{"not_picked":["Reflex","Predator","Sucker Punch"],"picked":"SKIP","floor":28.0},{"not_picked":["Outmaneuver","Prepared"],"picked":"Backflip","floor":30.0},{"not_picked":["Setup","Blade Dance"],"picked":"Bouncing Flask","floor":31.0},{"not_picked":["Grand Finale+1","Envenom+1"],"picked":"Wraith Form v2+1","floor":33.0},{"not_picked":["Skewer+1","Backstab+1"],"picked":"Sucker Punch+1","floor":35.0},{"not_picked":["Secret Weapon","Madness","Mayhem+1"],"picked":"Singing Bowl","floor":37.0},{"not_picked":["Flash of Steel+1","Bandage Up","Trip"],"picked":"Singing Bowl","floor":37.0},{"not_picked":["Madness","Mind Blast+1","Good Instincts"],"picked":"Singing Bowl","floor":37.0},{"not_picked":["Deflect","Outmaneuver","Tactician"],"picked":"Singing Bowl","floor":40.0},{"not_picked":["Predator+1","Outmaneuver"],"picked":"Backflip","floor":41.0},{"not_picked":["Acrobatics","Prepared+1"],"picked":"Backflip","floor":42.0},{"not_picked":["Dagger Throw+1","Cloak And Dagger","Glass Knife+1"],"picked":"Singing Bowl","floor":45.0},{"not_picked":["Acrobatics","Bane+1"],"picked":"PiercingWail","floor":46.0},{"not_picked":["Sucker Punch+1","Acrobatics"],"picked":"Bouncing Flask","floor":47.0},{"not_picked":["Glass Knife+1","Slice+1","Acrobatics"],"picked":"Singing Bowl","floor":48.0},{"not_picked":["Distraction","Choke+1","Concentrate"],"picked":"Singing Bowl","floor":55.0}],"player_experience":1131682,"relics_obtained":[{"floor":9.0,"key":"Pear"},{"floor":10.0,"key":"Mercury Hourglass"},{"floor":13.0,"key":"Frozen Egg 2"},{"floor":23.0,"key":"Blood Vial"},{"floor":26.0,"key":"Mummified Hand"},{"floor":30.0,"key":"Singing Bowl"},{"floor":40.0,"key":"Happy Flower"},{"floor":43.0,"key":"Orichalcum"},{"floor":45.0,"key":"Torii"},{"floor":47.0,"key":"Bottled Flame"},{"floor":55.0,"key":"Nunchaku"}],"event_choices":[{"damage_healed":0.0,"max_hp_gain":0.0,"max_hp_loss":0.0,"gold_gain":0.0,"event_name":"Scrap Ooze","player_choice":"Success","floor":2.0,"gold_loss":0.0,"damage_taken":11.0,"relics_obtained":["Regal Pillow"]},{"damage_healed":0.0,"max_hp_gain":0.0,"max_hp_loss":0.0,"gold_gain":50.0,"event_name":"FaceTrader","player_choice":"Touch","floor":3.0,"gold_loss":0.0,"damage_taken":6.0},{"damage_healed":0.0,"max_hp_gain":0.0,"max_hp_loss":0.0,"gold_gain":275.0,"event_name":"Golden Shrine","player_choice":"Desecrate","floor":11.0,"gold_loss":0.0,"damage_taken":0.0,"cards_obtained":["Regret"]},{"damage_healed":0.0,"max_hp_gain":0.0,"max_hp_loss":0.0,"gold_gain":0.0,"cards_transformed":["Strike_G","Strike_G"],"event_name":"Drug Dealer","player_choice":"Became Test Subject","floor":20.0,"gold_loss":0.0,"damage_taken":0.0,"cards_obtained":["Doppelganger","Noxious Fumes"]},{"damage_healed":0.0,"max_hp_gain":0.0,"max_hp_loss":0.0,"gold_gain":0.0,"event_name":"Vampires","player_choice":"Ignored","floor":22.0,"gold_loss":0.0,"damage_taken":0.0},{"damage_healed":0.0,"max_hp_gain":0.0,"max_hp_loss":0.0,"gold_gain":0.0,"event_name":"The Mausoleum","player_choice":"Opened","floor":29.0,"gold_loss":0.0,"damage_taken":0.0,"relics_obtained":["Molten Egg 2"],"cards_obtained":["Writhe"]},{"damage_healed":0.0,"max_hp_gain":0.0,"max_hp_loss":0.0,"gold_gain":0.0,"event_name":"SensoryStone","player_choice":"Memory 3","floor":37.0,"gold_loss":0.0,"damage_taken":10.0},{"damage_healed":0.0,"max_hp_gain":0.0,"max_hp_loss":0.0,"gold_gain":0.0,"event_name":"Tomb of Lord Red Mask","player_choice":"Paid","floor":38.0,"gold_loss":36.0,"damage_taken":0.0,"relics_obtained":["Red Mask"]},{"damage_healed":0.0,"max_hp_gain":0.0,"max_hp_loss":0.0,"gold_gain":0.0,"event_name":"Mysterious Sphere","player_choice":"Fight","floor":45.0,"gold_loss":0.0,"damage_taken":0.0}],"is_beta":false,"boss_relics":[{"not_picked":["Philosopher\u0027s Stone","White Beast Statue"],"picked":"Astrolabe"},{"not_picked":["WristBlade","Tiny House"],"picked":"Velvet Choker"}],"items_purged_floors":[12,36],"is_endless":false,"potions_floor_spawned":[1,7,10,18,19,23,35,40,45,47],"ascension_level":20}