{"gold_per_floor":[215,195,206,219,25,25,40,65,65,65,95,95,124,140,140,216,216,216,116,41,41,4,4,4],"floor_reached":24,"playtime":679,"items_purged":["Strike_B"],"score":478,"play_id":"c5f6c43f-5203-41ed-8870-25cef201858c","local_time":"20190721154946","is_ascension_mode":true,"campfire_choices":[{"data":"Apotheosis","floor":6,"key":"SMITH"},{"data":"Creative AI","floor":10,"key":"SMITH"},{"data":"Go for the Eyes","floor":12,"key":"SMITH"},{"data":"Storm","floor":15,"key":"SMITH"},{"floor":23,"key":"REST"}],"neow_cost":"NONE","seed_source_timestamp":668755346323,"circlet_count":0,"master_deck":["AscendersBane","Strike_B","Strike_B","Strike_B","Defend_B","Defend_B","Defend_B","Defend_B","Zap","Dualcast","Go for the Eyes+1","Conserve Battery","Creative AI+1","Apotheosis+1","Sweeping Beam","Self Repair","Cold Snap","Storm+1","Genetic Algorithm","Hyperbeam","White Noise","Compile Driver+1","Consume"],"relics":["Cracked Core","Omamori","Symbiotic Virus","StoneCalendar","Matryoshka","Ectoplasm","Old Coin"],"potions_floor_usage":[11,16,24],"damage_taken":[{"damage":2,"enemies":"Jaw Worm","floor":1,"turns":3},{"damage":0,"enemies":"Cultist","floor":3,"turns":3},{"damage":0,"enemies":"2 Louse","floor":4,"turns":3},{"damage":6,"enemies":"Blue Slaver","floor":7,"turns":3},{"damage":0,"enemies":"Lagavulin","floor":8,"turns":8},{"damage":29,"enemies":"Gremlin Nob","floor":11,"turns":4},{"damage":21,"enemies":"3 Sentries","floor":13,"turns":7},{"damage":11,"enemies":"Exordium Thugs","floor":14,"turns":4},{"damage":9,"enemies":"Hexaghost","floor":16,"turns":6},{"damage":15,"enemies":"Spheric Guardian","floor":18,"turns":4},{"damage":21,"enemies":"2 Thieves","floor":19,"turns":5},{"damage":64,"enemies":"Gremlin Leader","floor":24,"turns":4}],"seed_played":"-4556776093398961908","potions_obtained":[{"floor":1,"key":"FocusPotion"},{"floor":2,"key":"SkillPotion"},{"floor":13,"key":"GamblersBrew"},{"floor":16,"key":"LiquidBronze"}],"is_trial":false,"path_per_floor":["M","?","M","M","$","R","M","E","T","R","E","R","E","M","R","B",null,"M","M","$","?","$","R","E"],"character_chosen":"DEFECT","items_purchased":["Apotheosis","Consume"],"campfire_rested":1,"item_purchase_floors":[5,22],"current_hp_per_floor":[62,62,62,62,62,62,56,56,56,56,37,37,26,25,25,16,57,52,41,41,41,41,62,0],"gold":4,"neow_bonus":"HUNDRED_GOLD","is_prod":false,"is_daily":false,"chose_seed":false,"campfire_upgraded":4,"win_rate":0,"timestamp":1563716986,"path_taken":["M","?","M","M","$","R","M","E","T","R","E","R","E","?","R","BOSS","M","M","$","?","$","R","E"],"build_version":"2019-07-18","purchased_purges":1,"victory":false,"max_hp_per_floor":[71,71,71,71,71,71,71,71,71,71,71,71,71,71,71,71,71,71,71,71,71,71,71,71],"card_choices":[{"not_picked":["Blizzard","Steam Power"],"picked":"Go for the Eyes","floor":1},{"not_picked":["Rebound","Beam Cell"],"picked":"Conserve Battery","floor":3},{"not_picked":["Stack","Compile Driver"],"picked":"Creative AI","floor":4},{"not_picked":["Double Energy","Static Discharge"],"picked":"Sweeping Beam","floor":7},{"not_picked":["Streamline","Redo"],"picked":"Self Repair","floor":8},{"not_picked":["Steam","FTL"],"picked":"Cold Snap","floor":11},{"not_picked":["Beam Cell","Tempest"],"picked":"Storm","floor":13},{"not_picked":["Coolheaded","Go for the Eyes"],"picked":"Genetic Algorithm","floor":14},{"not_picked":["Rainbow","Meteor Strike"],"picked":"Hyperbeam","floor":16},{"not_picked":["Redo","Rebound"],"picked":"White Noise","floor":18},{"not_picked":["Go for the Eyes","Beam Cell"],"picked":"Compile Driver+1","floor":19}],"player_experience":1909369,"relics_obtained":[{"floor":8,"key":"Omamori"},{"floor":9,"key":"Symbiotic Virus"},{"floor":11,"key":"StoneCalendar"},{"floor":13,"key":"Matryoshka"}],"event_choices":[{"damage_healed":0,"gold_gain":0,"player_choice":"Bought 1 Potion","damage_taken":0,"max_hp_gain":0,"max_hp_loss":0,"event_name":"The Woman in Blue","floor":2,"gold_loss":0},{"damage_healed":0,"gold_gain":0,"player_choice":"Stole Relic","damage_taken":0,"relics_obtained":["Old Coin"],"max_hp_gain":0,"max_hp_loss":0,"event_name":"Addict","floor":21,"gold_loss":0,"cards_obtained":["Shame"]}],"is_beta":true,"boss_relics":[{"not_picked":["Lizard Tail","FrozenCore"],"picked":"Ectoplasm"}],"items_purged_floors":[20],"is_endless":false,"potions_floor_spawned":[1,7,13,16,18],"killed_by":"Gremlin Leader","ascension_level":20}