{"gold_per_floor":[112,127,77,77,89,122,122,122,122,122,122,132,132],"floor_reached":13,"playtime":1204,"items_purged":[],"score":83,"play_id":"0121e967-b1c9-4001-ae73-3ba040c89320","local_time":"20190801021356","is_ascension_mode":false,"campfire_choices":[{"floor":8,"key":"REST"},{"floor":11,"key":"REST"}],"neow_cost":"NONE","seed_source_timestamp":1180600634035,"circlet_count":0,"master_deck":["Defend_G","Defend_G","Defend_G","Defend_G","Defend_G","Strike_G","Strike_G","Strike_G","Strike_G","Survivor","Neutralize","Outmaneuver","Sucker Punch","Well Laid Plans","PiercingWail","Backflip","Finisher"],"relics":["Ring of the Snake","NeowsBlessing","Pantograph","Lantern","Shuriken","Dream Catcher"],"potions_floor_usage":[6,13],"damage_taken":[{"damage":0,"enemies":"Cultist","floor":1,"turns":1},{"damage":0,"enemies":"Jaw Worm","floor":2,"turns":1},{"damage":0,"enemies":"2 Louse","floor":5,"turns":1},{"damage":54,"enemies":"Lagavulin","floor":6,"turns":13},{"damage":0,"enemies":"2 Fungi Beasts","floor":12,"turns":6},{"damage":75,"enemies":"Gremlin Nob","floor":13,"turns":6}],"seed_played":"8135955918396204046","potions_obtained":[{"floor":1,"key":"Weak Potion"},{"floor":5,"key":"AttackPotion"}],"is_trial":false,"path_per_floor":["M","M","?","?","M","E","?","R","T","T","R","M","E"],"character_chosen":"THE_SILENT","items_purchased":[],"campfire_rested":2,"item_purchase_floors":[],"current_hp_per_floor":[70,70,70,58,58,4,27,48,48,48,69,69,0],"gold":132,"neow_bonus":"THREE_ENEMY_KILL","is_prod":false,"is_daily":false,"chose_seed":false,"campfire_upgraded":0,"win_rate":0.0,"timestamp":1564643636,"path_taken":["M","M","?","?","M","E","?","R","T","?","R","M","E"],"build_version":"2019-01-23","purchased_purges":0,"victory":false,"max_hp_per_floor":[70,70,70,70,70,70,70,70,70,70,70,70,70],"card_choices":[{"not_picked":["Reflex","Poisoned Stab"],"picked":"Outmaneuver","floor":1},{"not_picked":["Skewer","Calculated Gamble"],"picked":"Sucker Punch","floor":2},{"not_picked":["Catalyst","Sucker Punch"],"picked":"Well Laid Plans","floor":5},{"not_picked":["Quick Slash","Sucker Punch"],"picked":"PiercingWail","floor":6},{"not_picked":["Dodge and Roll","Flechettes"],"picked":"Backflip","floor":11},{"not_picked":["Deflect","Underhanded Strike"],"picked":"Finisher","floor":12}],"player_experience":37069,"relics_obtained":[{"floor":6,"key":"Lantern"},{"floor":9,"key":"Shuriken"},{"floor":10,"key":"Dream Catcher"}],"event_choices":[{"cards_removed":["Strike_G"],"damage_healed":0,"gold_gain":0,"player_choice":"Card Removal","damage_taken":0,"max_hp_gain":0,"max_hp_loss":0,"event_name":"The Cleric","floor":3,"gold_loss":50},{"damage_healed":0,"gold_gain":0,"player_choice":"Success","damage_taken":12,"relics_obtained":["Pantograph"],"max_hp_gain":0,"max_hp_loss":0,"event_name":"Scrap Ooze","floor":4,"gold_loss":0},{"damage_healed":23,"gold_gain":0,"player_choice":"Banana","damage_taken":0,"max_hp_gain":0,"max_hp_loss":0,"event_name":"Big Fish","floor":7,"gold_loss":0}],"is_beta":true,"boss_relics":[],"items_purged_floors":[],"is_endless":false,"potions_floor_spawned":[1,5],"killed_by":"Gremlin Nob","ascension_level":0}