{"gold_per_floor":[118,136,146,18,38,63,63,74,74,92,92,108,141,152,152,226,226,196,196,60,150,164,164,184,199,199,199,199],"floor_reached":28,"playtime":872,"items_purged":["Strike_B","Strike_B"],"score":518,"play_id":"e3bb8850-94ce-426c-a158-11d0a9971413","local_time":"20190712233220","is_ascension_mode":true,"campfire_choices":[{"data":"Fusion","floor":7.0,"key":"SMITH"},{"data":"Zap","floor":11.0,"key":"SMITH"},{"data":"Coolheaded","floor":15.0,"key":"SMITH"},{"data":"Recycle","floor":23.0,"key":"SMITH"},{"floor":27,"key":"REST"}],"neow_cost":"NONE","seed_source_timestamp":9794880670243,"circlet_count":0,"master_deck":["AscendersBane","Defend_B","Defend_B","Defend_B","Defend_B","Zap+1","Dualcast","Cold Snap","Ball Lightning","Fusion+1","Sweeping Beam","Leap","Echo Form","Cold Snap","Compile Driver","Coolheaded+1","Seek","Recycle+1","BootSequence","Reprogram+1"],"special_seed":0,"relics":["Cracked Core","NeowsBlessing","Meat on the Bone","Ginger","Incense Burner","Empty Cage","Darkstone Periapt"],"potions_floor_usage":[25,28],"damage_taken":[{"damage":0.0,"enemies":"Jaw Worm","floor":1.0,"turns":1.0},{"damage":0.0,"enemies":"Cultist","floor":2.0,"turns":1.0},{"damage":0.0,"enemies":"Small Slimes","floor":3.0,"turns":1.0},{"damage":1.0,"enemies":"Looter","floor":5.0,"turns":3.0},{"damage":31.0,"enemies":"Gremlin Nob","floor":6.0,"turns":5.0},{"damage":0.0,"enemies":"Large Slime","floor":8.0,"turns":4.0},{"damage":1.0,"enemies":"Blue Slaver","floor":10.0,"turns":3.0},{"damage":14.0,"enemies":"Red Slaver","floor":12.0,"turns":3.0},{"damage":0.0,"enemies":"Lagavulin","floor":13.0,"turns":7.0},{"damage":12.0,"enemies":"3 Louse","floor":14.0,"turns":4.0},{"damage":32.0,"enemies":"Slime Boss","floor":16.0,"turns":8.0},{"damage":19.0,"enemies":"2 Thieves","floor":18.0,"turns":4.0},{"damage":14.0,"enemies":"3 Byrds","floor":22.0,"turns":5.0},{"damage":14.0,"enemies":"Centurion and Healer","floor":24.0,"turns":10.0},{"damage":16,"enemies":"3 Cultists","floor":25,"turns":6},{"damage":55,"enemies":"Chosen and Byrds","floor":28,"turns":6}],"seed_played":"8280380113882865401","potions_obtained":[{"floor":1.0,"key":"Fire Potion"},{"floor":6.0,"key":"SteroidPotion"},{"floor":18.0,"key":"SteroidPotion"},{"floor":24.0,"key":"SpeedPotion"}],"is_trial":false,"path_per_floor":["M","M","M","$","M","E","R","M","T","M","R","M","E","M","R","B",null,"M","?","$","?","M","R","M","M","T","R","M"],"character_chosen":"DEFECT","items_purchased":["Block Potion","Recycle"],"campfire_rested":1,"item_purchase_floors":[4,20],"current_hp_per_floor":[64,64,64,64,63,32,32,44,44,43,43,41,41,41,41,21,59,40,40,40,26,24,24,22,18,18,39,0],"gold":199,"neow_bonus":"THREE_ENEMY_KILL","is_prod":false,"is_daily":false,"chose_seed":false,"campfire_upgraded":4,"win_rate":0,"timestamp":1562967140,"path_taken":["M","M","M","$","M","E","R","M","T","M","R","M","E","M","R","BOSS","M","?","$","?","?","R","M","M","T","R","?"],"build_version":"2019-07-10","purchased_purges":2,"victory":false,"max_hp_per_floor":[71,71,71,71,71,71,71,71,71,71,71,71,71,71,71,71,71,71,71,71,71,71,71,71,71,71,71,71],"card_choices":[{"not_picked":["Hologram","Beam Cell"],"picked":"Cold Snap","floor":1.0},{"not_picked":["Compile Driver","Streamline"],"picked":"Ball Lightning","floor":2.0},{"not_picked":["Tempest","White Noise"],"picked":"Fusion","floor":3.0},{"not_picked":["Rebound","Cold Snap"],"picked":"Sweeping Beam","floor":5.0},{"not_picked":["Turbo","Aggregate"],"picked":"Leap","floor":6.0},{"not_picked":["Rebound","Steam"],"picked":"Echo Form","floor":8.0},{"not_picked":["Streamline","Go for the Eyes","Gash"],"picked":"SKIP","floor":10.0},{"not_picked":["Barrage","Redo"],"picked":"Cold Snap","floor":12.0},{"not_picked":["Double Energy","Self Repair"],"picked":"Compile Driver","floor":13.0},{"not_picked":["Amplify","Blizzard"],"picked":"Coolheaded","floor":14.0},{"not_picked":["Buffer","Rainbow"],"picked":"Seek","floor":16.0},{"not_picked":["Double Energy","Redo","Cold Snap"],"picked":"SKIP","floor":18.0},{"not_picked":["Sweeping Beam","Lockon"],"picked":"BootSequence","floor":22.0},{"not_picked":["Leap","Coolheaded"],"picked":"Reprogram+1","floor":24.0},{"not_picked":["Rebound","Gash+1","Stack+1"],"picked":"SKIP","floor":25}],"player_experience":1845455,"relics_obtained":[{"floor":6.0,"key":"Meat on the Bone"},{"floor":9.0,"key":"Ginger"},{"floor":13.0,"key":"Incense Burner"},{"floor":26,"key":"Darkstone Periapt"}],"event_choices":[{"damage_healed":0.0,"max_hp_gain":0.0,"max_hp_loss":0.0,"gold_gain":0.0,"event_name":"Vampires","player_choice":"Ignored","floor":19.0,"gold_loss":0.0,"damage_taken":0.0},{"damage_healed":0.0,"max_hp_gain":0.0,"max_hp_loss":0.0,"gold_gain":90.0,"event_name":"Knowing Skull","player_choice":"GOLD ","floor":21.0,"potions_obtained":[],"gold_loss":0.0,"damage_taken":14.0,"cards_obtained":[]}],"is_beta":true,"boss_relics":[{"not_picked":["Calling Bell","Cursed Key"],"picked":"Empty Cage"}],"items_purged_floors":[4,20],"is_endless":false,"potions_floor_spawned":[1,6,8,12,18,24],"killed_by":"Chosen and Byrds","ascension_level":20}