{"gold_per_floor":[113,113,44,9,28,28,58,74,74,108,108,126,13,13,13,109,109,124,124,49,49,61,61,80,106,106,106,106,122,221,235,235,235],"floor_reached":33,"playtime":1997,"items_purged":["Strike_G"],"score":312,"play_id":"9b749eed-faa4-4574-8014-08d169cef4b0","local_time":"20190722025307","is_ascension_mode":true,"campfire_choices":[{"data":"Neutralize","floor":6.0,"key":"SMITH"},{"floor":11.0,"key":"REST"},{"floor":15.0,"key":"REST"},{"floor":23.0,"key":"REST"},{"floor":28.0,"key":"REST"},{"floor":32.0,"key":"REST"}],"neow_cost":"PERCENT_DAMAGE","seed_source_timestamp":369492239954470,"circlet_count":0,"master_deck":["Strike_G+1","Strike_G+1","Strike_G","Defend_G","Defend_G","Defend_G","Defend_G","Defend_G","Survivor+1","Neutralize+1","Burst+1","Poisoned Stab","Noxious Fumes","Catalyst","Noxious Fumes","Flying Knee","Footwork","Parasite","Corpse Explosion","Acrobatics","Ghostly","Ghostly","Ghostly","Ghostly","Ghostly","Outmaneuver+1","Deflect+1","Writhe","Dash+1","Skewer+1"],"special_seed":0,"relics":["Ring of the Snake","StoneCalendar","Whetstone","Sundial","Mercury Hourglass","Snecko Eye","Boot","War Paint","Kunai"],"potions_floor_usage":[33],"damage_taken":[{"damage":5.0,"enemies":"Jaw Worm","floor":1.0,"turns":6.0},{"damage":7.0,"enemies":"2 Louse","floor":5.0,"turns":3.0},{"damage":24.0,"enemies":"3 Sentries","floor":7.0,"turns":7.0},{"damage":0.0,"enemies":"Cultist","floor":8.0,"turns":4.0},{"damage":18.0,"enemies":"Lagavulin","floor":10.0,"turns":6.0},{"damage":4.0,"enemies":"Red Slaver","floor":12.0,"turns":4.0},{"damage":36.0,"enemies":"The Guardian","floor":16.0,"turns":9.0},{"damage":10.0,"enemies":"Shell Parasite","floor":18.0,"turns":6.0},{"damage":27.0,"enemies":"3 Byrds","floor":22.0,"turns":3.0},{"damage":3.0,"enemies":"3 Cultists","floor":24.0,"turns":4.0},{"damage":3.0,"enemies":"Slavers","floor":25.0,"turns":3.0},{"damage":3.0,"enemies":"Cultist and Chosen","floor":29.0,"turns":5.0},{"damage":4.0,"enemies":"Sentry and Sphere","floor":31.0,"turns":6.0},{"damage":30,"enemies":"Collector","floor":33,"turns":6}],"seed_played":"6036829416242186819","potions_obtained":[{"floor":5.0,"key":"Weak Potion"},{"floor":7.0,"key":"SteroidPotion"},{"floor":22.0,"key":"Poison Potion"},{"floor":25.0,"key":"Poison Potion"},{"floor":31.0,"key":"Block Potion"}],"is_trial":false,"path_per_floor":["M","?","$","?","M","R","E","M","T","E","R","M","$","?","R","B",null,"M","?","?","$","M","R","M","E","T","?","R","M","?","M","R","B"],"character_chosen":"THE_SILENT","items_purchased":["Noxious Fumes","Footwork"],"campfire_rested":5,"item_purchase_floors":[3,13],"current_hp_per_floor":[44,37,37,54,47,47,23,23,23,5,26,22,22,39,60,24,70,60,35,35,35,8,18,15,12,12,12,22,19,19,15,25,0],"gold":235,"neow_bonus":"THREE_RARE_CARDS","is_prod":false,"is_daily":false,"chose_seed":false,"campfire_upgraded":1,"win_rate":0,"timestamp":1563789187,"path_taken":["M","?","$","?","?","R","E","M","T","E","R","?","?","?","R","BOSS","M","?","?","$","M","R","M","E","T","?","R","M","?","M","R","BOSS"],"build_version":"2019-07-05","purchased_purges":1,"victory":false,"max_hp_per_floor":[70,70,70,70,70,70,70,70,70,70,70,70,70,70,70,70,70,70,35,35,35,35,35,35,35,35,35,35,35,35,35,35,35],"card_choices":[{"not_picked":["Adrenaline","Glass Knife"],"picked":"Burst","floor":0.0},{"not_picked":["PiercingWail","Dagger Spray"],"picked":"Poisoned Stab","floor":1.0},{"not_picked":["Reflex","Deadly Poison"],"picked":"Catalyst","floor":5.0},{"not_picked":["Dodge and Roll","Skewer"],"picked":"Noxious Fumes","floor":7.0},{"not_picked":["Endless Agony","Poisoned Stab","Blade Dance"],"picked":"SKIP","floor":8.0},{"not_picked":["Storm of Steel","Quick Slash","Riddle With Holes"],"picked":"SKIP","floor":10.0},{"not_picked":["Underhanded Strike","Predator"],"picked":"Flying Knee","floor":12.0},{"not_picked":["Glass Knife","Tools of the Trade"],"picked":"Corpse Explosion","floor":16.0},{"not_picked":["Sucker Punch","Noxious Fumes"],"picked":"Acrobatics","floor":18.0},{"not_picked":["Underhanded Strike","Bane"],"picked":"Outmaneuver+1","floor":22.0},{"not_picked":["Skewer","Finisher","Cloak And Dagger"],"picked":"SKIP","floor":24.0},{"not_picked":["Eviscerate","Leg Sweep"],"picked":"Deflect+1","floor":25.0},{"not_picked":["Acrobatics","Deadly Poison"],"picked":"Dash+1","floor":29.0},{"not_picked":["Die Die Die","Prepared+1"],"picked":"Skewer+1","floor":31.0}],"player_experience":104263,"relics_obtained":[{"floor":7.0,"key":"Whetstone"},{"floor":9.0,"key":"Sundial"},{"floor":10.0,"key":"Mercury Hourglass"},{"floor":25.0,"key":"Boot"},{"floor":26.0,"key":"War Paint"}],"event_choices":[{"damage_healed":0.0,"max_hp_gain":0.0,"max_hp_loss":0.0,"gold_gain":0.0,"event_name":"Scrap Ooze","player_choice":"Success","floor":2.0,"gold_loss":0.0,"damage_taken":7.0,"relics_obtained":["StoneCalendar"]},{"damage_healed":17.0,"max_hp_gain":0.0,"max_hp_loss":0.0,"gold_gain":0.0,"event_name":"The Cleric","player_choice":"Healed","floor":4.0,"gold_loss":35.0,"damage_taken":0.0},{"damage_healed":17.0,"max_hp_gain":0.0,"max_hp_loss":0.0,"gold_gain":0.0,"event_name":"Mushrooms","player_choice":"Healed and dodged fight","floor":14.0,"gold_loss":0.0,"damage_taken":0.0,"cards_obtained":["Parasite"]},{"damage_healed":0.0,"max_hp_gain":0.0,"max_hp_loss":35.0,"gold_gain":0.0,"event_name":"Ghosts","player_choice":"Became a Ghost","floor":19.0,"gold_loss":0.0,"damage_taken":0.0,"cards_obtained":["Ghostly","Ghostly","Ghostly","Ghostly","Ghostly"]},{"cards_removed":["Strike_G"],"damage_healed":0.0,"max_hp_gain":0.0,"max_hp_loss":0.0,"gold_gain":0.0,"event_name":"Beggar","player_choice":"Gave Gold","floor":20.0,"gold_loss":75.0,"damage_taken":0.0},{"damage_healed":0.0,"max_hp_gain":0.0,"max_hp_loss":0.0,"gold_gain":0.0,"event_name":"The Mausoleum","player_choice":"Opened","floor":27.0,"gold_loss":0.0,"damage_taken":0.0,"relics_obtained":["Kunai"],"cards_obtained":["Writhe"]},{"damage_healed":0.0,"max_hp_gain":0.0,"max_hp_loss":0.0,"gold_gain":99.0,"event_name":"Nest","player_choice":"Stole From Cult","floor":30.0,"gold_loss":0.0,"damage_taken":0.0}],"is_beta":false,"boss_relics":[{"not_picked":["Ring of the Serpent","Cursed Key"],"picked":"Snecko Eye"}],"items_purged_floors":[13],"is_endless":false,"potions_floor_spawned":[5,7,22,25,31],"killed_by":"Collector","ascension_level":1}