{"gold_per_floor":[13,13,31,55,80,80,115,138,163,187,187],"floor_reached":11,"playtime":268,"items_purged":[],"score":154,"play_id":"a16f5e12-3be5-4ab9-b071-405a40fbe768","local_time":"20190620205624","is_ascension_mode":true,"campfire_choices":[{"data":"Biased Cognition","floor":6,"key":"SMITH"}],"neow_cost":"NO_GOLD","seed_source_timestamp":2181066162363,"circlet_count":0,"master_deck":["AscendersBane","Strike_B","Strike_B","Strike_B","Strike_B","Defend_B","Defend_B","Defend_B","Defend_B","Zap","Dualcast","Biased Cognition+1","Gash","Ball Lightning","Auto Shields","Conserve Battery","Cold Snap"],"relics":["Cracked Core","Golden Idol","Gremlin Horn","Potion Belt"],"potions_floor_usage":[11,11],"damage_taken":[{"damage":5,"enemies":"Small Slimes","floor":1,"turns":4},{"damage":12,"enemies":"Jaw Worm","floor":3,"turns":2},{"damage":0,"enemies":"Cultist","floor":4,"turns":3},{"damage":0,"enemies":"Large Slime","floor":5,"turns":4},{"damage":35,"enemies":"3 Sentries","floor":7,"turns":5},{"damage":6,"enemies":"2 Fungi Beasts","floor":8,"turns":3},{"damage":0,"enemies":"Red Slaver","floor":10,"turns":3},{"damage":9,"enemies":"Lagavulin","floor":11,"turns":3}],"seed_played":"-8834622701301029607","potions_obtained":[{"floor":3,"key":"FearPotion"},{"floor":7,"key":"AttackPotion"}],"is_trial":false,"path_per_floor":["M","?","M","M","M","R","E","M","T","M","E"],"character_chosen":"DEFECT","items_purchased":[],"campfire_rested":0,"item_purchase_floors":[],"current_hp_per_floor":[59,59,47,47,47,47,12,6,6,6,0],"gold":187,"neow_bonus":"THREE_RARE_CARDS","is_prod":false,"is_daily":false,"chose_seed":false,"campfire_upgraded":1,"win_rate":0,"timestamp":1561056984,"path_taken":["M","?","M","M","M","R","E","M","T","M","E"],"build_version":"2019-06-19","purchased_purges":0,"victory":false,"max_hp_per_floor":[71,64,64,64,64,64,64,64,64,64,64],"card_choices":[{"not_picked":["Fission","Rainbow"],"picked":"Biased Cognition","floor":0},{"not_picked":["Streamline","Hologram"],"picked":"Gash","floor":1},{"not_picked":["Compile Driver","Rip and Tear"],"picked":"Ball Lightning","floor":3},{"not_picked":["Streamline","Consume"],"picked":"Auto Shields","floor":4},{"not_picked":["White Noise","Aggregate","Fusion"],"picked":"SKIP","floor":5},{"not_picked":["Streamline","Redo"],"picked":"Conserve Battery","floor":7},{"not_picked":["Compile Driver","Streamline","Recycle"],"picked":"SKIP","floor":8},{"not_picked":["Hyperbeam","Conserve Battery"],"picked":"Cold Snap","floor":10}],"player_experience":1745084,"relics_obtained":[{"floor":7,"key":"Gremlin Horn"},{"floor":9,"key":"Potion Belt"}],"event_choices":[{"damage_healed":0,"gold_gain":0,"player_choice":"Lose Max HP","damage_taken":0,"relics_obtained":["Golden Idol"],"max_hp_gain":0,"max_hp_loss":7,"event_name":"Golden Idol","floor":2,"gold_loss":0}],"is_beta":true,"boss_relics":[],"items_purged_floors":[],"is_endless":false,"potions_floor_spawned":[3,7],"killed_by":"Lagavulin","ascension_level":20}