{"gold_per_floor":[116,134,144,159,1,1,36,50,50,50,24,55,130,130,130,130],"floor_reached":16,"playtime":442,"items_purged":[],"score":220,"play_id":"c079d1d6-bbb1-4f24-a2c8-20457d67c40c","local_time":"20190619202344","is_ascension_mode":true,"campfire_choices":[{"data":"Chaos","floor":6,"key":"SMITH"},{"floor":10,"key":"REST"},{"data":"Barrage","floor":15,"key":"SMITH"}],"neow_cost":"NONE","seed_source_timestamp":2441617455860,"circlet_count":0,"master_deck":["AscendersBane","Strike_B","Strike_B","Strike_B","Strike_B","Defend_B","Defend_B","Defend_B","Defend_B","Zap+1","Dualcast","Chaos+1","Sweeping Beam","Leap","Ball Lightning","Core Surge","Gash","Barrage+1","BootSequence"],"relics":["Cracked Core","Happy Flower","Juzu Bracelet","Strawberry","Centennial Puzzle"],"potions_floor_usage":[7,12],"damage_taken":[{"damage":1,"enemies":"Cultist","floor":1,"turns":3},{"damage":7,"enemies":"Jaw Worm","floor":2,"turns":4},{"damage":4,"enemies":"Small Slimes","floor":3,"turns":3},{"damage":3,"enemies":"Blue Slaver","floor":4,"turns":5},{"damage":16,"enemies":"3 Sentries","floor":7,"turns":6},{"damage":12,"enemies":"Exordium Thugs","floor":8,"turns":4},{"damage":20,"enemies":"Gremlin Nob","floor":12,"turns":4},{"damage":23,"enemies":"Hexaghost","floor":16,"turns":7}],"seed_played":"5925642286923087115","potions_obtained":[{"floor":3,"key":"Block Potion"},{"floor":4,"key":"Fire Potion"}],"is_trial":false,"path_per_floor":["M","M","M","M","$","R","E","M","T","R","$","E","?","?","R","B"],"character_chosen":"DEFECT","items_purchased":["Happy Flower","Barrage"],"campfire_rested":1,"item_purchase_floors":[5,11],"current_hp_per_floor":[63,56,52,49,49,49,33,21,28,51,51,31,20,20,20,0],"gold":130,"neow_bonus":"UPGRADE_CARD","is_prod":false,"is_daily":false,"chose_seed":false,"campfire_upgraded":2,"win_rate":0,"timestamp":1560968624,"path_taken":["M","?","M","M","$","R","E","M","T","R","$","E","?","?","R","BOSS"],"build_version":"2019-06-18","purchased_purges":0,"victory":false,"max_hp_per_floor":[71,71,71,71,71,71,71,71,78,78,78,78,78,78,78,78],"card_choices":[{"not_picked":["Rebound","White Noise"],"picked":"Chaos","floor":1},{"not_picked":["Steam","Streamline"],"picked":"Sweeping Beam","floor":2},{"not_picked":["Steam","Redo"],"picked":"Leap","floor":3},{"not_picked":["Consume","Compile Driver"],"picked":"Ball Lightning","floor":4},{"not_picked":["Reprogram","Rip and Tear"],"picked":"Core Surge","floor":7},{"not_picked":["Leap","Go for the Eyes"],"picked":"Gash","floor":8},{"not_picked":["Stack","Tempest"],"picked":"BootSequence","floor":12}],"player_experience":1738402,"relics_obtained":[{"floor":7,"key":"Juzu Bracelet"},{"floor":9,"key":"Strawberry"},{"floor":12,"key":"Centennial Puzzle"}],"event_choices":[{"damage_healed":0,"gold_gain":75,"player_choice":"Gather Gold","damage_taken":11,"max_hp_gain":0,"max_hp_loss":0,"event_name":"World of Goop","floor":13,"gold_loss":0},{"damage_healed":0,"gold_gain":0,"player_choice":"Ignored","damage_taken":0,"max_hp_gain":0,"max_hp_loss":0,"event_name":"Liars Game","floor":14,"gold_loss":0}],"is_beta":true,"boss_relics":[],"items_purged_floors":[],"is_endless":false,"potions_floor_spawned":[3,4],"killed_by":"Hexaghost","ascension_level":20}