{"gold_per_floor":[115,125,125,125,12,47,61,61,61,61,61,11,55,73,73,201,201,220,220,241,241,254,289,289,333,408,408,159,180,180,196,196,319,319,342,362,375,122,0,0,35,35,35,35,76,94,427,442,442,442],"floor_reached":51,"playtime":2185,"items_purged":["Injury","Strike_R"],"score":1509,"play_id":"0b5a42b2-91ac-4fa8-89c6-e99b77d9ab79","local_time":"20190810215848","is_ascension_mode":true,"campfire_choices":[{"data":"Armaments","floor":8.0,"key":"SMITH"},{"data":"Uppercut","floor":11.0,"key":"SMITH"},{"floor":15.0,"key":"REST"},{"floor":24.0,"key":"REST"},{"floor":27.0,"key":"REST"},{"data":"Spot Weakness","floor":30.0,"key":"SMITH"},{"data":"Heavy Blade","floor":32.0,"key":"SMITH"},{"floor":40,"key":"REST"},{"data":"Limit Break","floor":42,"key":"SMITH"},{"data":"Flame Barrier","floor":49,"key":"SMITH"}],"neow_cost":"","seed_source_timestamp":0,"circlet_count":0,"master_deck":["Strike_R+1","Strike_R","Strike_R","Defend_R","Defend_R","Defend_R","Defend_R","Bash","Uppercut+1","Spot Weakness+1","Armaments+1","Cleave+1","Whirlwind","Demon Form+1","Flame Barrier+1","Heavy Blade+1","Body Slam+1","Shrug It Off+1","Limit Break+1"],"special_seed":0,"relics":["Burning Blood","StoneCalendar","PreservedInsect","WingedGreaves","Darkstone Periapt","Shuriken","Regal Pillow","Snecko Eye","Anchor","Lantern","Bottled Lightning","Blue Candle","Blood Vial","Busted Crown","Bottled Tornado","Red Mask","Dream Catcher","Sundial","Whetstone"],"potions_floor_usage":[45,50,50,50],"damage_taken":[{"damage":3.0,"enemies":"2 Louse","floor":1.0,"turns":3.0},{"damage":0.0,"enemies":"Small Slimes","floor":2.0,"turns":3.0},{"damage":22.0,"enemies":"Gremlin Nob","floor":6.0,"turns":4.0},{"damage":13.0,"enemies":"Jaw Worm","floor":7.0,"turns":4.0},{"damage":22.0,"enemies":"Lagavulin","floor":13.0,"turns":6.0},{"damage":6.0,"enemies":"Looter","floor":14.0,"turns":3.0},{"damage":38.0,"enemies":"Slime Boss","floor":16.0,"turns":7.0},{"damage":6.0,"enemies":"Spheric Guardian","floor":18.0,"turns":3.0},{"damage":22.0,"enemies":"2 Thieves","floor":20.0,"turns":4.0},{"damage":18.0,"enemies":"Chosen and Byrds","floor":22.0,"turns":6.0},{"damage":24.0,"enemies":"Book of Stabbing","floor":23.0,"turns":5.0},{"damage":25.0,"enemies":"Gremlin Leader","floor":25.0,"turns":3.0},{"damage":13.0,"enemies":"Snake Plant","floor":29.0,"turns":3.0},{"damage":1.0,"enemies":"Snecko","floor":31.0,"turns":3.0},{"damage":41.0,"enemies":"Collector","floor":33.0,"turns":7.0},{"damage":32.0,"enemies":"3 Darklings","floor":35.0,"turns":4.0},{"damage":0.0,"enemies":"Orb Walker","floor":36.0,"turns":2.0},{"damage":20,"enemies":"Writhing Mass","floor":37,"turns":4},{"damage":0,"enemies":"Giant Head","floor":41,"turns":5},{"damage":15,"enemies":"Nemesis","floor":45,"turns":3},{"damage":0,"enemies":"3 Darklings","floor":46,"turns":2},{"damage":12,"enemies":"Spire Growth","floor":48,"turns":3},{"damage":13,"enemies":"Donu and Deca","floor":50,"turns":5}],"seed_played":"-582444489562867115","potions_obtained":[{"floor":1.0,"key":"Regen Potion"},{"floor":7.0,"key":"Fruit Juice"},{"floor":22.0,"key":"Weak Potion"},{"floor":29.0,"key":"SkillPotion"},{"floor":31.0,"key":"Weak Potion"},{"floor":33.0,"key":"Energy Potion"},{"floor":37,"key":"SkillPotion"},{"floor":46,"key":"Poison Potion"}],"is_trial":false,"path_per_floor":["M","M","?","?","$","E","M","R","T","$","R","$","E","M","R","B",null,"M","?","M","?","M","E","R","E","T","R","$","M","R","M","R","B",null,"M","M","M","$","?","R","E","R","T","?","E","M","?","M","R","B",null],"character_chosen":"IRONCLAD","items_purchased":["Uppercut","PreservedInsect","Spot Weakness","Cleave","Blood Vial","Bottled Tornado"],"campfire_rested":4,"item_purchase_floors":[0,0,5,12,28,38],"current_hp_per_floor":[51,57,50,50,50,46,44,44,44,44,44,44,28,28,68,36,73,73,73,57,57,45,27,67,48,48,85,85,78,78,85,85,50,76,52,60,48,48,48,85,85,85,85,81,72,80,80,75,75,70],"gold":442,"neow_bonus":"","is_prod":false,"is_daily":false,"chose_seed":false,"campfire_upgraded":6,"win_rate":0,"timestamp":1565492328,"path_taken":["M","M","?","?","?","E","M","R","T","$","R","$","E","M","R","BOSS","M","?","M","?","M","E","R","E","T","R","$","?","R","M","R","BOSS","M","M","M","$","?","R","E","R","T","?","E","M","?","?","R","BOSS"],"build_version":"2019-07-17","purchased_purges":2,"victory":true,"max_hp_per_floor":[80,80,80,80,80,80,85,85,85,85,85,85,85,85,85,85,85,85,85,85,85,85,85,85,85,85,85,85,85,85,85,85,85,85,85,85,85,85,85,85,85,85,85,81,81,81,81,81,81,81],"card_choices":[{"not_picked":["Rage","Intimidate","Perfected Strike"],"picked":"SKIP","floor":1.0},{"not_picked":["Heavy Blade","Wild Strike","Headbutt"],"picked":"SKIP","floor":2.0},{"not_picked":["Shockwave","Feel No Pain","Uppercut"],"picked":"SKIP","floor":6.0},{"not_picked":["Body Slam","Wild Strike"],"picked":"Armaments","floor":7.0},{"not_picked":["Perfected Strike","Headbutt","Fiend Fire"],"picked":"SKIP","floor":13.0},{"not_picked":["Cleave","Armaments"],"picked":"Whirlwind","floor":14.0},{"not_picked":["Feed","Dark Embrace"],"picked":"Demon Form","floor":16.0},{"not_picked":["Body Slam+1","Perfected Strike"],"picked":"Flame Barrier","floor":18.0},{"not_picked":["Feel No Pain","Cleave"],"picked":"Heavy Blade","floor":20.0},{"not_picked":["Twin Strike","Rampage+1","Combust"],"picked":"SKIP","floor":22.0},{"not_picked":["Sword Boomerang+1","Infernal Blade"],"picked":"Body Slam+1","floor":23.0},{"not_picked":["Fire Breathing","Perfected Strike"],"picked":"Shrug It Off+1","floor":25.0},{"not_picked":["Havoc","Iron Wave","Perfected Strike"],"picked":"SKIP","floor":29.0},{"not_picked":["Power Through","Clothesline","Headbutt+1"],"picked":"SKIP","floor":31.0},{"not_picked":["Immolate","Impervious"],"picked":"Limit Break","floor":33.0},{"not_picked":["Hemokinesis+1"],"picked":"SKIP","floor":35.0},{"not_picked":["Rage+1"],"picked":"SKIP","floor":36},{"not_picked":["Rage+1"],"picked":"SKIP","floor":36},{"not_picked":["Warcry+1"],"picked":"SKIP","floor":37},{"not_picked":["Demon Form"],"picked":"SKIP","floor":41},{"not_picked":["Shrug It Off+1"],"picked":"SKIP","floor":45},{"not_picked":["Flex"],"picked":"SKIP","floor":46},{"not_picked":["Burning Pact+1"],"picked":"SKIP","floor":48}],"player_experience":489640,"relics_obtained":[{"floor":6.0,"key":"Darkstone Periapt"},{"floor":9.0,"key":"Shuriken"},{"floor":13.0,"key":"Regal Pillow"},{"floor":23.0,"key":"Lantern"},{"floor":25.0,"key":"Bottled Lightning"},{"floor":26.0,"key":"Blue Candle"},{"floor":41,"key":"Dream Catcher"},{"floor":43,"key":"Sundial"},{"floor":45,"key":"Whetstone"}],"event_choices":[{"cards_removed":["Strike_R"],"damage_healed":0.0,"max_hp_gain":0.0,"max_hp_loss":0.0,"gold_gain":0.0,"event_name":"Golden Wing","player_choice":"Card Removal","floor":3.0,"gold_loss":0.0,"damage_taken":7.0},{"damage_healed":0.0,"max_hp_gain":0.0,"max_hp_loss":0.0,"gold_gain":0.0,"event_name":"Golden Idol","player_choice":"Take Wound","floor":4.0,"gold_loss":0.0,"damage_taken":0.0,"relics_obtained":["Golden Idol"],"cards_obtained":["Injury"]},{"damage_healed":0.0,"max_hp_gain":0.0,"max_hp_loss":0.0,"gold_gain":0.0,"event_name":"The Mausoleum","player_choice":"Opened","floor":19.0,"gold_loss":0.0,"damage_taken":0.0,"relics_obtained":["Anchor"]},{"damage_healed":0.0,"max_hp_gain":0.0,"max_hp_loss":0.0,"gold_gain":0.0,"event_name":"Upgrade Shrine","player_choice":"Upgraded","floor":21.0,"gold_loss":0.0,"damage_taken":0.0,"cards_upgraded":["Demon Form"]},{"damage_healed":0,"gold_gain":0,"player_choice":"Paid","damage_taken":0,"relics_obtained":["Red Mask"],"max_hp_gain":0,"max_hp_loss":0,"event_name":"Tomb of Lord Red Mask","floor":39,"gold_loss":122},{"damage_healed":0,"gold_gain":0,"player_choice":"Max HP","damage_taken":0,"max_hp_gain":0,"max_hp_loss":4,"event_name":"Winding Halls","floor":44,"gold_loss":0},{"damage_healed":0,"gold_gain":333,"player_choice":"Gave Idol","damage_taken":0,"max_hp_gain":0,"max_hp_loss":0,"event_name":"The Moai Head","floor":47,"relics_lost":["Golden Idol"],"gold_loss":0}],"is_beta":false,"boss_relics":[{"not_picked":["Lizard Tail","Mark of Pain"],"picked":"Snecko Eye"},{"not_picked":["Runic Cube","Orrery"],"picked":"Busted Crown"}],"items_purged_floors":[5,28],"is_endless":false,"potions_floor_spawned":[1,7,22,29,31,33,37,41,46],"ascension_level":8}