{"gold_per_floor":[109,120,45,61,136,136,171,171,171,171,184,212,212,230,230,306,306,316,316,216,216,228,228,103,135,135,135,152,152,202,212,212,283,283,293,312,8,8,8,41,41],"floor_reached":41,"playtime":1411,"items_purged":["Strike_B","Strike_B","Strike_B"],"score":894,"play_id":"f0979317-646d-4190-8363-722639150e3a","local_time":"20190703203124","is_ascension_mode":true,"campfire_choices":[{"floor":6,"key":"REST"},{"data":"Zap","floor":8,"key":"SMITH"},{"floor":13,"key":"REST"},{"data":"Go for the Eyes","floor":15,"key":"SMITH"},{"data":"Static Discharge","floor":23,"key":"SMITH"},{"floor":27,"key":"REST"},{"data":"Strike_B","floor":29,"key":"PURGE"},{"floor":32,"key":"REST"}],"neow_cost":"PERCENT_DAMAGE","seed_source_timestamp":2538127587426,"circlet_count":0,"master_deck":["AscendersBane","Defend_B","Defend_B","Defend_B","Defend_B","Zap+1","Dualcast","Gash","Gash","Cold Snap","Reinforced Body+1","Go for the Eyes+1","Hologram+1","Reinforced Body+1","Electrodynamics","Turbo+1","Static Discharge+1","Coolheaded+1","Chaos+1","Coolheaded+1","Coolheaded+1","Conserve Battery+1","Capacitor"],"relics":["Cracked Core","FossilizedHelix","Peace Pipe","Oddly Smooth Stone","Toxic Egg 2","Runic Pyramid","Dream Catcher","Bag of Marbles","Sozu","Sling","Kunai"],"potions_floor_usage":[12,12,25,41],"damage_taken":[{"damage":1,"enemies":"Cultist","floor":1,"turns":3},{"damage":4,"enemies":"2 Louse","floor":2,"turns":3},{"damage":2,"enemies":"Jaw Worm","floor":4,"turns":4},{"damage":18,"enemies":"Lagavulin","floor":7,"turns":6},{"damage":17,"enemies":"Gremlin Gang","floor":11,"turns":5},{"damage":40,"enemies":"Gremlin Nob","floor":12,"turns":5},{"damage":0,"enemies":"Exordium Wildlife","floor":14,"turns":3},{"damage":17,"enemies":"The Guardian","floor":16,"turns":14},{"damage":2,"enemies":"Shell Parasite","floor":18,"turns":7},{"damage":22,"enemies":"2 Thieves","floor":22,"turns":5},{"damage":15,"enemies":"Book of Stabbing","floor":25,"turns":5},{"damage":6,"enemies":"3 Cultists","floor":28,"turns":3},{"damage":2,"enemies":"Chosen and Byrds","floor":31,"turns":10},{"damage":48,"enemies":"Collector","floor":33,"turns":14},{"damage":0,"enemies":"3 Shapes","floor":35,"turns":6},{"damage":0,"enemies":"Orb Walker","floor":36,"turns":6},{"damage":20,"enemies":"Nemesis","floor":40,"turns":14},{"damage":53,"enemies":"Transient","floor":41,"turns":5}],"seed_played":"5783694153537551250","potions_obtained":[{"floor":1,"key":"SpeedPotion"},{"floor":11,"key":"Regen Potion"},{"floor":14,"key":"SteroidPotion"},{"floor":18,"key":"LiquidBronze"},{"floor":28,"key":"AttackPotion"}],"is_trial":false,"path_per_floor":["M","M","$","M","?","R","E","R","T","?","M","E","R","M","R","B",null,"M","?","$","?","M","R","$","E","T","R","M","R","?","M","R","B",null,"M","M","$","?","?","E","M"],"character_chosen":"DEFECT","items_purchased":["Capacitor","Sling"],"campfire_rested":4,"item_purchase_floors":[37,37],"current_hp_per_floor":[59,55,55,53,42,67,49,49,49,49,32,6,31,31,31,14,67,65,65,65,65,43,43,43,28,28,53,47,47,47,45,70,22,69,69,69,69,69,69,49,0],"gold":41,"neow_bonus":"TWENTY_PERCENT_HP_BONUS","is_prod":false,"is_daily":false,"chose_seed":false,"campfire_upgraded":3,"win_rate":0,"timestamp":1562178684,"path_taken":["M","M","?","M","?","R","E","R","T","?","M","E","R","?","R","BOSS","M","?","$","?","M","R","$","E","T","R","?","R","?","?","R","BOSS","M","?","$","?","?","E","?"],"build_version":"2019-06-30","purchased_purges":3,"victory":false,"max_hp_per_floor":[85,85,85,85,85,85,85,85,85,85,85,85,85,85,85,85,85,85,85,85,85,85,85,85,85,85,85,85,85,85,85,85,85,85,85,85,85,81,81,81,81],"card_choices":[{"not_picked":["Hologram","Redo"],"picked":"Gash","floor":1},{"not_picked":["Sweeping Beam","Cold Snap"],"picked":"Gash","floor":2},{"not_picked":["Redo","Stack"],"picked":"Cold Snap","floor":4},{"not_picked":["Rebound","Hyperbeam"],"picked":"Reinforced Body","floor":7},{"not_picked":["Stack","Ball Lightning"],"picked":"Go for the Eyes","floor":11},{"not_picked":["Hello World","Tempest"],"picked":"Hologram","floor":12},{"not_picked":["Rebound","Stack+1"],"picked":"Reinforced Body+1","floor":14},{"not_picked":["Rainbow+1","Amplify+1"],"picked":"Electrodynamics","floor":16},{"not_picked":["Streamline","Reprogram+1"],"picked":"Turbo+1","floor":18},{"not_picked":["Compile Driver","Loop"],"picked":"Static Discharge","floor":22},{"not_picked":["Go for the Eyes","Compile Driver"],"picked":"Coolheaded+1","floor":25},{"not_picked":["Barrage","Redo+1"],"picked":"Chaos+1","floor":27},{"not_picked":["Sweeping Beam","Beam Cell+1"],"picked":"Coolheaded+1","floor":28},{"not_picked":["Self Repair","Cold Snap"],"picked":"Coolheaded+1","floor":31},{"not_picked":["Leap+1","Sweeping Beam","Compile Driver"],"picked":"SKIP","floor":35},{"not_picked":["Stack+1","Undo+1"],"picked":"Conserve Battery+1","floor":36},{"not_picked":["Streamline","Meteor Strike","Melter"],"picked":"SKIP","floor":40}],"player_experience":1799823,"relics_obtained":[{"floor":7,"key":"FossilizedHelix"},{"floor":9,"key":"Peace Pipe"},{"floor":10,"key":"Oddly Smooth Stone"},{"floor":12,"key":"Toxic Egg 2"},{"floor":25,"key":"Dream Catcher"},{"floor":26,"key":"Bag of Marbles"},{"floor":40,"key":"Kunai"}],"event_choices":[{"damage_healed":0,"gold_gain":75,"player_choice":"Gather Gold","damage_taken":11,"max_hp_gain":0,"max_hp_loss":0,"event_name":"World of Goop","floor":5,"gold_loss":0},{"damage_healed":0,"gold_gain":0,"player_choice":"Relic","damage_taken":0,"max_hp_gain":0,"max_hp_loss":0,"event_name":"Wheel of Change","floor":10,"gold_loss":0},{"damage_healed":0,"gold_gain":0,"player_choice":"Ignored","damage_taken":0,"max_hp_gain":0,"max_hp_loss":0,"event_name":"Ghosts","floor":19,"gold_loss":0},{"damage_healed":0,"gold_gain":0,"player_choice":"Upgraded","damage_taken":0,"max_hp_gain":0,"max_hp_loss":0,"event_name":"Upgrade Shrine","floor":21,"gold_loss":0,"cards_upgraded":["Reinforced Body"]},{"damage_healed":0,"gold_gain":100,"player_choice":"Bet on Murderer","damage_taken":0,"max_hp_gain":0,"max_hp_loss":0,"event_name":"The Joust","floor":30,"gold_loss":50},{"damage_healed":0,"gold_gain":0,"player_choice":"Max HP","damage_taken":0,"max_hp_gain":0,"max_hp_loss":4,"event_name":"Winding Halls","floor":38,"gold_loss":0},{"damage_healed":0,"gold_gain":0,"player_choice":"Got Potions","damage_taken":0,"max_hp_gain":0,"max_hp_loss":0,"event_name":"Lab","floor":39,"gold_loss":0}],"is_beta":true,"boss_relics":[{"not_picked":["Lizard Tail","Busted Crown"],"picked":"Runic Pyramid"},{"not_picked":["Astrolabe","FrozenCore"],"picked":"Sozu"}],"items_purged_floors":[3,20,24],"is_endless":false,"potions_floor_spawned":[1,11,14,18,28],"killed_by":"Transient","ascension_level":20}