{"gold_per_floor":[114,132,132,149,7,7,36,36,36,36,36,36,36,57,57,181,244,265,165,165,188,11,11,11],"floor_reached":24,"playtime":977,"items_purged":["Strike_B","Strike_B","Defend_B"],"score":298,"play_id":"6381b79e-00fe-4ae3-bf79-b5e819a739bd","local_time":"20190802122922","is_ascension_mode":true,"campfire_choices":[{"data":"Zap","floor":6,"key":"SMITH"},{"floor":8,"key":"REST"},{"data":"Dualcast","floor":13,"key":"SMITH"},{"data":"Conserve Battery","floor":15,"key":"SMITH"},{"data":"Barrage","floor":23,"key":"SMITH"}],"neow_cost":"TEN_PERCENT_HP_LOSS","seed_source_timestamp":291388251131579,"circlet_count":0,"master_deck":["AscendersBane","Strike_B","Strike_B+1","Defend_B+1","Zap+1","Dualcast+1","Conserve Battery+1","Self Repair","Capacitor","Capacitor","Gash","Reboot","Ball Lightning","Force Field+1","Force Field","Barrage+1"],"relics":["Cracked Core","Mercury Hourglass","DataDisk","Golden Idol","Tiny House"],"potions_floor_usage":[14,16,16,21,24],"damage_taken":[{"damage":9,"enemies":"Jaw Worm","floor":1,"turns":3},{"damage":8,"enemies":"Small Slimes","floor":2,"turns":4},{"damage":0,"enemies":"Cultist","floor":4,"turns":4},{"damage":52,"enemies":"Gremlin Nob","floor":7,"turns":5},{"damage":5,"enemies":"Gremlin Gang","floor":14,"turns":2},{"damage":48,"enemies":"Hexaghost","floor":16,"turns":9},{"damage":33,"enemies":"Shell Parasite","floor":18,"turns":5},{"damage":2,"enemies":"Chosen","floor":21,"turns":4},{"damage":50,"enemies":"Book of Stabbing","floor":24,"turns":5}],"seed_played":"6336107150143125291","potions_obtained":[{"floor":2,"key":"GamblersBrew"},{"floor":7,"key":"Explosive Potion"},{"floor":14,"key":"Strength Potion"},{"floor":17,"key":"Explosive Potion"},{"floor":18,"key":"Ancient Potion"}],"is_trial":false,"path_per_floor":["M","M","?","M","$","R","E","R","T","?","$","?","R","M","R","B",null,"M","$","?","M","$","R","E"],"character_chosen":"DEFECT","items_purchased":["Capacitor","Barrage"],"campfire_rested":1,"item_purchase_floors":[5,22],"current_hp_per_floor":[59,51,56,63,63,63,18,39,39,21,21,73,73,73,73,32,68,42,42,42,47,47,47,0],"gold":11,"neow_bonus":"REMOVE_TWO","is_prod":false,"is_daily":false,"chose_seed":false,"campfire_upgraded":4,"win_rate":0,"timestamp":1564716562,"path_taken":["M","M","?","M","$","R","E","R","T","?","$","?","R","M","R","BOSS","M","$","?","M","$","R","E"],"build_version":"2019-07-17","purchased_purges":3,"victory":false,"max_hp_per_floor":[68,68,73,73,73,73,73,73,73,73,73,73,73,73,73,73,78,78,78,78,78,78,78,78],"card_choices":[{"not_picked":["Barrage","Genetic Algorithm"],"picked":"Conserve Battery","floor":1},{"not_picked":["Consume","Reinforced Body"],"picked":"Self Repair","floor":2},{"not_picked":["Fusion","Stack","Beam Cell"],"picked":"SKIP","floor":4},{"not_picked":["Go for the Eyes","Steam Power"],"picked":"Capacitor","floor":7},{"not_picked":["Double Energy","Steam"],"picked":"Gash","floor":14},{"not_picked":["Buffer","Hyperbeam"],"picked":"Reboot","floor":16},{"not_picked":["Leap","Sweeping Beam"],"picked":"Ball Lightning","floor":17},{"not_picked":["Reprogram","Fusion"],"picked":"Force Field+1","floor":18},{"not_picked":["FTL","Fusion"],"picked":"Force Field","floor":21}],"player_experience":202583,"relics_obtained":[{"floor":7,"key":"Mercury Hourglass"},{"floor":9,"key":"DataDisk"}],"event_choices":[{"damage_healed":0,"gold_gain":0,"player_choice":"Donut","damage_taken":0,"max_hp_gain":5,"max_hp_loss":0,"event_name":"Big Fish","floor":3,"gold_loss":0},{"damage_healed":0,"gold_gain":0,"player_choice":"Take Damage","damage_taken":18,"relics_obtained":["Golden Idol"],"max_hp_gain":0,"max_hp_loss":0,"event_name":"Golden Idol","floor":10,"gold_loss":0},{"damage_healed":52,"gold_gain":0,"player_choice":"Full Heal","damage_taken":0,"max_hp_gain":0,"max_hp_loss":0,"event_name":"Wheel of Change","floor":12,"gold_loss":0},{"damage_healed":0,"gold_gain":0,"player_choice":"Upgraded","damage_taken":0,"max_hp_gain":0,"max_hp_loss":0,"event_name":"Upgrade Shrine","floor":20,"gold_loss":0,"cards_upgraded":["Defend_B"]}],"is_beta":false,"boss_relics":[{"not_picked":["Eternal Feather","Ectoplasm"],"picked":"Tiny House"}],"items_purged_floors":[5,19,22],"is_endless":false,"potions_floor_spawned":[2,7,14,18],"killed_by":"Book of Stabbing","ascension_level":11}