{"gold_per_floor":[109,34,47,47,60,93,93,108,131,131],"floor_reached":10,"playtime":271,"items_purged":[],"score":136,"play_id":"2a6801d8-7729-4f18-9d9a-32178c83cc16","local_time":"20190810155546","is_ascension_mode":true,"campfire_choices":[],"neow_cost":"NONE","seed_source_timestamp":242716131555,"circlet_count":0,"master_deck":["AscendersBane","Strike_B","Strike_B","Strike_B","Defend_B","Defend_B","Defend_B","Defend_B","Zap","Dualcast+1","Cold Snap","Leap","Self Repair","Glacier+1","Loop"],"relics":["Cracked Core","NeowsBlessing","CultistMask","Omamori","Strawberry"],"potions_floor_usage":[6],"damage_taken":[{"damage":0,"enemies":"Jaw Worm","floor":1,"turns":1},{"damage":0,"enemies":"2 Louse","floor":3,"turns":1},{"damage":0,"enemies":"Cultist","floor":5,"turns":1},{"damage":30,"enemies":"3 Sentries","floor":6,"turns":10},{"damage":0,"enemies":"2 Fungi Beasts","floor":8,"turns":5},{"damage":39,"enemies":"Gremlin Nob","floor":10,"turns":4}],"seed_played":"5200102617479287307","potions_obtained":[{"floor":3,"key":"PowerPotion"},{"floor":6,"key":"Dexterity Potion"}],"is_trial":false,"path_per_floor":["M","?","M","?","M","E","?","M","T","E"],"character_chosen":"DEFECT","items_purchased":[],"campfire_rested":0,"item_purchase_floors":[],"current_hp_per_floor":[64,64,64,64,64,41,20,27,34,0],"gold":131,"neow_bonus":"THREE_ENEMY_KILL","is_prod":false,"is_daily":false,"chose_seed":false,"campfire_upgraded":0,"win_rate":0,"timestamp":1565445346,"path_taken":["M","?","M","?","?","E","?","M","T","E"],"build_version":"2019-07-18","purchased_purges":0,"victory":false,"max_hp_per_floor":[71,71,71,71,71,71,71,71,78,78],"card_choices":[{"not_picked":["Scrape","Leap"],"picked":"Cold Snap","floor":1},{"not_picked":["Hologram","Barrage"],"picked":"Leap","floor":3},{"not_picked":["Compile Driver","Sweeping Beam"],"picked":"Self Repair","floor":5},{"not_picked":["Lockon","Self Repair"],"picked":"Glacier","floor":6},{"not_picked":["Redo","Barrage"],"picked":"Loop","floor":8}],"player_experience":1972859,"relics_obtained":[{"floor":6,"key":"Omamori"},{"floor":9,"key":"Strawberry"}],"event_choices":[{"cards_removed":["Strike_B"],"damage_healed":0,"gold_gain":0,"player_choice":"Card Removal","damage_taken":0,"max_hp_gain":0,"max_hp_loss":0,"event_name":"The Cleric","floor":2,"gold_loss":75},{"damage_healed":0,"gold_gain":0,"player_choice":"Trade","damage_taken":0,"relics_obtained":["CultistMask"],"max_hp_gain":0,"max_hp_loss":0,"event_name":"FaceTrader","floor":4,"gold_loss":0},{"damage_healed":0,"gold_gain":0,"player_choice":"Entered Light","damage_taken":21,"max_hp_gain":0,"max_hp_loss":0,"event_name":"Shining Light","floor":7,"gold_loss":0,"cards_upgraded":["Glacier","Dualcast"]}],"is_beta":true,"boss_relics":[],"items_purged_floors":[],"is_endless":false,"potions_floor_spawned":[3,6],"killed_by":"Gremlin Nob","ascension_level":20}