{"gold_per_floor":[116,116,128,128,146,146,176,187,187,187,198,198,224,244,244,345,345,360,375,394,411,336,336,10,36,36,36,46,66,66,82,82,185,185,205,205,220,17,117,117,146,161,237,237,257,271,271,285,285,285],"floor_reached":51,"playtime":4635,"items_purged":["Strike_B","Strike_B","Strike_B"],"score":1066,"play_id":"cc916a82-6cf5-4882-9a2a-0b60aeaf2c83","local_time":"20190802134820","is_ascension_mode":true,"campfire_choices":[{"floor":6,"key":"REST"},{"data":"Loop","floor":10,"key":"SMITH"},{"data":"Glacier","floor":12,"key":"SMITH"},{"data":"Coolheaded","floor":15,"key":"SMITH"},{"data":"Amplify","floor":23,"key":"SMITH"},{"floor":27,"key":"REST"},{"floor":30,"key":"REST"},{"floor":32,"key":"REST"},{"data":"Defragment","floor":40,"key":"SMITH"},{"data":"Capacitor","floor":44,"key":"SMITH"},{"data":"Defend_B","floor":47,"key":"SMITH"},{"data":"Defend_B","floor":49,"key":"SMITH"}],"neow_cost":"NONE","seed_source_timestamp":292460958344151,"circlet_count":0,"master_deck":["AscendersBane","Strike_B","Defend_B","Defend_B+1","Defend_B+1","Zap","Dualcast","Self Repair","Loop+1","Coolheaded+1","Compile Driver","Glacier+1","Self Repair","Blizzard+1","Compile Driver+1","Amplify+1","Sunder+1","Fusion","Gash+1","Thunder Strike+1","Gash+1","All For One+1","Hyperbeam+1","Defragment+1","Capacitor+1","Glacier+1","Barrage+1","Loop+1"],"relics":["Snecko Eye","Gambling Chip","Dodecahedron","Molten Egg 2","Orrery","DataDisk","Incense Burner","The Courier","Philosopher\u0027s Stone","Blood Vial","Pear"],"potions_floor_usage":[1,13,18,19,19,41,41,42,50,50],"damage_taken":[{"damage":13,"enemies":"Jaw Worm","floor":1,"turns":4},{"damage":14,"enemies":"Cultist","floor":3,"turns":5},{"damage":9,"enemies":"2 Louse","floor":5,"turns":3},{"damage":18,"enemies":"Lagavulin","floor":7,"turns":8},{"damage":5,"enemies":"2 Fungi Beasts","floor":8,"turns":3},{"damage":0,"enemies":"Exordium Wildlife","floor":11,"turns":3},{"damage":19,"enemies":"3 Sentries","floor":13,"turns":9},{"damage":10,"enemies":"Exordium Thugs","floor":14,"turns":6},{"damage":60,"enemies":"Hexaghost","floor":16,"turns":15},{"damage":42,"enemies":"2 Thieves","floor":18,"turns":4},{"damage":21,"enemies":"3 Byrds","floor":19,"turns":10},{"damage":12,"enemies":"Snake Plant","floor":20,"turns":4},{"damage":6,"enemies":"Centurion and Healer","floor":21,"turns":6},{"damage":22,"enemies":"Book of Stabbing","floor":25,"turns":7},{"damage":38,"enemies":"Shelled Parasite and Fungi","floor":28,"turns":6},{"damage":32,"enemies":"Cultist and Chosen","floor":29,"turns":8},{"damage":7,"enemies":"Centurion and Healer","floor":31,"turns":5},{"damage":18,"enemies":"Automaton","floor":33,"turns":8},{"damage":36,"enemies":"3 Darklings","floor":35,"turns":4},{"damage":4,"enemies":"3 Shapes","floor":37,"turns":3},{"damage":0,"enemies":"Reptomancer","floor":41,"turns":3},{"damage":12,"enemies":"Jaw Worm Horde","floor":42,"turns":2},{"damage":0,"enemies":"3 Darklings","floor":45,"turns":5},{"damage":19,"enemies":"Spire Growth","floor":46,"turns":6},{"damage":0,"enemies":"Sphere and 2 Shapes","floor":48,"turns":1},{"damage":71,"enemies":"Donu and Deca","floor":50,"turns":12}],"seed_played":"1167352286212504099","potions_obtained":[{"floor":1,"key":"Fruit Juice"},{"floor":5,"key":"Explosive Potion"},{"floor":13,"key":"EssenceOfSteel"},{"floor":16,"key":"Weak Potion"},{"floor":18,"key":"Poison Potion"},{"floor":28,"key":"FearPotion"},{"floor":29,"key":"FearPotion"},{"floor":41,"key":"Energy Potion"},{"floor":45,"key":"Poison Potion"},{"floor":46,"key":"AttackPotion"},{"floor":48,"key":"EssenceOfSteel"}],"is_trial":false,"path_per_floor":["M","?","M","?","M","R","E","M","T","R","M","R","E","M","R","B",null,"M","M","M","M","$","R","$","E","T","R","M","M","R","M","R","B",null,"M","?","M","$","?","R","E","M","T","R","M","M","R","M","R","B",null],"character_chosen":"DEFECT","items_purchased":["Thunder Strike+1","DataDisk","Defragment","Explosive Potion"],"campfire_rested":4,"item_purchase_floors":[24,24,38,38],"current_hp_per_floor":[60,60,53,53,51,75,64,66,66,66,73,73,68,72,72,26,67,25,25,34,42,42,42,42,34,34,58,48,30,54,54,78,74,79,43,43,46,46,46,46,67,57,67,67,76,80,80,82,82,27],"gold":285,"neow_bonus":"BOSS_RELIC","is_prod":false,"is_daily":false,"chose_seed":false,"campfire_upgraded":8,"win_rate":0,"timestamp":1564721300,"path_taken":["M","?","M","?","M","R","E","M","T","R","M","R","E","M","R","BOSS","M","M","M","M","$","R","?","E","T","R","?","M","R","M","R","BOSS","M","?","M","$","?","R","E","M","T","R","M","M","R","M","R","BOSS"],"build_version":"2019-07-17","purchased_purges":3,"victory":true,"max_hp_per_floor":[80,80,80,80,80,80,80,80,80,80,80,80,80,80,80,80,80,80,80,80,80,80,80,80,80,80,80,80,80,80,80,80,80,80,80,76,76,76,76,76,76,76,86,86,86,86,86,86,86,86],"card_choices":[{"not_picked":["Gash","Leap"],"picked":"Self Repair","floor":1},{"not_picked":["Compile Driver","Turbo"],"picked":"Loop","floor":3},{"not_picked":["Beam Cell","Compile Driver","Conserve Battery"],"picked":"SKIP","floor":5},{"not_picked":["Stack","Static Discharge"],"picked":"Compile Driver","floor":7},{"not_picked":["FTL","Lockon"],"picked":"Glacier","floor":8},{"not_picked":["Barrage","Undo"],"picked":"Self Repair","floor":11},{"not_picked":["Core Surge","Reboot"],"picked":"Blizzard","floor":13},{"not_picked":["Barrage+1","Turbo"],"picked":"Compile Driver+1","floor":14},{"not_picked":["Biased Cognition","Fission"],"picked":"Amplify","floor":16},{"not_picked":["Turbo","Compile Driver+1"],"picked":"Sunder+1","floor":17},{"not_picked":["Fission","Redo"],"picked":"Fusion","floor":18},{"not_picked":["Sweeping Beam+1","Coolheaded","Auto Shields"],"picked":"SKIP","floor":19},{"not_picked":["Sweeping Beam+1","Steam","Turbo"],"picked":"SKIP","floor":20},{"not_picked":["Barrage+1","Rebound+1"],"picked":"Gash+1","floor":21},{"not_picked":["Ball Lightning+1","Steam+1"],"picked":"Gash+1","floor":25},{"not_picked":["Turbo","Hologram"],"picked":"All For One+1","floor":28},{"not_picked":["Leap+1","Hologram","Cold Snap+1"],"picked":"SKIP","floor":29},{"not_picked":["Sweeping Beam+1","Coolheaded","Leap"],"picked":"SKIP","floor":31},{"not_picked":["Fission","Rainbow"],"picked":"Hyperbeam+1","floor":33},{"not_picked":["Steam","Melter+1","Barrage+1"],"picked":"SKIP","floor":35},{"not_picked":["Steam Power+1","Rebound+1","Coolheaded+1"],"picked":"SKIP","floor":37},{"not_picked":["Hologram","Rebound+1"],"picked":"Capacitor","floor":41},{"not_picked":["Hologram","Go for the Eyes+1","Stack"],"picked":"SKIP","floor":42},{"not_picked":["Coolheaded","Turbo+1"],"picked":"Glacier+1","floor":45},{"not_picked":["Ball Lightning+1","Rainbow"],"picked":"Barrage+1","floor":46},{"not_picked":["Cold Snap+1","Barrage+1"],"picked":"Loop+1","floor":48}],"player_experience":203560,"relics_obtained":[{"floor":7,"key":"Gambling Chip"},{"floor":9,"key":"Dodecahedron"},{"floor":13,"key":"Molten Egg 2"},{"floor":25,"key":"Incense Burner"},{"floor":26,"key":"The Courier"},{"floor":41,"key":"Blood Vial"},{"floor":43,"key":"Pear"}],"event_choices":[{"damage_healed":0,"gold_gain":0,"player_choice":"Ignored","damage_taken":0,"max_hp_gain":0,"max_hp_loss":0,"event_name":"Liars Game","floor":2,"gold_loss":0},{"damage_healed":0,"gold_gain":0,"cards_transformed":["Defend_B"],"player_choice":"Transformed","damage_taken":0,"max_hp_gain":0,"max_hp_loss":0,"event_name":"Transmorgrifier","floor":4,"gold_loss":0,"cards_obtained":["Coolheaded"]},{"damage_healed":0,"gold_gain":0,"player_choice":"Max HP","damage_taken":0,"max_hp_gain":0,"max_hp_loss":4,"event_name":"Winding Halls","floor":36,"gold_loss":0},{"damage_healed":0,"gold_gain":100,"player_choice":"Pray","damage_taken":0,"max_hp_gain":0,"max_hp_loss":0,"event_name":"Golden Shrine","floor":39,"gold_loss":0}],"is_beta":false,"boss_relics":[{"not_picked":["Ectoplasm","Tiny House"],"picked":"Orrery"},{"not_picked":["White Beast Statue","Runic Pyramid"],"picked":"Philosopher\u0027s Stone"}],"items_purged_floors":[22,24,38],"is_endless":false,"potions_floor_spawned":[1,5,13,16,18,28,29,41,45,46,48],"ascension_level":11}