{"gold_per_floor":[111,111,129,32,32,62,62,94,94,94,107,121,121,137,137,267,267,292,292,291,144,167,167,211,211,211,98,98,98,23,36,36,156,156,171,191,247,87,87,87,107,107,132,257,257,271,42,66,66,66,66,66,18,18],"floor_reached":54,"playtime":4162,"items_purged":["Strike_Br","Strike_Br","Strike_Br","Strike_Br"],"score":713,"play_id":"49c49059-5b82-40e6-a061-57c3fb660cd1","local_time":"20190731071932","is_ascension_mode":false,"campfire_choices":[{"data":"SecondHand","floor":7,"key":"SMITH"},{"floor":13,"key":"REST"},{"data":"Echoward","floor":15,"key":"SMITH"},{"data":"Accruing","floor":23,"key":"SMITH"},{"data":"Defend_Br","floor":25,"key":"SMITH"},{"data":"Defend_Br","floor":29,"key":"SMITH"},{"data":"RageCommand","floor":32,"key":"SMITH"},{"data":"Fragmentalize","floor":40,"key":"SMITH"},{"floor":42,"key":"RECALL"},{"data":"LockedAnchor","floor":45,"key":"SMITH"},{"floor":49,"key":"REST"},{"data":"WatchCommand","floor":52,"key":"SMITH"}],"neow_cost":"PERCENT_DAMAGE","seed_source_timestamp":96805345964384,"circlet_count":0,"master_deck":["Defend_Br+1","Defend_Br+1","Defend_Br+1","SecondHand+1","PatternShift","LockedWhetstone","HandsUpB","LockedAnchor+1","BlueShift","Stagnate+1","HandsUpB","LockedAnchor+1","Echoward+1","Accruing+1","RageCommand+1","VestedLegacy+1","BlueShift","LockedAnchor","BlueShift","LockedAnchor","Fragmentalize+1","Echoward+1","LockedAnchor","BiteCommand+1","Echoward+1","HandsUpB+1","TickedOff+1","WatchCommand+1"],"relics":["Chronometer","Pocketwatch","Letter Opener","Juzu Bracelet","Blood Vial","Golden Idol","White Beast Statue","Happy Flower","MawBank","Orrery","CatCart","HeavySwitch"],"potions_floor_usage":[14,20,20,37,50,54],"damage_taken":[{"damage":3,"enemies":"Cultist","floor":1,"turns":5},{"damage":2,"enemies":"Jaw Worm","floor":3,"turns":6},{"damage":8,"enemies":"3 Sentries","floor":6,"turns":10},{"damage":17,"enemies":"Lagavulin","floor":8,"turns":11},{"damage":0,"enemies":"2 Louse","floor":11,"turns":3},{"damage":6,"enemies":"Exordium Thugs","floor":12,"turns":6},{"damage":0,"enemies":"3 Louse","floor":14,"turns":3},{"damage":1,"enemies":"Hexaghost","floor":16,"turns":7},{"damage":3,"enemies":"Chosen","floor":18,"turns":7},{"damage":0,"enemies":"2 Thieves","floor":20,"turns":4},{"damage":0,"enemies":"Snecko","floor":22,"turns":5},{"damage":0,"enemies":"Book of Stabbing","floor":24,"turns":6},{"damage":1,"enemies":"Colosseum Slavers","floor":28,"turns":6},{"damage":0,"enemies":"3 Cultists","floor":31,"turns":4},{"damage":7,"enemies":"Automaton","floor":33,"turns":9},{"damage":0,"enemies":"3 Shapes","floor":35,"turns":3},{"damage":0,"enemies":"Orb Walker","floor":36,"turns":3},{"damage":11,"enemies":"Orin","floor":37,"turns":8},{"damage":0,"enemies":"Maw","floor":41,"turns":7},{"damage":0,"enemies":"Mind Bloom Boss Battle","floor":44,"turns":4},{"damage":0,"enemies":"Transient","floor":46,"turns":5},{"damage":21,"enemies":"Jaw Worm Horde","floor":48,"turns":3},{"damage":32,"enemies":"Donu and Deca","floor":50,"turns":11},{"damage":60,"enemies":"Shield and Spear","floor":54,"turns":5}],"seed_played":"-7887614839447367422","potions_obtained":[{"floor":6,"key":"LiquidBronze"},{"floor":8,"key":"SteroidPotion"},{"floor":12,"key":"Fire Potion"},{"floor":16,"key":"Strength Potion"},{"floor":20,"key":"Ancient Potion"},{"floor":22,"key":"Strength Potion"},{"floor":31,"key":"EssenceOfSteel"},{"floor":33,"key":"SteroidPotion"},{"floor":37,"key":"Ancient Potion"},{"floor":41,"key":"WardPotion"},{"floor":46,"key":"Swift Potion"}],"is_trial":false,"path_per_floor":["M","?","M","$","?","E","R","E","T","?","M","M","R","M","R","B",null,"M","?","M","$","M","R","E","R","T","$","?","R","?","M","R","B",null,"M","M","?","$","?","R","M","R","T","?","R","M","$","M","R","B",null,"R","$","E"],"character_chosen":"CHRONO_CLASS","items_purchased":["LockedAnchor","BlueShift","BlueShift","LockedAnchor","BlueShift","TickedOff","WatchCommand","Energy Potion"],"campfire_rested":2,"item_purchase_floors":[4,4,21,21,27,38,47,53],"current_hp_per_floor":[44,44,42,42,29,21,21,4,4,4,6,2,20,22,22,23,60,57,57,59,59,60,60,60,60,60,60,59,59,59,60,60,53,60,60,60,49,49,49,49,51,51,51,53,53,55,55,36,54,24,60,60,60,0],"gold":18,"neow_bonus":"ONE_RARE_RELIC","is_prod":false,"is_daily":false,"chose_seed":false,"campfire_upgraded":9,"win_rate":0.0,"timestamp":1564525172,"path_taken":["M","?","M","$","?","E","R","E","T","?","M","M","R","M","R","BOSS","M","?","M","$","M","R","E","R","T","?","?","R","?","M","R","BOSS","M","M","?","$","?","R","M","R","T","?","R","M","$","M","R","BOSS","R","$","E"],"build_version":"2019-07-17","purchased_purges":4,"victory":false,"max_hp_per_floor":[65,65,65,65,65,65,65,65,65,60,60,60,60,60,60,60,60,60,60,60,60,60,60,60,60,60,60,60,60,60,60,60,60,60,60,60,60,60,60,60,60,60,60,60,60,60,60,60,60,60,60,60,60,60],"card_choices":[{"not_picked":["LockedMedicine","WindUp"],"picked":"LockedWhetstone","floor":1},{"not_picked":["Break","Stagnate"],"picked":"HandsUpB","floor":3},{"not_picked":["SlimeSpray","LockedTurtyl"],"picked":"Stagnate","floor":6},{"not_picked":["LockedMawBank","CrunchTime"],"picked":"HandsUpB","floor":8},{"not_picked":["Goo","CrunchTime"],"picked":"LockedAnchor","floor":11},{"not_picked":["LockedUrn","Goo"],"picked":"Echoward","floor":12},{"not_picked":["BiteCommand","LockedPlans"],"picked":"Accruing","floor":14},{"not_picked":["Flay","LockedAstrolabe"],"picked":"RageCommand","floor":16},{"not_picked":["CrunchTime","ExoVibe+1"],"picked":"VestedLegacy+1","floor":18},{"not_picked":["Engulf","Echoward","PrimeTime+1"],"picked":"SKIP","floor":20},{"not_picked":["Parity","LockedScales+1","HandsUpC"],"picked":"SKIP","floor":22},{"not_picked":["Engulf","ExoVibe","BiteCommand"],"picked":"SKIP","floor":24},{"not_picked":["Tempo+1","Echonomics"],"picked":"LockedAnchor","floor":31},{"not_picked":["LockedFlame","LockedAstrolabe"],"picked":"Fragmentalize","floor":33},{"not_picked":["Analog+1","HandsUpC"],"picked":"Echoward+1","floor":34},{"not_picked":["LockedMercury","ReapSow"],"picked":"LockedAnchor","floor":34},{"not_picked":["TiringSlam","Parity+1"],"picked":"BiteCommand+1","floor":34},{"not_picked":["LockedMercury+1","TiringSlam"],"picked":"Echoward+1","floor":35},{"not_picked":["RageCommand","BeatsPerMinute+1","Parity+1"],"picked":"SKIP","floor":36},{"not_picked":["ReapSow+1","Break"],"picked":"HandsUpB+1","floor":37},{"not_picked":["LockedTurtyl+1","Stagnate","Engulf+1"],"picked":"SKIP","floor":41},{"not_picked":["BiteCommand+1","WindUp","LockedMawBank"],"picked":"SKIP","floor":46},{"not_picked":["LockedScales","DaylightSavings+1","Parity"],"picked":"SKIP","floor":48}],"player_experience":212948,"relics_obtained":[{"floor":6,"key":"Letter Opener"},{"floor":8,"key":"Juzu Bracelet"},{"floor":9,"key":"Blood Vial"},{"floor":24,"key":"Happy Flower"},{"floor":26,"key":"MawBank"},{"floor":37,"key":"CatCart"},{"floor":44,"key":"HeavySwitch"}],"event_choices":[{"damage_healed":0,"gold_gain":0,"player_choice":"Ignored","damage_taken":0,"max_hp_gain":0,"max_hp_loss":0,"event_name":"Liars Game","floor":2,"gold_loss":0},{"damage_healed":0,"gold_gain":0,"player_choice":"Entered Light","damage_taken":13,"max_hp_gain":0,"max_hp_loss":0,"event_name":"Shining Light","floor":5,"gold_loss":0,"cards_upgraded":["LockedAnchor","Defend_Br"]},{"damage_healed":0,"gold_gain":0,"player_choice":"Lose Max HP","damage_taken":0,"relics_obtained":["Golden Idol"],"max_hp_gain":0,"max_hp_loss":5,"event_name":"Golden Idol","floor":10,"gold_loss":0},{"damage_healed":0,"gold_gain":0,"player_choice":"Fight","damage_taken":0,"max_hp_gain":0,"max_hp_loss":0,"event_name":"Colosseum","floor":28,"gold_loss":0},{"damage_healed":0,"gold_gain":0,"player_choice":"Fled From Nobs","damage_taken":0,"max_hp_gain":0,"max_hp_loss":0,"event_name":"Colosseum","floor":28,"gold_loss":0},{"cards_removed":["Defend_Br"],"damage_healed":0,"gold_gain":0,"player_choice":"Gave Gold","damage_taken":0,"max_hp_gain":0,"max_hp_loss":0,"event_name":"Beggar","floor":30,"gold_loss":75},{"damage_healed":0,"gold_gain":0,"player_choice":"Fight","damage_taken":0,"max_hp_gain":0,"max_hp_loss":0,"event_name":"OrinTheCat","floor":37,"gold_loss":0},{"damage_healed":0,"gold_gain":0,"player_choice":"Forge","damage_taken":0,"max_hp_gain":0,"max_hp_loss":0,"event_name":"Accursed Blacksmith","floor":39,"gold_loss":0,"cards_upgraded":["TickedOff"]},{"damage_healed":0,"gold_gain":0,"player_choice":"Fight","damage_taken":0,"max_hp_gain":0,"max_hp_loss":0,"event_name":"MindBloom","floor":44,"gold_loss":0}],"is_beta":false,"boss_relics":[{"not_picked":["Ectoplasm","HangingClock"],"picked":"White Beast Statue"},{"not_picked":["Black Star","Coffee Dripper"],"picked":"Orrery"}],"items_purged_floors":[21,27,38,47],"is_endless":false,"potions_floor_spawned":[6,8,12,16,18,20,22,24,28,31,33,35,36,37,41,44,46,48],"killed_by":"Shield and Spear","ascension_level":0}