{"gold_per_floor":[116,128,148,27,42,72,72,102,184,247,247,278,25,39,39,116,116,126,126,6,6,25,25,25],"floor_reached":24,"playtime":841,"items_purged":["Strike_B"],"score":448,"play_id":"35489fde-c360-4957-ba14-9094f5aa2cf3","local_time":"20190622014029","is_ascension_mode":true,"campfire_choices":[{"floor":7,"key":"REST"},{"data":"Loop","floor":11,"key":"SMITH"},{"floor":15,"key":"REST"},{"data":"Coolheaded","floor":23,"key":"SMITH"}],"neow_cost":"NONE","seed_source_timestamp":12024608235739,"circlet_count":0,"master_deck":["AscendersBane","Strike_B","Strike_B","Strike_B","Defend_B","Defend_B","Defend_B","Defend_B","Zap+1","Dualcast","Compile Driver","Ball Lightning","Glacier","Loop+1","Chill","Biased Cognition","Auto Shields","Self Repair","Coolheaded+1","Core Surge"],"special_seed":0,"relics":["Cracked Core","Blood Vial","Turnip","Pear","Tiny Chest","The Courier","Happy Flower","Black Star","Regal Pillow"],"potions_floor_usage":[6,8,12,16,16],"damage_taken":[{"damage":2.0,"enemies":"Jaw Worm","floor":1.0,"turns":3.0},{"damage":0.0,"enemies":"Cultist","floor":2.0,"turns":3.0},{"damage":15.0,"enemies":"2 Louse","floor":3.0,"turns":3.0},{"damage":13,"enemies":"Exordium Thugs","floor":5,"turns":5},{"damage":9,"enemies":"Gremlin Nob","floor":6,"turns":3},{"damage":19,"enemies":"Lagavulin","floor":8,"turns":7},{"damage":4,"enemies":"3 Sentries","floor":10,"turns":9},{"damage":27,"enemies":"Gremlin Nob","floor":12,"turns":4},{"damage":0,"enemies":"Large Slime","floor":14,"turns":5},{"damage":8,"enemies":"The Guardian","floor":16,"turns":12},{"damage":16,"enemies":"3 Byrds","floor":18,"turns":5},{"damage":8,"enemies":"2 Thieves","floor":20,"turns":5},{"damage":3,"enemies":"Sentry and Sphere","floor":22,"turns":7},{"damage":85,"enemies":"Gremlin Leader","floor":24,"turns":4}],"seed_played":"-3533413095312084457","potions_obtained":[{"floor":1.0,"key":"FearPotion"},{"floor":5,"key":"FearPotion"},{"floor":10,"key":"LiquidBronze"},{"floor":12,"key":"Poison Potion"},{"floor":14,"key":"Fire Potion"}],"is_trial":false,"path_per_floor":["M","M","M","$","M","E","R","E","T","E","R","E","$","M","R","B",null,"M","?","M","?","M","R","E"],"character_chosen":"DEFECT","items_purchased":["Glacier","Loop","Self Repair","Happy Flower"],"campfire_rested":2,"item_purchase_floors":[4,4,13,13],"current_hp_per_floor":[62,62,47,47,34,25,46,29,39,37,37,12,12,21,45,46,72,65,65,66,66,72,72,0],"gold":25,"neow_bonus":"UPGRADE_CARD","is_prod":false,"is_daily":false,"chose_seed":false,"campfire_upgraded":2,"win_rate":0,"timestamp":1561160429,"path_taken":["M","M","M","$","M","E","R","E","T","E","R","E","$","M","R","BOSS","M","?","?","?","M","R","E"],"build_version":"2019-06-21","purchased_purges":1,"victory":false,"max_hp_per_floor":[71,71,71,71,71,71,71,71,81,81,81,81,81,81,81,81,81,81,81,81,81,81,81,81],"card_choices":[{"not_picked":["Blizzard","Redo"],"picked":"Compile Driver","floor":1.0},{"not_picked":["Coolheaded","Melter"],"picked":"Ball Lightning","floor":2.0},{"not_picked":["Hello World","Gash","Turbo"],"picked":"SKIP","floor":3.0},{"not_picked":["Sunder","Redo"],"picked":"Chill","floor":5},{"not_picked":["Steam","Doom and Gloom"],"picked":"Conserve Battery","floor":6},{"not_picked":["Sweeping Beam","Rebound"],"picked":"Biased Cognition","floor":8},{"not_picked":["Hologram","Sweeping Beam","Leap"],"picked":"SKIP","floor":10},{"not_picked":["Static Discharge","Hologram"],"picked":"Auto Shields","floor":12},{"not_picked":["Beam Cell","Heatsinks"],"picked":"Coolheaded","floor":14},{"not_picked":["Rainbow","Echo Form"],"picked":"Core Surge","floor":16},{"not_picked":["Storm","Skim","Tempest"],"picked":"SKIP","floor":18},{"not_picked":["Barrage","Cold Snap","Redo"],"picked":"SKIP","floor":20},{"not_picked":["Compile Driver","Doom and Gloom","Stack"],"picked":"SKIP","floor":22}],"player_experience":1755653,"relics_obtained":[{"floor":6,"key":"Blood Vial"},{"floor":8,"key":"Turnip"},{"floor":9,"key":"Pear"},{"floor":10,"key":"Tiny Chest"},{"floor":12,"key":"The Courier"}],"event_choices":[{"cards_removed":["Conserve Battery"],"damage_healed":0,"gold_gain":0,"player_choice":"Gave Card","damage_taken":0,"relics_obtained":["Regal Pillow"],"max_hp_gain":0,"max_hp_loss":0,"event_name":"WeMeetAgain","floor":19,"gold_loss":0},{"damage_healed":0,"gold_gain":0,"player_choice":"0 cards matched","damage_taken":0,"max_hp_gain":0,"max_hp_loss":0,"event_name":"Match and Keep!","floor":21,"gold_loss":0,"cards_obtained":[]}],"is_beta":true,"boss_relics":[{"not_picked":["Calling Bell","Cursed Key"],"picked":"Black Star"}],"items_purged_floors":[13],"is_endless":false,"potions_floor_spawned":[1,5,10,12,14],"killed_by":"Gremlin Leader","ascension_level":20}