{"gold_per_floor":[111,123,143,143,161,189,189,56,56,89,89,153,153,164,164,241,241,252,252,5,5,16,16,47,47,73,73,93,121,121,121,121,197,197,216,232,182,199,214,240,51,66,116,131,131,158,158,186,186,186,186,186,186,48,76,76],"floor_reached":57,"playtime":6757,"items_purged":["Strike_R","Strike_R","Normality","Strike_R","Strike_R"],"score":2921,"play_id":"029baa14-e9bc-4ab5-bf62-c5ea932ed1e5","local_time":"20190810111105","is_ascension_mode":true,"campfire_choices":[{"data":"Bludgeon","floor":7.0,"key":"SMITH"},{"data":"Demon Form","floor":13.0,"key":"SMITH"},{"data":"Armaments","floor":15.0,"key":"SMITH"},{"floor":23.0,"key":"REST"},{"data":"Corruption","floor":25.0,"key":"SMITH"},{"data":"Bash","floor":27.0,"key":"SMITH"},{"data":"Flame Barrier","floor":32.0,"key":"SMITH"},{"floor":47,"key":"RECALL"},{"data":"Heavy Blade","floor":49,"key":"SMITH"},{"data":"Limit Break","floor":53,"key":"SMITH"}],"neow_cost":"PERCENT_DAMAGE","seed_source_timestamp":717711113687100,"circlet_count":0,"master_deck":["AscendersBane","Strike_R","Defend_R","Defend_R","Defend_R","Defend_R","Bash+1","Bludgeon+1","Anger","Shrug It Off","Uppercut+1","Havoc","Demon Form+1","Seeing Red","Limit Break+1","Armaments+1","Reaper","Shame","Regret","Cleave","Feel No Pain+1","Corruption+1","Reaper","Flame Barrier+1","Offering+1","Decay","Writhe","Offering+1","True Grit+1","Havoc+1","Flame Barrier+1","Shockwave+1","Disarm+1","Dark Shackles+1","Shrug It Off+1","Sentinel+1","Dark Embrace","Heavy Blade+1","Whirlwind","Feel No Pain+1"],"special_seed":0,"relics":["Burning Blood","Smiling Mask","Art of War","Pantograph","Tiny Chest","Calling Bell","Vajra","Matryoshka","Du-Vu Doll","PreservedInsect","Incense Burner","Dream Catcher","Lantern","Toxic Egg 2","Paper Frog","Sozu","Boot","Mummified Hand","Happy Flower","Centennial Puzzle","Dodecahedron"],"potions_floor_usage":[33,56],"damage_taken":[{"damage":7.0,"enemies":"Small Slimes","floor":1.0,"turns":2.0},{"damage":6.0,"enemies":"2 Louse","floor":2.0,"turns":3.0},{"damage":0.0,"enemies":"Cultist","floor":3.0,"turns":3.0},{"damage":2.0,"enemies":"2 Fungi Beasts","floor":5.0,"turns":3.0},{"damage":23.0,"enemies":"Lagavulin","floor":6.0,"turns":5.0},{"damage":11.0,"enemies":"Gremlin Nob","floor":10.0,"turns":3.0},{"damage":15.0,"enemies":"Lagavulin","floor":12.0,"turns":5.0},{"damage":11.0,"enemies":"Looter","floor":14.0,"turns":2.0},{"damage":63.0,"enemies":"Slime Boss","floor":16.0,"turns":8.0},{"damage":22.0,"enemies":"Shell Parasite","floor":18.0,"turns":3.0},{"damage":31.0,"enemies":"2 Thieves","floor":22.0,"turns":4.0},{"damage":14.0,"enemies":"Book of Stabbing","floor":24.0,"turns":5.0},{"damage":6.0,"enemies":"Centurion and Healer","floor":28.0,"turns":5.0},{"damage":39.0,"enemies":"Slavers","floor":29.0,"turns":5.0},{"damage":62,"enemies":"Automaton","floor":33,"turns":10},{"damage":10,"enemies":"3 Shapes","floor":35,"turns":4},{"damage":33,"enemies":"3 Darklings","floor":36,"turns":5},{"damage":33,"enemies":"Spire Growth","floor":38,"turns":3},{"damage":41,"enemies":"Maw","floor":39,"turns":7},{"damage":46,"enemies":"Nemesis","floor":40,"turns":5},{"damage":32,"enemies":"Transient","floor":42,"turns":6},{"damage":13,"enemies":"Sphere and 2 Shapes","floor":44,"turns":5},{"damage":15,"enemies":"Giant Head","floor":46,"turns":2},{"damage":6,"enemies":"Nemesis","floor":48,"turns":3},{"damage":53,"enemies":"Time Eater","floor":50,"turns":10},{"damage":13,"enemies":"Donu and Deca","floor":51,"turns":5},{"damage":29,"enemies":"Shield and Spear","floor":55,"turns":3},{"damage":49,"enemies":"The Heart","floor":56,"turns":7}],"seed_played":"6176232434004496253","potions_obtained":[{"floor":1.0,"key":"Block Potion"},{"floor":2.0,"key":"SpeedPotion"},{"floor":3.0,"key":"Regen Potion"},{"floor":6.0,"key":"SteroidPotion"},{"floor":16.0,"key":"PowerPotion"},{"floor":24.0,"key":"Block Potion"},{"floor":29.0,"key":"Ancient Potion"}],"is_trial":false,"path_per_floor":["M","M","M","?","M","E","R","$","T","E","?","E","R","M","R","B",null,"M","?","$","?","M","R","E","R","T","R","M","E","?","?","R","B",null,"M","M","$","M","M","E","$","M","T","M","?","E","R","E","R","B","B",null,"R","$","E","B",null],"character_chosen":"IRONCLAD","items_purchased":["Seeing Red","PreservedInsect","Feel No Pain","Disarm+1","Dark Shackles+1","Whirlwind"],"campfire_rested":1,"item_purchase_floors":[8,20,20,41,41,54],"current_hp_per_floor":[49,49,55,60,64,61,61,61,61,56,56,47,47,42,42,10,63,47,47,47,47,40,64,77,77,77,77,80,57,57,57,57,80,80,80,80,80,80,55,53,53,80,80,80,76,67,67,76,76,72,76,76,76,76,76,74],"gold":76,"neow_bonus":"THREE_RARE_CARDS","is_prod":false,"is_daily":false,"chose_seed":false,"campfire_upgraded":8,"win_rate":0,"timestamp":1565460665,"path_taken":["M","M","M","?","M","E","R","$","T","E","?","E","R","M","R","BOSS","M","?","$","?","M","R","E","R","T","R","?","E","?","?","R","BOSS","M","M","$","M","M","E","$","M","T","M","?","E","R","E","R","BOSS","BOSS","R","$","E","BOSS"],"build_version":"2019-07-17","purchased_purges":5,"victory":true,"max_hp_per_floor":[75,75,75,80,80,80,80,80,80,80,80,80,80,80,80,80,80,80,80,80,80,80,80,80,80,80,80,80,80,80,80,80,80,80,80,80,80,80,80,80,80,80,80,80,76,76,76,76,76,76,76,76,76,76,76,76],"card_choices":[{"not_picked":["Juggernaut","Barricade"],"picked":"Bludgeon","floor":0.0},{"not_picked":["Fire Breathing","True Grit"],"picked":"Anger","floor":1.0},{"not_picked":["Perfected Strike","Dropkick"],"picked":"Shrug It Off","floor":2.0},{"not_picked":["True Grit","Infernal Blade"],"picked":"Uppercut","floor":3.0},{"not_picked":["Warcry","Flex"],"picked":"Havoc","floor":5.0},{"not_picked":["Pummel","Carnage"],"picked":"Demon Form","floor":6.0},{"not_picked":["Fire Breathing","Anger"],"picked":"Limit Break","floor":10.0},{"not_picked":["Clash","Pommel Strike"],"picked":"Armaments","floor":12.0},{"not_picked":["Pommel Strike","Iron Wave","Searing Blow"],"picked":"SKIP","floor":14.0},{"not_picked":["Fiend Fire","Bludgeon"],"picked":"Reaper","floor":16.0},{"not_picked":["Iron Wave","Warcry","Rampage"],"picked":"SKIP","floor":18.0},{"not_picked":["Rage","Perfected Strike"],"picked":"Corruption","floor":22.0},{"not_picked":["Shrug It Off","Inflame"],"picked":"Reaper","floor":24.0},{"not_picked":["Iron Wave","Anger"],"picked":"Flame Barrier","floor":28.0},{"not_picked":["Iron Wave","Thunderclap"],"picked":"Offering","floor":29.0},{"not_picked":["Exhume+1","Demon Form"],"picked":"Offering+1","floor":33},{"not_picked":["Thunderclap+1","Perfected Strike+1"],"picked":"True Grit+1","floor":35},{"not_picked":["Thunderclap","Clash+1","Searing Blow"],"picked":"SKIP","floor":36},{"not_picked":["Pommel Strike","Spot Weakness+1"],"picked":"Havoc+1","floor":38},{"not_picked":["Entrench+1","Armaments+1"],"picked":"Flame Barrier+1","floor":39},{"not_picked":["Armaments+1","Cleave"],"picked":"Shockwave+1","floor":40},{"not_picked":["Sever Soul","Blood for Blood"],"picked":"Shrug It Off+1","floor":42},{"not_picked":["Infernal Blade+1","Headbutt"],"picked":"Sentinel+1","floor":44},{"not_picked":["Bludgeon","Cleave"],"picked":"Dark Embrace","floor":46},{"not_picked":["Pommel Strike","Searing Blow"],"picked":"Heavy Blade","floor":48},{"not_picked":["Pommel Strike","Exhume+1"],"picked":"Feel No Pain+1","floor":55}],"player_experience":1352884,"relics_obtained":[{"floor":6.0,"key":"Smiling Mask"},{"floor":9.0,"key":"Art of War"},{"floor":10.0,"key":"Pantograph"},{"floor":12.0,"key":"Tiny Chest"},{"floor":17.0,"key":"Vajra"},{"floor":17.0,"key":"Matryoshka"},{"floor":17.0,"key":"Du-Vu Doll"},{"floor":24.0,"key":"Incense Burner"},{"floor":26.0,"key":"Dream Catcher"},{"floor":26.0,"key":"Lantern"},{"floor":29.0,"key":"Toxic Egg 2"},{"floor":40,"key":"Boot"},{"floor":43,"key":"Mummified Hand"},{"floor":46,"key":"Happy Flower"},{"floor":48,"key":"Centennial Puzzle"},{"floor":55,"key":"Dodecahedron"}],"event_choices":[{"damage_healed":0.0,"max_hp_gain":5.0,"max_hp_loss":0.0,"gold_gain":0.0,"event_name":"Big Fish","player_choice":"Donut","floor":4.0,"gold_loss":0.0,"damage_taken":0.0},{"damage_healed":0.0,"max_hp_gain":0.0,"max_hp_loss":0.0,"gold_gain":0.0,"event_name":"Living Wall","player_choice":"Grow","floor":11.0,"gold_loss":0.0,"damage_taken":0.0,"cards_upgraded":["Uppercut"]},{"damage_healed":0.0,"max_hp_gain":0.0,"max_hp_loss":0.0,"gold_gain":0.0,"event_name":"The Library","player_choice":"Read","floor":19.0,"gold_loss":0.0,"damage_taken":0.0,"cards_obtained":["Cleave"]},{"damage_healed":0.0,"max_hp_gain":0.0,"max_hp_loss":0.0,"gold_gain":0.0,"event_name":"Upgrade Shrine","player_choice":"Upgraded","floor":21.0,"gold_loss":0.0,"damage_taken":0.0,"cards_upgraded":["Feel No Pain"]},{"damage_healed":0.0,"max_hp_gain":0.0,"max_hp_loss":0.0,"gold_gain":0.0,"event_name":"Forgotten Altar","player_choice":"Smashed Altar","floor":30.0,"gold_loss":0.0,"damage_taken":0.0,"cards_obtained":["Decay"]},{"damage_healed":0.0,"max_hp_gain":0.0,"max_hp_loss":0.0,"gold_gain":0.0,"event_name":"The Mausoleum","player_choice":"Opened","floor":31.0,"gold_loss":0.0,"damage_taken":0.0,"relics_obtained":["Paper Frog"],"cards_obtained":["Writhe"]},{"damage_healed":0,"gold_gain":0,"player_choice":"Max HP","damage_taken":0,"max_hp_gain":0,"max_hp_loss":4,"event_name":"Winding Halls","floor":45,"gold_loss":0}],"is_beta":false,"boss_relics":[{"not_picked":["Lizard Tail","Black Blood"],"picked":"Calling Bell"},{"not_picked":["Mark of Pain","Philosopher\u0027s Stone"],"picked":"Sozu"}],"items_purged_floors":[8,20,37,41,54],"is_endless":false,"potions_floor_spawned":[1,2,3,6,16,24,29,38,44,48,55],"ascension_level":20}