{"gold_per_floor":[362,381,4,4,17,48,64,82,82,82,107,107,432,452,452,528,528,538,554,1,12,41,41,76,76,76,102,17,17,117,42,42,115,115,133,133,40,57,76,76,107,124,148,173,173,109,209,227,227,227],"floor_reached":50,"playtime":5744,"items_purged":["Strike_R","Perfected Strike"],"score":1291,"play_id":"c3f54593-b03b-4089-8b61-0fbfd8dd0da1","local_time":"20190805083018","is_ascension_mode":true,"campfire_choices":[{"data":"Flame Barrier","floor":10.0,"key":"SMITH"},{"data":"Metallicize","floor":12.0,"key":"SMITH"},{"data":"Ghostly Armor","floor":15.0,"key":"SMITH"},{"data":"Immolate","floor":23.0,"key":"SMITH"},{"floor":25.0,"key":"REST"},{"floor":32.0,"key":"DIG"},{"floor":40.0,"key":"DIG"},{"floor":45.0,"key":"RECALL"},{"floor":49.0,"key":"REST"}],"neow_cost":"TEN_PERCENT_HP_LOSS","seed_source_timestamp":0,"circlet_count":0,"master_deck":["AscendersBane","Bash","Twin Strike","Metallicize+1","Cleave","Anger","Flame Barrier+1","Spot Weakness","Perfected Strike","Ghostly Armor+1","True Grit","Fiend Fire","Clothesline","Brutality","Immolate+1","Perfected Strike+1","Feel No Pain","Feel No Pain","Demon Form","Clothesline","Impervious","Anger","Power Through","Sever Soul","Metallicize","Warcry+1","Corruption","Shockwave","Shrug It Off","Exhume","Pommel Strike+1","Havoc","Armaments","Dual Wield+1"],"special_seed":0,"relics":["Burning Blood","Orichalcum","Regal Pillow","Pocketwatch","Singing Bowl","Vajra","Old Coin","Philosopher\u0027s Stone","Membership Card","Mercury Hourglass","Bronze Scales","Red Mask","Happy Flower","Matryoshka","Ancient Tea Set","Shovel","Letter Opener","Mummified Hand","Pandora\u0027s Box","Sundial","Ornamental Fan","Dodecahedron","Juzu Bracelet","Blood Vial","Ginger"],"potions_floor_usage":[50],"damage_taken":[{"damage":2.0,"enemies":"2 Louse","floor":1.0,"turns":4.0},{"damage":2.0,"enemies":"Cultist","floor":2.0,"turns":4.0},{"damage":2.0,"enemies":"Small Slimes","floor":5.0,"turns":2.0},{"damage":20.0,"enemies":"Gremlin Nob","floor":6.0,"turns":4.0},{"damage":6.0,"enemies":"Blue Slaver","floor":7.0,"turns":3.0},{"damage":14.0,"enemies":"3 Louse","floor":8.0,"turns":3.0},{"damage":12.0,"enemies":"Lagavulin","floor":11.0,"turns":5.0},{"damage":5.0,"enemies":"3 Sentries","floor":13.0,"turns":5.0},{"damage":6.0,"enemies":"2 Fungi Beasts","floor":14.0,"turns":3.0},{"damage":0.0,"enemies":"The Guardian","floor":16.0,"turns":10.0},{"damage":3.0,"enemies":"Chosen","floor":18.0,"turns":3.0},{"damage":18.0,"enemies":"2 Thieves","floor":19.0,"turns":2.0},{"damage":22.0,"enemies":"Centurion and Healer","floor":21.0,"turns":3.0},{"damage":4.0,"enemies":"Masked Bandits","floor":22.0,"turns":3.0},{"damage":12.0,"enemies":"Slavers","floor":24.0,"turns":4.0},{"damage":14.0,"enemies":"Book of Stabbing","floor":27.0,"turns":3.0},{"damage":3.0,"enemies":"Colosseum Slavers","floor":30.0,"turns":3.0},{"damage":3.0,"enemies":"Colosseum Nobs","floor":30.0,"turns":3.0},{"damage":39.0,"enemies":"Collector","floor":33.0,"turns":9.0},{"damage":6.0,"enemies":"3 Darklings","floor":35.0,"turns":4.0},{"damage":15.0,"enemies":"3 Shapes","floor":38.0,"turns":2.0},{"damage":0.0,"enemies":"Sphere and 2 Shapes","floor":39.0,"turns":3.0},{"damage":24.0,"enemies":"Giant Head","floor":41.0,"turns":9.0},{"damage":13.0,"enemies":"Maw","floor":42.0,"turns":6.0},{"damage":37.0,"enemies":"Nemesis","floor":44.0,"turns":6.0},{"damage":1.0,"enemies":"Mind Bloom Boss Battle","floor":47.0,"turns":4.0},{"damage":6.0,"enemies":"Transient","floor":48.0,"turns":6.0},{"damage":85,"enemies":"Awakened One","floor":50,"turns":9}],"seed_played":"-1086297467100498929","potions_obtained":[{"floor":1.0,"key":"Dexterity Potion"},{"floor":2.0,"key":"Poison Potion"},{"floor":6.0,"key":"Weak Potion"},{"floor":11.0,"key":"Dexterity Potion"},{"floor":18.0,"key":"GamblersBrew"},{"floor":19.0,"key":"EssenceOfSteel"},{"floor":24.0,"key":"PowerPotion"},{"floor":39.0,"key":"BloodPotion"},{"floor":44.0,"key":"Swift Potion"}],"is_trial":false,"path_per_floor":["M","M","$","?","M","E","M","M","T","R","E","R","E","M","R","B",null,"M","M","$","M","?","R","E","R","T","E","?","?","?","?","R","B",null,"M","?","$","M","M","R","E","M","T","E","R","$","?","M","R","B"],"character_chosen":"IRONCLAD","items_purchased":["Orichalcum","Metallicize","Regal Pillow","Membership Card","Mercury Hourglass","Bronze Scales","Immolate","Corruption","Shockwave","Shrug It Off","Havoc"],"campfire_rested":2,"item_purchase_floors":[3,3,3,20,20,20,20,37,37,37,46],"current_hp_per_floor":[68,68,68,68,68,54,54,46,46,46,40,40,41,41,41,47,63,66,54,54,40,42,42,38,72,72,66,66,66,72,72,72,39,65,65,61,61,54,62,62,44,60,60,29,29,29,36,38,78,0],"gold":227,"neow_bonus":"TWO_FIFTY_GOLD","is_prod":false,"is_daily":false,"chose_seed":false,"campfire_upgraded":4,"win_rate":0,"timestamp":1565019018,"path_taken":["M","M","$","?","M","E","M","M","T","R","E","R","E","M","R","BOSS","M","M","$","M","?","R","E","R","T","E","?","?","?","?","R","BOSS","M","?","$","M","M","R","E","M","T","E","R","$","?","M","R","BOSS"],"build_version":"2019-07-17","purchased_purges":2,"victory":false,"max_hp_per_floor":[68,68,68,68,68,68,68,68,68,68,68,68,68,68,68,68,68,68,68,68,70,70,70,72,72,72,74,74,74,74,74,74,74,74,74,80,80,82,84,84,84,86,86,86,86,86,86,86,86,86],"card_choices":[{"not_picked":["Infernal Blade","Heavy Blade"],"picked":"Perfected Strike","floor":1.0},{"not_picked":["Cleave","Heavy Blade"],"picked":"Twin Strike","floor":2.0},{"not_picked":["Clash","Flex"],"picked":"Cleave","floor":5.0},{"not_picked":["Reckless Charge","Intimidate"],"picked":"Anger","floor":6.0},{"not_picked":["Sword Boomerang","Havoc"],"picked":"Flame Barrier","floor":7.0},{"not_picked":["Sever Soul","Reckless Charge"],"picked":"Spot Weakness","floor":8.0},{"not_picked":["Intimidate","Sentinel"],"picked":"Perfected Strike","floor":11.0},{"not_picked":["Heavy Blade","Rampage"],"picked":"Ghostly Armor","floor":13.0},{"not_picked":["Reckless Charge","Dual Wield"],"picked":"True Grit","floor":14.0},{"not_picked":["Dark Embrace","Double Tap"],"picked":"Fiend Fire","floor":16.0},{"not_picked":["Anger","Warcry"],"picked":"Clothesline","floor":18.0},{"not_picked":["Warcry","Cleave"],"picked":"Brutality","floor":19.0},{"not_picked":["Thunderclap","Anger","Heavy Blade"],"picked":"Singing Bowl","floor":21.0},{"not_picked":["Reckless Charge","Twin Strike+1"],"picked":"Perfected Strike+1","floor":22.0},{"not_picked":["Double Tap","Body Slam","Flex"],"picked":"Singing Bowl","floor":24.0},{"not_picked":["Heavy Blade","Sword Boomerang","Thunderclap+1"],"picked":"Singing Bowl","floor":27.0},{"not_picked":["Armaments","Evolve"],"picked":"Feel No Pain","floor":30.0},{"not_picked":["Juggernaut","Fiend Fire"],"picked":"Demon Form","floor":33.0},{"not_picked":["Heavy Blade","Blood for Blood+1"],"picked":"Warcry+1","floor":35.0},{"not_picked":["Good Instincts","Forethought","Swift Strike"],"picked":"Singing Bowl","floor":36.0},{"not_picked":["Good Instincts","Violence","Jack Of All Trades"],"picked":"Singing Bowl","floor":36.0},{"not_picked":["Mind Blast","Trip","Violence"],"picked":"Singing Bowl","floor":36.0},{"not_picked":["Dropkick+1","Clash","Inflame+1"],"picked":"Singing Bowl","floor":38.0},{"not_picked":["Rupture","Evolve","Body Slam"],"picked":"Singing Bowl","floor":39.0},{"not_picked":["Ghostly Armor","Armaments+1"],"picked":"Exhume","floor":41.0},{"not_picked":["Sword Boomerang","Cleave+1","Havoc"],"picked":"Singing Bowl","floor":42.0},{"not_picked":["Brutality","Sever Soul+1"],"picked":"Pommel Strike+1","floor":44.0},{"not_picked":["Whirlwind","Combust"],"picked":"Armaments","floor":47.0},{"not_picked":["Anger","Clash"],"picked":"Dual Wield+1","floor":48.0}],"player_experience":1251795,"relics_obtained":[{"floor":6.0,"key":"Pocketwatch"},{"floor":9.0,"key":"Singing Bowl"},{"floor":11.0,"key":"Vajra"},{"floor":13.0,"key":"Old Coin"},{"floor":22.0,"key":"Red Mask"},{"floor":24.0,"key":"Happy Flower"},{"floor":27.0,"key":"Matryoshka"},{"floor":30.0,"key":"Shovel"},{"floor":30.0,"key":"Letter Opener"},{"floor":32.0,"key":"Mummified Hand"},{"floor":40.0,"key":"Sundial"},{"floor":41.0,"key":"Ornamental Fan"},{"floor":43.0,"key":"Dodecahedron"},{"floor":43.0,"key":"Juzu Bracelet"},{"floor":44.0,"key":"Blood Vial"},{"floor":47.0,"key":"Ginger"}],"event_choices":[{"cards_removed":["Strike_R"],"damage_healed":0.0,"max_hp_gain":0.0,"max_hp_loss":0.0,"gold_gain":0.0,"event_name":"Purifier","player_choice":"Purged","floor":4.0,"gold_loss":0.0,"damage_taken":0.0},{"damage_healed":0.0,"max_hp_gain":0.0,"max_hp_loss":0.0,"gold_gain":0.0,"event_name":"Masked Bandits","player_choice":"Fought Bandits","floor":22.0,"gold_loss":0.0,"damage_taken":0.0},{"damage_healed":0.0,"max_hp_gain":0.0,"max_hp_loss":0.0,"gold_gain":0.0,"event_name":"Addict","player_choice":"Obtained Relic","floor":28.0,"gold_loss":85.0,"damage_taken":0.0,"relics_obtained":["Ancient Tea Set"]},{"damage_healed":0.0,"max_hp_gain":0.0,"max_hp_loss":0.0,"gold_gain":0.0,"event_name":"The Library","player_choice":"Read","floor":29.0,"gold_loss":0.0,"damage_taken":0.0,"cards_obtained":["Feel No Pain"]},{"damage_healed":0.0,"max_hp_gain":0.0,"max_hp_loss":0.0,"gold_gain":0.0,"event_name":"Colosseum","player_choice":"Fight","floor":30.0,"gold_loss":0.0,"damage_taken":0.0},{"damage_healed":0.0,"max_hp_gain":0.0,"max_hp_loss":0.0,"gold_gain":0.0,"event_name":"Colosseum","player_choice":"Fought Nobs","floor":30.0,"gold_loss":0.0,"damage_taken":0.0},{"cards_removed":["Strike_R"],"damage_healed":0.0,"max_hp_gain":0.0,"max_hp_loss":0.0,"gold_gain":0.0,"event_name":"Beggar","player_choice":"Gave Gold","floor":31.0,"gold_loss":75.0,"damage_taken":0.0},{"damage_healed":0.0,"max_hp_gain":0.0,"max_hp_loss":0.0,"gold_gain":0.0,"event_name":"SensoryStone","player_choice":"Memory 3","floor":36.0,"gold_loss":0.0,"damage_taken":10.0},{"damage_healed":0.0,"max_hp_gain":0.0,"max_hp_loss":0.0,"gold_gain":0.0,"event_name":"MindBloom","player_choice":"Fight","floor":47.0,"gold_loss":0.0,"damage_taken":0.0}],"is_beta":false,"boss_relics":[{"not_picked":["Runic Dome","Runic Cube"],"picked":"Philosopher\u0027s Stone"},{"not_picked":["Tiny House","Runic Pyramid"],"picked":"Pandora\u0027s Box"}],"items_purged_floors":[20,46],"is_endless":false,"potions_floor_spawned":[1,2,6,7,11,18,19,24,27,30,35,39,44],"killed_by":"Awakened One","ascension_level":20}