{"gold_per_floor":[110,210,229,240,289,289,317,317,340,359,359],"floor_reached":11,"playtime":350,"items_purged":[],"score":120,"play_id":"878875e5-28d9-4992-9980-3d911a5dfb9c","local_time":"20190803235356","is_ascension_mode":true,"campfire_choices":[{"data":"Neutralize","floor":6,"key":"SMITH"},{"data":"Dodge and Roll","floor":8,"key":"SMITH"}],"neow_cost":"NONE","seed_source_timestamp":418359568545600,"circlet_count":0,"master_deck":["AscendersBane","Strike_G","Strike_G","Strike_G","Strike_G","Strike_G","Defend_G","Defend_G","Defend_G","Defend_G","Defend_G","Survivor","Neutralize+1","Blur","Cloak And Dagger","PiercingWail","Dodge and Roll+1","All Out Attack"],"relics":["Ring of the Snake","Bronze Scales","Orichalcum","The Courier","Happy Flower"],"potions_floor_usage":[],"damage_taken":[{"damage":0,"enemies":"Small Slimes","floor":1,"turns":3},{"damage":0,"enemies":"Cultist","floor":3,"turns":4},{"damage":0,"enemies":"2 Louse","floor":4,"turns":3},{"damage":24,"enemies":"Gremlin Nob","floor":7,"turns":6},{"damage":3,"enemies":"Blue Slaver","floor":10,"turns":4},{"damage":7,"enemies":"Lagavulin","floor":11,"turns":3}],"seed_played":"-8999981290244540161","potions_obtained":[{"floor":1,"key":"SkillPotion"},{"floor":4,"key":"LiquidBronze"}],"is_trial":false,"path_per_floor":["M","?","M","M","T","R","E","R","T","M","E"],"character_chosen":"THE_SILENT","items_purchased":[],"campfire_rested":0,"item_purchase_floors":[],"current_hp_per_floor":[63,63,63,63,63,63,39,39,39,36,29],"gold":359,"neow_bonus":"RANDOM_COMMON_RELIC","is_prod":false,"is_daily":false,"chose_seed":false,"campfire_upgraded":2,"win_rate":0,"timestamp":1564890836,"path_taken":["M","?","M","?","?","R","E","R","T","?","E"],"build_version":"2019-07-18","purchased_purges":0,"victory":false,"max_hp_per_floor":[70,70,70,70,70,70,70,70,70,70,70],"card_choices":[{"not_picked":["Endless Agony","Blade Dance"],"picked":"Blur","floor":1},{"not_picked":["Reflex","All Out Attack"],"picked":"Cloak And Dagger","floor":3},{"not_picked":["Underhanded Strike","Prepared"],"picked":"PiercingWail","floor":4},{"not_picked":["Distraction","Bane"],"picked":"Dodge and Roll","floor":7},{"not_picked":["Expertise","Concentrate"],"picked":"All Out Attack","floor":10}],"player_experience":362258,"relics_obtained":[{"floor":5,"key":"Orichalcum"},{"floor":7,"key":"The Courier"},{"floor":9,"key":"Happy Flower"}],"event_choices":[{"damage_healed":0,"gold_gain":100,"player_choice":"Gold","damage_taken":0,"max_hp_gain":0,"max_hp_loss":0,"event_name":"Wheel of Change","floor":2,"gold_loss":0}],"is_beta":true,"boss_relics":[],"items_purged_floors":[],"is_endless":false,"potions_floor_spawned":[1,4],"killed_by":"Lagavulin","ascension_level":13}