{"gold_per_floor":[113,113,124,144,162,162,193,208,208,208,208,243,255,273,273,352,352,364,374,299,214,264,298,312,342,342,360,138,138,164,177,177,254,254,264,95,112,112,124,124,140,152,152,152,252,252,252,252,252,252,252],"floor_reached":51,"playtime":1709,"items_purged":["Decay"],"score":1363,"play_id":"0664a617-29d3-4f3b-a104-5544c48d0917","local_time":"20190622012601","is_ascension_mode":true,"campfire_choices":[{"data":"Electrodynamics","floor":6.0,"key":"SMITH"},{"floor":11.0,"key":"REST"},{"data":"Defragment","floor":15.0,"key":"SMITH"},{"floor":32.0,"key":"REST"},{"data":"Thunder Strike","floor":40.0,"key":"SMITH"},{"data":"Defragment","floor":44,"key":"SMITH"},{"data":"Static Discharge","floor":49,"key":"SMITH"}],"neow_cost":"NONE","seed_source_timestamp":10297640228897,"circlet_count":0,"master_deck":["AscendersBane","Defend_B","Defend_B","Defend_B","Zap+1","Dualcast","Cold Snap","Electrodynamics+1","Steam","Genetic Algorithm","Defragment+1","Self Repair","Auto Shields","Static Discharge+1","Thunder Strike+1","Leap+1","Darkness","Reinforced Body","Capacitor","Coolheaded","Creative AI","Echo Form","Echo Form","Go for the Eyes+1","Compile Driver","Defragment+1","Glacier"],"special_seed":0,"relics":["Cracked Core","FossilizedHelix","Shuriken","FaceOfCleric","Torii","Cursed Key","Matryoshka","Mercury Hourglass","Bag of Preparation","Potion Belt","Question Card","Art of War","Empty Cage","DataDisk","Gambling Chip"],"potions_floor_usage":[],"damage_taken":[{"damage":4.0,"enemies":"Small Slimes","floor":1.0,"turns":3.0},{"damage":2.0,"enemies":"Jaw Worm","floor":3.0,"turns":4.0},{"damage":0.0,"enemies":"Cultist","floor":4.0,"turns":3.0},{"damage":1.0,"enemies":"2 Fungi Beasts","floor":5.0,"turns":2.0},{"damage":33.0,"enemies":"Lagavulin","floor":7.0,"turns":8.0},{"damage":0.0,"enemies":"3 Louse","floor":8.0,"turns":5.0},{"damage":34.0,"enemies":"Gremlin Nob","floor":12.0,"turns":4.0},{"damage":0.0,"enemies":"Looter","floor":13.0,"turns":3.0},{"damage":0.0,"enemies":"2 Fungi Beasts","floor":14.0,"turns":2.0},{"damage":2.0,"enemies":"Slime Boss","floor":16.0,"turns":8.0},{"damage":2.0,"enemies":"3 Byrds","floor":18.0,"turns":3.0},{"damage":12.0,"enemies":"2 Thieves","floor":19.0,"turns":3.0},{"damage":22.0,"enemies":"Gremlin Leader","floor":23.0,"turns":6.0},{"damage":9.0,"enemies":"Snake Plant","floor":24.0,"turns":4.0},{"damage":22.0,"enemies":"Book of Stabbing","floor":25.0,"turns":5.0},{"damage":0.0,"enemies":"Sentry and Sphere","floor":27.0,"turns":5.0},{"damage":33.0,"enemies":"Gremlin Leader","floor":30.0,"turns":6.0},{"damage":9.0,"enemies":"Centurion and Healer","floor":31.0,"turns":7.0},{"damage":24.0,"enemies":"Champ","floor":33.0,"turns":12.0},{"damage":0.0,"enemies":"3 Darklings","floor":35.0,"turns":4.0},{"damage":0.0,"enemies":"3 Shapes","floor":37.0,"turns":3.0},{"damage":0.0,"enemies":"Spire Growth","floor":39.0,"turns":5.0},{"damage":30.0,"enemies":"Writhing Mass","floor":41.0,"turns":6.0},{"damage":0.0,"enemies":"4 Shapes","floor":42.0,"turns":3.0},{"damage":0,"enemies":"Mind Bloom Boss Battle","floor":45,"turns":6},{"damage":36,"enemies":"Donu and Deca","floor":50,"turns":6},{"damage":96,"enemies":"Awakened One","floor":51,"turns":4}],"seed_played":"6679716640094583870","potions_obtained":[{"floor":5.0,"key":"PowerPotion"},{"floor":12.0,"key":"PowerPotion"},{"floor":13.0,"key":"FocusPotion"},{"floor":25.0,"key":"Ancient Potion"},{"floor":30.0,"key":"Swift Potion"},{"floor":41.0,"key":"FairyPotion"},{"floor":45,"key":"SteroidPotion"}],"is_trial":false,"path_per_floor":["M","?","M","M","M","R","E","M","T","?","R","E","M","M","R","B",null,"M","M","?","?","?","E","M","E","T","M","$","?","E","M","R","B",null,"M","$","M","$","M","R","M","M","T","R","?","?","?","T","R","B","B"],"character_chosen":"DEFECT","items_purchased":["Capacitor","Coolheaded","DataDisk"],"campfire_rested":2,"item_purchase_floors":[28,28,36],"current_hp_per_floor":[60,53,51,51,50,50,17,17,17,17,38,5,13,21,21,27,63,69,65,65,65,65,51,50,36,36,44,44,44,19,25,49,33,71,79,79,86,86,87,87,65,73,73,73,88,88,88,88,88,60,0],"gold":252,"neow_bonus":"UPGRADE_CARD","is_prod":false,"is_daily":false,"chose_seed":false,"campfire_upgraded":5,"win_rate":0,"timestamp":1561159561,"path_taken":["M","?","M","M","M","R","E","M","T","?","R","E","M","M","R","BOSS","M","?","?","?","?","E","M","E","T","M","$","?","E","M","R","BOSS","M","$","?","$","?","R","M","?","T","R","?","?","?","?","R","BOSS","BOSS"],"build_version":"2019-06-21","purchased_purges":1,"victory":false,"max_hp_per_floor":[71,71,71,71,71,71,71,71,71,71,71,72,73,74,74,75,75,76,77,77,77,77,78,79,80,80,81,81,81,82,83,83,84,84,85,85,86,86,87,87,88,89,89,89,90,90,90,90,90,91,91],"card_choices":[{"not_picked":["Beam Cell","Streamline"],"picked":"Cold Snap","floor":1.0},{"not_picked":["Double Energy","Skim","Turbo"],"picked":"SKIP","floor":3.0},{"not_picked":["Ball Lightning","Stack"],"picked":"Electrodynamics","floor":4.0},{"not_picked":["Gash","Steam Power"],"picked":"Steam","floor":5.0},{"not_picked":["Sunder","Redo"],"picked":"Genetic Algorithm","floor":7.0},{"not_picked":["Redo","Hello World"],"picked":"Defragment","floor":8.0},{"not_picked":["Redo","Barrage"],"picked":"Self Repair","floor":12.0},{"not_picked":["Ball Lightning","Gash"],"picked":"Auto Shields","floor":13.0},{"not_picked":["Rainbow","Beam Cell"],"picked":"Static Discharge","floor":14.0},{"not_picked":["Seek","Core Surge"],"picked":"Thunder Strike","floor":16.0},{"not_picked":["Steam","Tempest","Rebound+1"],"picked":"SKIP","floor":18.0},{"not_picked":["Rip and Tear","Reprogram","Leap"],"picked":"SKIP","floor":19.0},{"not_picked":["Turbo","Machine Learning","Steam"],"picked":"SKIP","floor":23.0},{"not_picked":["Blizzard","Go for the Eyes"],"picked":"Leap+1","floor":24.0},{"not_picked":["Machine Learning","Streamline"],"picked":"Darkness","floor":25.0},{"not_picked":["Genetic Algorithm","Recycle","Lockon"],"picked":"Reinforced Body","floor":27.0},{"not_picked":["Heatsinks","Buffer","Redo"],"picked":"Echo Form","floor":30.0},{"not_picked":["Lockon","Coolheaded","Reprogram","Rip and Tear"],"picked":"SKIP","floor":31.0},{"not_picked":["Reboot","Machine Learning","All For One"],"picked":"Echo Form","floor":33.0},{"not_picked":["Go for the Eyes","Redo","Rebound","Streamline+1"],"picked":"SKIP","floor":35.0},{"not_picked":["Cold Snap","Consume","Beam Cell"],"picked":"Go for the Eyes+1","floor":37.0},{"not_picked":["Rebound","Undo","Skim"],"picked":"Compile Driver","floor":39.0},{"not_picked":["Turbo+1","Barrage+1","Recycle+1"],"picked":"Defragment","floor":41.0},{"not_picked":["Hologram","Rip and Tear","Auto Shields"],"picked":"Glacier","floor":42.0}],"player_experience":1753944,"relics_obtained":[{"floor":7.0,"key":"FossilizedHelix"},{"floor":9.0,"key":"Shuriken"},{"floor":12.0,"key":"Torii"},{"floor":23.0,"key":"Mercury Hourglass"},{"floor":25.0,"key":"Bag of Preparation"},{"floor":26.0,"key":"Potion Belt"},{"floor":26.0,"key":"Question Card"},{"floor":30.0,"key":"Art of War"},{"floor":45,"key":"Gambling Chip"}],"event_choices":[{"cards_removed":["Strike_B"],"damage_healed":0.0,"max_hp_gain":0.0,"max_hp_loss":0.0,"gold_gain":0.0,"event_name":"Golden Wing","player_choice":"Card Removal","floor":2.0,"gold_loss":0.0,"damage_taken":7.0},{"damage_healed":0.0,"max_hp_gain":0.0,"max_hp_loss":0.0,"gold_gain":0.0,"event_name":"FaceTrader","player_choice":"Trade","floor":10.0,"gold_loss":0.0,"damage_taken":0.0,"relics_obtained":["FaceOfCleric"]},{"cards_removed":["Strike_B"],"damage_healed":0.0,"max_hp_gain":0.0,"max_hp_loss":0.0,"gold_gain":0.0,"event_name":"Beggar","player_choice":"Gave Gold","floor":20.0,"gold_loss":75.0,"damage_taken":0.0},{"damage_healed":0.0,"max_hp_gain":0.0,"max_hp_loss":0.0,"gold_gain":0.0,"event_name":"Addict","player_choice":"Obtained Relic","floor":21.0,"gold_loss":85.0,"damage_taken":0.0,"relics_obtained":["Matryoshka"]},{"damage_healed":0.0,"max_hp_gain":0.0,"max_hp_loss":0.0,"gold_gain":50.0,"event_name":"Nest","player_choice":"Stole From Cult","floor":22.0,"gold_loss":0.0,"damage_taken":0.0},{"damage_healed":0.0,"max_hp_gain":0.0,"max_hp_loss":0.0,"gold_gain":0.0,"cards_transformed":["Strike_B"],"event_name":"Transmorgrifier","player_choice":"Transformed","floor":29.0,"gold_loss":0.0,"damage_taken":0.0,"cards_obtained":["Creative AI"]},{"damage_healed":0,"gold_gain":0,"player_choice":"Fight","damage_taken":0,"max_hp_gain":0,"max_hp_loss":0,"event_name":"MindBloom","floor":45,"gold_loss":0},{"damage_healed":0,"gold_gain":0,"player_choice":"Ignored","damage_taken":0,"max_hp_gain":0,"max_hp_loss":0,"event_name":"Tomb of Lord Red Mask","floor":46,"gold_loss":0},{"damage_healed":0,"gold_gain":0,"player_choice":"Memory 1","damage_taken":0,"max_hp_gain":0,"max_hp_loss":0,"event_name":"SensoryStone","floor":47,"gold_loss":0}],"is_beta":true,"boss_relics":[{"not_picked":["Nuclear Battery","FrozenCore"],"picked":"Cursed Key"},{"not_picked":["Philosopher\u0027s Stone","Fusion Hammer"],"picked":"Empty Cage"}],"items_purged_floors":[28],"is_endless":false,"potions_floor_spawned":[5,12,13,16,18,23,25,30,41,45],"killed_by":"Awakened One","ascension_level":20}