{"gold_per_floor":[119,119,129,129,2,2,30,30,53,64,64,98,98,160,160,237,237,247,262,262,90,90,90,117,117,117,27,82,95,108,134,134,209,259,272,283,302,4,21,21,49,60,60,60,60,70,80,80,80,80],"floor_reached":50,"playtime":3799,"items_purged":["Strike_B"],"score":1231,"play_id":"48ef329c-a168-49dd-9f2c-4b5c6e07502e","local_time":"20190807104339","is_ascension_mode":true,"campfire_choices":[{"data":"Streamline","floor":6,"key":"SMITH"},{"floor":8,"key":"REST"},{"floor":15,"key":"REST"},{"floor":23,"key":"REST"},{"data":"Buffer","floor":25,"key":"SMITH"},{"data":"Buffer","floor":32,"key":"SMITH"},{"data":"Loop","floor":40,"key":"SMITH"},{"data":"Consume","floor":44,"key":"SMITH"},{"data":"Loop","floor":49,"key":"SMITH"}],"neow_cost":"NONE","seed_source_timestamp":6762654370259,"circlet_count":0,"master_deck":["AscendersBane","Defend_B","Defend_B","Zap","Dualcast+1","Auto Shields","Gash","Streamline+1","Conserve Battery","Loop+1","Static Discharge+1","Hologram","Buffer+1","Doom and Gloom","Leap+1","Bite","Bite","Bite","Bite","Bite","Buffer+1","Coolheaded","Capacitor","Self Repair","White Noise","Amplify","Undo","Consume+1","Capacitor","Loop+1","Coolheaded","Coolheaded","Capacitor+1"],"relics":["Nuclear Battery","Pocketwatch","PreservedInsect","Vajra","Bag of Marbles","Tiny Chest","Snecko Eye","Enchiridion","Matryoshka","Cables","Ginger","Bronze Scales","Art of War","Regal Pillow","Tiny House","Lee\u0027s Waffle","Singing Bowl","Mango"],"potions_floor_usage":[14,50,50],"damage_taken":[{"damage":7,"enemies":"Small Slimes","floor":1,"turns":4},{"damage":7,"enemies":"Jaw Worm","floor":3,"turns":4},{"damage":22,"enemies":"Gremlin Nob","floor":7,"turns":4},{"damage":0,"enemies":"2 Louse","floor":10,"turns":3},{"damage":11,"enemies":"3 Sentries","floor":12,"turns":5},{"damage":15,"enemies":"Lagavulin","floor":14,"turns":4},{"damage":24,"enemies":"Hexaghost","floor":16,"turns":8},{"damage":18,"enemies":"Chosen","floor":18,"turns":4},{"damage":0,"enemies":"Spheric Guardian","floor":19,"turns":4},{"damage":0,"enemies":"Gremlin Leader","floor":24,"turns":6},{"damage":0,"enemies":"Cultist and Chosen","floor":29,"turns":5},{"damage":0,"enemies":"Centurion and Healer","floor":30,"turns":6},{"damage":19,"enemies":"Book of Stabbing","floor":31,"turns":5},{"damage":22,"enemies":"Champ","floor":33,"turns":11},{"damage":0,"enemies":"3 Shapes","floor":35,"turns":6},{"damage":0,"enemies":"3 Darklings","floor":36,"turns":7},{"damage":31,"enemies":"Sphere and 2 Shapes","floor":37,"turns":4},{"damage":0,"enemies":"Maw","floor":39,"turns":6},{"damage":0,"enemies":"Nemesis","floor":41,"turns":9},{"damage":0,"enemies":"Transient","floor":42,"turns":6},{"damage":0,"enemies":"Sphere and 2 Shapes","floor":46,"turns":8},{"damage":16,"enemies":"3 Darklings","floor":47,"turns":6},{"damage":87,"enemies":"Awakened One","floor":50,"turns":10}],"seed_played":"-7435397587263606310","potions_obtained":[{"floor":1,"key":"Regen Potion"},{"floor":14,"key":"SmokeBomb"},{"floor":16,"key":"Ancient Potion"},{"floor":41,"key":"Ancient Potion"}],"is_trial":false,"path_per_floor":["M","?","M","T","$","R","E","R","T","M","?","E","?","E","R","B",null,"M","M","?","$","?","R","E","R","T","$","T","M","M","E","R","B",null,"M","M","M","$","M","R","E","M","T","R","?","M","M","?","R","B"],"character_chosen":"DEFECT","items_purchased":["Streamline","Buffer","Capacitor","Lee\u0027s Waffle","Loop"],"campfire_rested":3,"item_purchase_floors":[5,21,27,38,38],"current_hp_per_floor":[57,50,43,43,43,43,21,42,42,42,42,31,10,7,28,4,54,36,36,36,36,15,29,49,49,49,49,49,49,49,33,33,46,53,54,54,32,61,61,61,63,63,77,77,77,77,79,75,75,0],"gold":80,"neow_bonus":"BOSS_RELIC","is_prod":false,"is_daily":false,"chose_seed":false,"campfire_upgraded":6,"win_rate":0,"timestamp":1565142219,"path_taken":["M","?","M","?","$","R","E","R","T","M","?","E","?","E","R","BOSS","M","M","?","$","?","R","E","R","T","$","?","M","M","E","R","BOSS","M","M","?","$","M","R","E","M","T","R","?","M","M","?","R","BOSS"],"build_version":"2019-07-17","purchased_purges":1,"victory":false,"max_hp_per_floor":[71,71,71,71,71,71,71,71,71,71,71,71,71,71,71,71,71,71,71,49,49,49,49,49,49,49,49,49,49,49,49,49,49,54,54,54,54,61,61,61,63,63,77,77,77,77,79,75,75,75],"card_choices":[{"not_picked":["Steam","Gash"],"picked":"Auto Shields","floor":1},{"not_picked":["Blizzard","Steam"],"picked":"Gash","floor":3},{"not_picked":["Hologram","Recycle"],"picked":"Conserve Battery","floor":7},{"not_picked":["Redo","Hello World"],"picked":"Loop","floor":10},{"not_picked":["Turbo","Rip and Tear"],"picked":"Static Discharge","floor":12},{"not_picked":["Double Energy","Leap"],"picked":"Hologram","floor":14},{"not_picked":["Biased Cognition","Fission"],"picked":"Buffer","floor":16},{"not_picked":["Stack+1","Redo"],"picked":"Doom and Gloom","floor":18},{"not_picked":["Steam","Streamline"],"picked":"Leap+1","floor":19},{"not_picked":["Streamline","Stack"],"picked":"Coolheaded","floor":24},{"not_picked":["Turbo","Compile Driver"],"picked":"Self Repair","floor":29},{"not_picked":["Tempest","Barrage","Reprogram+1"],"picked":"SKIP","floor":30},{"not_picked":["Fission","Turbo"],"picked":"White Noise","floor":31},{"not_picked":["Seek","Rainbow"],"picked":"Amplify","floor":33},{"not_picked":["Gash","Static Discharge"],"picked":"Undo","floor":34},{"not_picked":["Compile Driver","Sweeping Beam"],"picked":"Consume","floor":35},{"not_picked":["Fusion","Tempest","Stack"],"picked":"SKIP","floor":36},{"not_picked":["Turbo+1","FTL"],"picked":"Capacitor","floor":37},{"not_picked":["Fusion+1","Streamline"],"picked":"Coolheaded","floor":39},{"not_picked":["Sweeping Beam","Beam Cell+1","Multi-Cast"],"picked":"Singing Bowl","floor":41},{"not_picked":["Rebound","Leap"],"picked":"Coolheaded","floor":42},{"not_picked":["Beam Cell","Leap"],"picked":"Capacitor+1","floor":46},{"not_picked":["Rebound","Blizzard","FTL"],"picked":"Singing Bowl","floor":47}],"player_experience":279286,"relics_obtained":[{"floor":4,"key":"Pocketwatch"},{"floor":7,"key":"PreservedInsect"},{"floor":9,"key":"Vajra"},{"floor":12,"key":"Bag of Marbles"},{"floor":14,"key":"Tiny Chest"},{"floor":22,"key":"Enchiridion"},{"floor":24,"key":"Matryoshka"},{"floor":26,"key":"Cables"},{"floor":26,"key":"Ginger"},{"floor":28,"key":"Bronze Scales"},{"floor":28,"key":"Art of War"},{"floor":31,"key":"Regal Pillow"},{"floor":41,"key":"Singing Bowl"},{"floor":43,"key":"Mango"}],"event_choices":[{"cards_removed":["Defend_B"],"damage_healed":0,"gold_gain":0,"player_choice":"Card Removal","damage_taken":7,"max_hp_gain":0,"max_hp_loss":0,"event_name":"Golden Wing","floor":2,"gold_loss":0},{"cards_removed":["Defend_B"],"damage_healed":0,"gold_gain":0,"player_choice":"Forget","damage_taken":0,"max_hp_gain":0,"max_hp_loss":0,"event_name":"Living Wall","floor":11,"gold_loss":0},{"damage_healed":0,"gold_gain":0,"player_choice":"Entered Light","damage_taken":21,"max_hp_gain":0,"max_hp_loss":0,"event_name":"Shining Light","floor":13,"gold_loss":0,"cards_upgraded":["Static Discharge","Strike_B"]},{"damage_healed":0,"gold_gain":0,"player_choice":"Became a vampire","damage_taken":0,"max_hp_gain":0,"max_hp_loss":22,"event_name":"Vampires","floor":20,"gold_loss":0,"cards_obtained":["Bite","Bite","Bite","Bite","Bite"]},{"damage_healed":0,"gold_gain":0,"player_choice":"Obtained Book","damage_taken":21,"max_hp_gain":0,"max_hp_loss":0,"event_name":"Cursed Tome","floor":22,"gold_loss":0},{"damage_healed":0,"gold_gain":0,"player_choice":"Ignored","damage_taken":0,"max_hp_gain":0,"max_hp_loss":0,"event_name":"Mysterious Sphere","floor":45,"gold_loss":0},{"damage_healed":0,"gold_gain":0,"player_choice":"Max HP","damage_taken":0,"max_hp_gain":0,"max_hp_loss":4,"event_name":"Winding Halls","floor":48,"gold_loss":0}],"is_beta":false,"boss_relics":[{"not_picked":["Cursed Key","Ectoplasm"],"picked":"Snecko Eye"},{"not_picked":["Black Star","Calling Bell"],"picked":"Tiny House"}],"items_purged_floors":[5],"is_endless":false,"potions_floor_spawned":[1,14,16,19,31,33,35,41,46,47],"killed_by":"Awakened One","ascension_level":20}