{"gold_per_floor":[113,127,143,143,143,143,176,176,176,176,208,221,221,252,252,328,328,343,288,48,67,82,82,162,188,234,264,276,288],"floor_reached":29,"playtime":833,"items_purged":["Strike_B"],"score":558,"play_id":"fb2d6ea3-6461-4dff-aec8-f593d2d565aa","local_time":"20190704200738","is_ascension_mode":true,"campfire_choices":[{"data":"Ball Lightning","floor":6.0,"key":"SMITH"},{"floor":8.0,"key":"REST"},{"data":"Zap","floor":10.0,"key":"SMITH"},{"data":"Defragment","floor":15.0,"key":"SMITH"},{"floor":23.0,"key":"REST"}],"neow_cost":"NONE","seed_source_timestamp":437870320669,"circlet_count":0,"master_deck":["AscendersBane","Strike_B","Strike_B","Defend_B","Defend_B+1","Defend_B+1","Defend_B","Zap+1","Dualcast+1","Leap","Ball Lightning+1","Genetic Algorithm+1","Defragment+1","Loop","Sweeping Beam","Biased Cognition","FTL","Conserve Battery","Cold Snap","Coolheaded","Compile Driver","Sunder","Genetic Algorithm"],"special_seed":0,"relics":["Cracked Core","Vajra","Mercury Hourglass","Boot","Ancient Tea Set","The Courier","Orrery","Tiny Chest","Anchor","Pear","Meat on the Bone","War Paint","MawBank","Nilry\u0027s Codex"],"potions_floor_usage":[27],"damage_taken":[{"damage":2.0,"enemies":"Small Slimes","floor":1.0,"turns":3.0},{"damage":1.0,"enemies":"2 Louse","floor":2.0,"turns":2.0},{"damage":5.0,"enemies":"Jaw Worm","floor":3.0,"turns":4.0},{"damage":10.0,"enemies":"Lagavulin","floor":7.0,"turns":7.0},{"damage":5.0,"enemies":"3 Sentries","floor":11.0,"turns":5.0},{"damage":3.0,"enemies":"Looter","floor":12.0,"turns":2.0},{"damage":7.0,"enemies":"Lagavulin","floor":14.0,"turns":5.0},{"damage":5.0,"enemies":"Hexaghost","floor":16.0,"turns":8.0},{"damage":10.0,"enemies":"3 Byrds","floor":18.0,"turns":4.0},{"damage":9.0,"enemies":"Chosen","floor":21.0,"turns":4.0},{"damage":21.0,"enemies":"Shelled Parasite and Fungi","floor":22.0,"turns":7.0},{"damage":30,"enemies":"Gremlin Leader","floor":25,"turns":7},{"damage":5,"enemies":"Slavers","floor":27,"turns":4},{"damage":9,"enemies":"Centurion and Healer","floor":29,"turns":2}],"seed_played":"-4871754075086466195","potions_obtained":[{"floor":1.0,"key":"Swift Potion"},{"floor":7.0,"key":"Swift Potion"},{"floor":12.0,"key":"Weak Potion"},{"floor":16.0,"key":"SkillPotion"},{"floor":25,"key":"Block Potion"}],"is_trial":false,"path_per_floor":["M","M","M","?","?","R","E","R","T","R","E","M","?","E","R","B",null,"M","?","$","M","M","R","T","E","T","E","?","M"],"character_chosen":"DEFECT","items_purchased":["Anchor","Fire Potion"],"campfire_rested":2,"item_purchase_floors":[20,20],"current_hp_per_floor":[62,61,56,49,28,28,18,39,39,39,34,31,31,24,24,19,58,48,48,48,39,18,39,49,19,19,26,5,0],"gold":288,"neow_bonus":"RANDOM_COMMON_RELIC","is_prod":false,"is_daily":false,"chose_seed":false,"campfire_upgraded":3,"win_rate":0,"timestamp":1562263658,"path_taken":["M","M","M","?","?","R","E","R","T","R","E","M","?","E","R","BOSS","M","?","$","M","M","R","?","E","T","E","?","M"],"build_version":"2019-07-03","purchased_purges":1,"victory":false,"max_hp_per_floor":[71,71,71,71,71,71,71,71,71,71,71,71,71,71,71,71,71,71,71,71,71,71,71,81,81,81,81,81,81],"card_choices":[{"not_picked":["Force Field","Double Energy"],"picked":"Leap","floor":1.0},{"not_picked":["Leap","Fusion","Hologram"],"picked":"SKIP","floor":2.0},{"not_picked":["Loop","Rip and Tear"],"picked":"Ball Lightning","floor":3.0},{"not_picked":["Reprogram","Compile Driver"],"picked":"Genetic Algorithm","floor":7.0},{"not_picked":["Go for the Eyes","Hologram"],"picked":"Defragment","floor":11.0},{"not_picked":["Beam Cell","Doom and Gloom"],"picked":"Loop","floor":12.0},{"not_picked":["Go for the Eyes","Gash"],"picked":"Sweeping Beam","floor":14.0},{"not_picked":["Amplify","All For One"],"picked":"Biased Cognition","floor":16.0},{"not_picked":["Barrage","Hologram"],"picked":"FTL","floor":17.0},{"not_picked":["Redo","Hello World"],"picked":"Conserve Battery","floor":17.0},{"not_picked":["Conserve Battery","Leap"],"picked":"Cold Snap","floor":17.0},{"not_picked":["Sweeping Beam","Redo"],"picked":"Coolheaded","floor":17.0},{"not_picked":["Ball Lightning+1","Machine Learning"],"picked":"Compile Driver","floor":18.0},{"not_picked":["Fusion","Steam Power"],"picked":"Sunder","floor":21.0},{"not_picked":["FTL","Streamline"],"picked":"Genetic Algorithm","floor":22.0},{"not_picked":["Conserve Battery","Scrape","White Noise"],"picked":"SKIP","floor":25},{"not_picked":["Reinforced Body","Redo","Rip and Tear+1"],"picked":"SKIP","floor":27}],"player_experience":1805389,"relics_obtained":[{"floor":7.0,"key":"Mercury Hourglass"},{"floor":9.0,"key":"Boot"},{"floor":11.0,"key":"Ancient Tea Set"},{"floor":14.0,"key":"The Courier"},{"floor":24.0,"key":"Pear"},{"floor":25,"key":"Meat on the Bone"},{"floor":26,"key":"War Paint"},{"floor":27,"key":"MawBank"},{"floor":28,"key":"Nilry\u0027s Codex"}],"event_choices":[{"cards_removed":["Strike_B"],"damage_healed":0.0,"max_hp_gain":0.0,"max_hp_loss":0.0,"gold_gain":0.0,"event_name":"Golden Wing","player_choice":"Card Removal","floor":4.0,"gold_loss":0.0,"damage_taken":7.0},{"damage_healed":0.0,"max_hp_gain":0.0,"max_hp_loss":0.0,"gold_gain":0.0,"event_name":"Shining Light","player_choice":"Entered Light","floor":5.0,"gold_loss":0.0,"damage_taken":21.0,"cards_upgraded":["Dualcast","Defend_B"]},{"damage_healed":0.0,"max_hp_gain":0.0,"max_hp_loss":0.0,"gold_gain":0.0,"event_name":"Liars Game","player_choice":"Ignored","floor":13.0,"gold_loss":0.0,"damage_taken":0.0},{"damage_healed":0.0,"max_hp_gain":0.0,"max_hp_loss":0.0,"gold_gain":0.0,"event_name":"Addict","player_choice":"Obtained Relic","floor":19.0,"gold_loss":85.0,"damage_taken":0.0,"relics_obtained":["Tiny Chest"]},{"damage_healed":0,"gold_gain":0,"player_choice":"Obtained Book","damage_taken":21,"max_hp_gain":0,"max_hp_loss":0,"event_name":"Cursed Tome","floor":28,"gold_loss":0}],"is_beta":true,"boss_relics":[{"not_picked":["Tiny House","Snecko Eye"],"picked":"Orrery"}],"items_purged_floors":[20],"is_endless":false,"potions_floor_spawned":[1,7,12,16,21,25],"killed_by":"Centurion and Healer","ascension_level":20}