{"gold_per_floor":[215,235,235,250,250,250,282,282,305,305,318,318,337,367,367,441,441,453,368,379,0,12,12,23,23,23,56,6,18,18,36,36,36],"floor_reached":33,"playtime":753,"items_purged":["Strike_B"],"score":579,"play_id":"2e4f14f5-14d1-410d-bfca-d567b84fd7f3","local_time":"20190705203337","is_ascension_mode":true,"campfire_choices":[{"floor":6,"key":"REST"},{"floor":8,"key":"REST"},{"floor":10,"key":"REST"},{"data":"Barrage","floor":12,"key":"SMITH"},{"data":"Beam Cell","floor":15,"key":"SMITH"},{"floor":23,"key":"REST"},{"floor":25,"key":"REST"},{"floor":32,"key":"REST"}],"neow_cost":"NONE","seed_source_timestamp":3131474548697,"circlet_count":0,"master_deck":["AscendersBane","Strike_B","Strike_B","Strike_B","Defend_B","Defend_B","Defend_B","Defend_B","Zap","Dualcast","Barrage+1","Compile Driver","Hyperbeam+1","Ball Lightning","Leap","Beam Cell+1","Ball Lightning","Electrodynamics","Self Repair","Barrage","Recycle+1","Core Surge","Barrage+1","Recycle","Barrage+1","Recycle"],"relics":["Cracked Core","Bag of Preparation","Dead Branch","Smiling Mask","Mango","Inserter","Dream Catcher","DataDisk","Happy Flower","Symbiotic Virus","WingedGreaves"],"potions_floor_usage":[7,14,33],"damage_taken":[{"damage":11,"enemies":"Small Slimes","floor":1,"turns":4},{"damage":6,"enemies":"2 Louse","floor":2,"turns":3},{"damage":0,"enemies":"Cultist","floor":4,"turns":3},{"damage":8,"enemies":"Gremlin Nob","floor":7,"turns":3},{"damage":23,"enemies":"Lots of Slimes","floor":11,"turns":3},{"damage":0,"enemies":"Gremlin Gang","floor":13,"turns":1},{"damage":11,"enemies":"3 Sentries","floor":14,"turns":4},{"damage":30,"enemies":"Hexaghost","floor":16,"turns":7},{"damage":11,"enemies":"Spheric Guardian","floor":18,"turns":3},{"damage":30,"enemies":"2 Thieves","floor":20,"turns":3},{"damage":26,"enemies":"Centurion and Healer","floor":22,"turns":5},{"damage":38,"enemies":"Snake Plant","floor":24,"turns":4},{"damage":9,"enemies":"Gremlin Leader","floor":27,"turns":4},{"damage":0,"enemies":"Cultist and Chosen","floor":29,"turns":3},{"damage":24,"enemies":"Centurion and Healer","floor":31,"turns":6},{"damage":41,"enemies":"Collector","floor":33,"turns":3}],"seed_played":"-8964156548271666994","potions_obtained":[{"floor":2,"key":"FearPotion"},{"floor":4,"key":"Poison Potion"},{"floor":11,"key":"Regen Potion"},{"floor":14,"key":"Strength Potion"},{"floor":29,"key":"SteroidPotion"}],"is_trial":false,"path_per_floor":["M","M","?","M","?","R","E","R","T","R","M","R","M","E","R","B",null,"M","?","M","$","M","R","M","R","T","E","?","M","$","M","R","B"],"character_chosen":"DEFECT","items_purchased":["DataDisk","Happy Flower"],"campfire_rested":6,"item_purchase_floors":[21,21],"current_hp_per_floor":[53,47,2,2,2,23,15,36,36,57,34,34,34,49,49,19,69,58,58,35,35,16,41,10,35,35,26,26,33,33,16,41,0],"gold":36,"neow_bonus":"HUNDRED_GOLD","is_prod":false,"is_daily":false,"chose_seed":false,"campfire_upgraded":2,"win_rate":0,"timestamp":1562351617,"path_taken":["M","M","?","M","?","R","E","R","T","R","M","R","M","E","R","BOSS","M","?","M","$","M","R","M","R","T","E","?","?","?","?","R","BOSS"],"build_version":"2019-07-03","purchased_purges":1,"victory":false,"max_hp_per_floor":[71,71,71,71,71,71,71,71,71,71,71,71,71,85,85,85,85,85,85,85,85,85,85,85,85,85,85,85,85,85,85,85,85],"card_choices":[{"not_picked":["Go for the Eyes","Reprogram"],"picked":"Barrage","floor":1},{"not_picked":["Hologram","Go for the Eyes"],"picked":"Compile Driver","floor":2},{"not_picked":["Redo","Steam"],"picked":"Hyperbeam","floor":4},{"not_picked":["Rip and Tear","Cold Snap"],"picked":"Ball Lightning","floor":7},{"not_picked":["Force Field","Aggregate"],"picked":"Leap","floor":11},{"not_picked":["Lockon","Barrage"],"picked":"Beam Cell","floor":13},{"not_picked":["FTL","Storm"],"picked":"Ball Lightning","floor":14},{"not_picked":["Hyperbeam","Fission"],"picked":"Electrodynamics","floor":16},{"not_picked":["Beam Cell","Rebound"],"picked":"Self Repair","floor":18},{"not_picked":["Leap","Go for the Eyes","Rebound"],"picked":"SKIP","floor":20},{"not_picked":["Rip and Tear","Skim","Ball Lightning"],"picked":"SKIP","floor":22},{"not_picked":["Streamline","Turbo"],"picked":"Barrage","floor":23},{"not_picked":["Beam Cell","Steam"],"picked":"Recycle+1","floor":24},{"not_picked":["Cold Snap","Hologram"],"picked":"Core Surge","floor":25},{"not_picked":["Beam Cell","Stack"],"picked":"Barrage+1","floor":27},{"not_picked":["Force Field","Reboot"],"picked":"Recycle","floor":29},{"not_picked":["Beam Cell","FTL"],"picked":"Barrage+1","floor":31},{"not_picked":["Reprogram","Skim"],"picked":"Recycle","floor":32}],"player_experience":1811991,"relics_obtained":[{"floor":7,"key":"Dead Branch"},{"floor":9,"key":"Smiling Mask"},{"floor":14,"key":"Mango"},{"floor":26,"key":"Symbiotic Virus"},{"floor":27,"key":"WingedGreaves"}],"event_choices":[{"damage_healed":0,"gold_gain":0,"player_choice":"Success","damage_taken":45,"relics_obtained":["Bag of Preparation"],"max_hp_gain":0,"max_hp_loss":0,"event_name":"Scrap Ooze","floor":3,"gold_loss":0},{"damage_healed":0,"gold_gain":0,"player_choice":"Grow","damage_taken":0,"max_hp_gain":0,"max_hp_loss":0,"event_name":"Living Wall","floor":5,"gold_loss":0,"cards_upgraded":["Hyperbeam"]},{"damage_healed":0,"gold_gain":0,"player_choice":"Obtained Relic","damage_taken":0,"relics_obtained":["Dream Catcher"],"max_hp_gain":0,"max_hp_loss":0,"event_name":"Addict","floor":19,"gold_loss":85},{"damage_healed":0,"gold_gain":0,"player_choice":"Bet on Owner","damage_taken":0,"max_hp_gain":0,"max_hp_loss":0,"event_name":"The Joust","floor":28,"gold_loss":50}],"is_beta":true,"boss_relics":[{"not_picked":["White Beast Statue","Runic Dome"],"picked":"Inserter"}],"items_purged_floors":[21],"is_endless":false,"potions_floor_spawned":[2,4,11,14,18,20,29],"killed_by":"Collector","ascension_level":20}