{"gold_per_floor":[109,127,177,195,210,237,237,270,270,270,283,312,312,324,324,401,401,417,15,29,43,59,88,88,116,163,74,84,84,119,136,136,214,214,232,41,56,74,93,125,135,135,135,147,157,188,28,57,57,57,57,57,57,1,31,31],"floor_reached":57,"playtime":7328,"items_purged":["Strike_R"],"score":3391,"play_id":"42939a1b-9f1e-4cdf-a225-47340c187a6e","local_time":"20190805133421","is_ascension_mode":true,"campfire_choices":[{"data":"Perfected Strike","floor":7.0,"key":"SMITH"},{"data":"Feel No Pain","floor":10.0,"key":"SMITH"},{"data":"Perfected Strike","floor":13.0,"key":"SMITH"},{"data":"Juggernaut","floor":15.0,"key":"SMITH"},{"data":"Corruption","floor":24.0,"key":"SMITH"},{"data":"Barricade","floor":29.0,"key":"SMITH"},{"data":"Warcry","floor":32.0,"key":"SMITH"},{"floor":42.0,"key":"RECALL"},{"floor":49.0,"key":"REST"},{"floor":53.0,"key":"REST"}],"neow_cost":"NONE","seed_source_timestamp":293441833507100,"circlet_count":0,"master_deck":["AscendersBane","Strike_R","Strike_R","Defend_R","Defend_R","Defend_R","Defend_R","Bash","Feel No Pain+1","Wild Strike","Perfected Strike+1","Shrug It Off","Perfected Strike+1","Shockwave","Corruption+1","Juggernaut+1","Barricade+1","Shrug It Off","True Grit+1","Reaper","Body Slam","Dark Embrace","Shrug It Off","Corruption","Second Wind+1","Second Wind","Reaper","Warcry+1","Impervious","Seeing Red","Master of Strategy","Body Slam","Battle Trance","Evolve","Burning Pact","Battle Trance","Warcry","Offering","Battle Trance","Burning Pact","Shockwave","Feel No Pain"],"special_seed":0,"relics":["Burning Blood","Bag of Marbles","Paper Frog","Prayer Wheel","Dead Branch","Sundial","Empty Cage","Magic Flower","StoneCalendar","Nunchaku","Potion Belt","Red Mask","Fusion Hammer","Champion Belt","Strawberry","Centennial Puzzle","PreservedInsect","Lantern"],"potions_floor_usage":[56,56],"damage_taken":[{"damage":14.0,"enemies":"Jaw Worm","floor":1.0,"turns":4.0},{"damage":1.0,"enemies":"Cultist","floor":2.0,"turns":3.0},{"damage":9.0,"enemies":"Small Slimes","floor":4.0,"turns":4.0},{"damage":6.0,"enemies":"Looter","floor":5.0,"turns":2.0},{"damage":3.0,"enemies":"Gremlin Nob","floor":6.0,"turns":3.0},{"damage":22.0,"enemies":"3 Sentries","floor":8.0,"turns":8.0},{"damage":0.0,"enemies":"Exordium Thugs","floor":11.0,"turns":1.0},{"damage":8.0,"enemies":"Gremlin Nob","floor":12.0,"turns":3.0},{"damage":12.0,"enemies":"3 Louse","floor":14.0,"turns":4.0},{"damage":26.0,"enemies":"The Guardian","floor":16.0,"turns":8.0},{"damage":15.0,"enemies":"3 Byrds","floor":18.0,"turns":4.0},{"damage":0.0,"enemies":"2 Thieves","floor":20.0,"turns":5.0},{"damage":1.0,"enemies":"Centurion and Healer","floor":21.0,"turns":5.0},{"damage":40.0,"enemies":"Shelled Parasite and Fungi","floor":22.0,"turns":5.0},{"damage":0.0,"enemies":"Gremlin Leader","floor":23.0,"turns":6.0},{"damage":39.0,"enemies":"Book of Stabbing","floor":25.0,"turns":7.0},{"damage":0.0,"enemies":"3 Cultists","floor":28.0,"turns":3.0},{"damage":0.0,"enemies":"Masked Bandits","floor":30.0,"turns":3.0},{"damage":0.0,"enemies":"Snake Plant","floor":31.0,"turns":5.0},{"damage":0.0,"enemies":"Champ","floor":33.0,"turns":6.0},{"damage":0.0,"enemies":"3 Darklings","floor":35.0,"turns":3.0},{"damage":0.0,"enemies":"Orb Walker","floor":37.0,"turns":3.0},{"damage":3.0,"enemies":"Transient","floor":38.0,"turns":6.0},{"damage":0.0,"enemies":"Jaw Worm Horde","floor":39.0,"turns":3.0},{"damage":0.0,"enemies":"Giant Head","floor":40.0,"turns":4.0},{"damage":11.0,"enemies":"4 Shapes","floor":41.0,"turns":5.0},{"damage":17.0,"enemies":"Transient","floor":44.0,"turns":6.0},{"damage":7.0,"enemies":"3 Darklings","floor":45.0,"turns":3.0},{"damage":16.0,"enemies":"Nemesis","floor":46.0,"turns":3.0},{"damage":6.0,"enemies":"Reptomancer","floor":48.0,"turns":4.0},{"damage":6.0,"enemies":"Time Eater","floor":50.0,"turns":4.0},{"damage":8.0,"enemies":"Donu and Deca","floor":51.0,"turns":7.0},{"damage":6.0,"enemies":"Shield and Spear","floor":55.0,"turns":2.0},{"damage":15,"enemies":"The Heart","floor":56,"turns":8}],"seed_played":"-1182252777250144299","potions_obtained":[{"floor":2.0,"key":"Strength Potion"},{"floor":14.0,"key":"Explosive Potion"},{"floor":16.0,"key":"Poison Potion"},{"floor":18.0,"key":"BloodPotion"},{"floor":20.0,"key":"Poison Potion"},{"floor":31.0,"key":"Dexterity Potion"},{"floor":33.0,"key":"AttackPotion"},{"floor":37.0,"key":"Regen Potion"},{"floor":40.0,"key":"SkillPotion"},{"floor":41.0,"key":"FearPotion"}],"is_trial":false,"path_per_floor":["M","M","?","M","M","E","R","E","T","R","M","E","R","M","R","B",null,"M","$","M","M","M","E","R","E","T","$","M","R","?","M","R","B",null,"M","$","M","M","M","E","M","R","T","M","M","E","$","E","R","B","B",null,"R","$","E","B",null],"character_chosen":"IRONCLAD","items_purchased":["Magic Flower","Corruption","Master of Strategy","Centennial Puzzle","PowerPotion"],"campfire_rested":2,"item_purchase_floors":[19,27,36,47,54],"current_hp_per_floor":[60,65,58,55,55,58,58,42,42,42,48,46,46,40,40,20,61,52,52,61,69,49,58,58,28,28,28,69,69,75,75,75,75,75,75,75,75,75,75,75,75,75,75,73,75,82,82,82,82,82,82,82,82,82,82,82],"gold":31,"neow_bonus":"RANDOM_COMMON_RELIC","is_prod":false,"is_daily":false,"chose_seed":false,"campfire_upgraded":7,"win_rate":0,"timestamp":1565037261,"path_taken":["M","M","?","M","?","E","R","E","T","R","M","E","R","M","R","BOSS","M","$","M","M","M","E","R","E","T","$","M","R","?","M","R","BOSS","M","$","M","M","M","E","M","R","T","M","M","E","$","E","R","BOSS","BOSS","R","$","E","BOSS"],"build_version":"2019-07-17","purchased_purges":1,"victory":true,"max_hp_per_floor":[75,75,75,75,75,75,75,75,75,75,75,75,75,75,75,75,75,75,75,75,75,75,75,75,75,75,75,75,75,75,75,75,75,75,75,75,75,75,75,75,75,75,75,75,75,82,82,82,82,82,82,82,82,82,82,82],"card_choices":[{"not_picked":["Wild Strike","Warcry"],"picked":"Feel No Pain","floor":1.0},{"not_picked":["Flex","Rage"],"picked":"Wild Strike","floor":2.0},{"not_picked":["Sentinel","Whirlwind"],"picked":"Perfected Strike","floor":4.0},{"not_picked":["Headbutt","Havoc"],"picked":"Shrug It Off","floor":5.0},{"not_picked":["Berserk","Twin Strike"],"picked":"Perfected Strike","floor":6.0},{"not_picked":["Intimidate","Havoc","Blood for Blood"],"picked":"SKIP","floor":8.0},{"not_picked":["Flex","Rupture"],"picked":"Shockwave","floor":11.0},{"not_picked":["Cleave","Headbutt","Rage"],"picked":"SKIP","floor":11.0},{"not_picked":["Clash","Iron Wave","Perfected Strike"],"picked":"SKIP","floor":12.0},{"not_picked":["Intimidate","True Grit"],"picked":"Corruption","floor":14.0},{"not_picked":["Wild Strike","Pummel"],"picked":"Juggernaut","floor":14.0},{"not_picked":["Exhume","Fiend Fire"],"picked":"Barricade","floor":16.0},{"not_picked":["Clash","Flex"],"picked":"Shrug It Off","floor":18.0},{"not_picked":["Clash+1","Pommel Strike","Evolve"],"picked":"SKIP","floor":18.0},{"not_picked":["Clash+1","Pommel Strike","Evolve"],"picked":"SKIP","floor":18.0},{"not_picked":["Flex","Berserk","Perfected Strike"],"picked":"SKIP","floor":20.0},{"not_picked":["Wild Strike","Sever Soul","Cleave"],"picked":"SKIP","floor":20.0},{"not_picked":["Anger","Twin Strike"],"picked":"True Grit+1","floor":21.0},{"not_picked":["Heavy Blade","Whirlwind"],"picked":"Reaper","floor":21.0},{"not_picked":["Armaments","Searing Blow"],"picked":"Body Slam","floor":22.0},{"not_picked":["Sword Boomerang","True Grit","Whirlwind"],"picked":"SKIP","floor":22.0},{"not_picked":["Iron Wave+1","Bludgeon"],"picked":"Dark Embrace","floor":23.0},{"not_picked":["Dual Wield","Clash"],"picked":"Shrug It Off","floor":25.0},{"not_picked":["Flex","Headbutt"],"picked":"Second Wind+1","floor":28.0},{"not_picked":["Cleave","Clothesline+1","Sword Boomerang"],"picked":"SKIP","floor":28.0},{"not_picked":["Dual Wield","Cleave"],"picked":"Second Wind","floor":30.0},{"not_picked":["Warcry","Metallicize"],"picked":"Reaper","floor":31.0},{"not_picked":["Twin Strike","Flex"],"picked":"Warcry","floor":31.0},{"not_picked":["Juggernaut","Immolate"],"picked":"Impervious","floor":33.0},{"not_picked":["Combust+1","Pommel Strike"],"picked":"Seeing Red","floor":35.0},{"not_picked":["Perfected Strike+1","True Grit","Metallicize"],"picked":"SKIP","floor":35.0},{"not_picked":["Flex","Heavy Blade"],"picked":"Body Slam","floor":37.0},{"not_picked":["Flex+1","Heavy Blade","Body Slam"],"picked":"SKIP","floor":37.0},{"not_picked":["Perfected Strike","Wild Strike"],"picked":"Battle Trance","floor":38.0},{"not_picked":["Iron Wave","Whirlwind","Evolve"],"picked":"SKIP","floor":38.0},{"not_picked":["Iron Wave","Whirlwind"],"picked":"Evolve","floor":38.0},{"not_picked":["Pommel Strike+1","Wild Strike"],"picked":"Burning Pact","floor":39.0},{"not_picked":["Iron Wave","Thunderclap","Rampage+1"],"picked":"SKIP","floor":39.0},{"not_picked":["Anger+1","Body Slam","Carnage+1"],"picked":"SKIP","floor":40.0},{"not_picked":["Dual Wield","Clash"],"picked":"Battle Trance","floor":41.0},{"not_picked":["Anger","Twin Strike"],"picked":"Warcry","floor":41.0},{"not_picked":["Havoc+1","Whirlwind"],"picked":"Offering","floor":44.0},{"not_picked":["Cleave","Intimidate+1"],"picked":"Battle Trance","floor":44.0},{"not_picked":["Carnage","Spot Weakness"],"picked":"Burning Pact","floor":45.0},{"not_picked":["Carnage","Clothesline+1"],"picked":"Shockwave","floor":45.0},{"not_picked":["Uppercut+1","Headbutt","Heavy Blade"],"picked":"SKIP","floor":46.0},{"not_picked":["Rupture+1","Cleave"],"picked":"Feel No Pain","floor":48.0},{"not_picked":["Pommel Strike","Cleave+1","Body Slam"],"picked":"SKIP","floor":55.0}],"player_experience":1257539,"relics_obtained":[{"floor":6.0,"key":"Paper Frog"},{"floor":8.0,"key":"Prayer Wheel"},{"floor":9.0,"key":"Dead Branch"},{"floor":12.0,"key":"Sundial"},{"floor":23.0,"key":"StoneCalendar"},{"floor":25.0,"key":"Nunchaku"},{"floor":26.0,"key":"Potion Belt"},{"floor":30.0,"key":"Red Mask"},{"floor":40.0,"key":"Champion Belt"},{"floor":46.0,"key":"Strawberry"},{"floor":48.0,"key":"PreservedInsect"},{"floor":55.0,"key":"Lantern"}],"event_choices":[{"damage_healed":0.0,"max_hp_gain":0.0,"max_hp_loss":0.0,"gold_gain":50.0,"event_name":"FaceTrader","player_choice":"Touch","floor":3.0,"gold_loss":0.0,"damage_taken":7.0},{"damage_healed":0.0,"max_hp_gain":0.0,"max_hp_loss":0.0,"gold_gain":0.0,"event_name":"Masked Bandits","player_choice":"Fought Bandits","floor":30.0,"gold_loss":0.0,"damage_taken":0.0}],"is_beta":false,"boss_relics":[{"not_picked":["Velvet Choker","Ectoplasm"],"picked":"Empty Cage"},{"not_picked":["Cursed Key","Runic Cube"],"picked":"Fusion Hammer"}],"items_purged_floors":[19],"is_endless":false,"potions_floor_spawned":[2,14,16,18,20,21,31,33,37,40,41,46],"ascension_level":20}