{"gold_per_floor":[111,111,71,71,87,87,97,131,131,131,32,32,60,60,60,137,137,152,77,527,427,444,444,444,476,502,502,535,552,571,583,583,657,657,671,108,125,0,100,132,132,159,205,240,257,257,257,268,268,268,268,268,268,134,160,160],"floor_reached":59,"playtime":2158,"items_purged":["Strike_G","Strike_G","Strike_G","Metamorphosis+1"],"score":3563,"play_id":"97bebb2c-65e5-462a-bf9e-ab745fae5df5","local_time":"20190809032429","is_ascension_mode":true,"campfire_choices":[{"data":"Flechettes","floor":6.0,"key":"SMITH"},{"data":"Impatience","floor":10.0,"key":"SMITH"},{"floor":12.0,"key":"REST"},{"data":"Metamorphosis","floor":15.0,"key":"SMITH"},{"floor":23.0,"key":"REST"},{"floor":32.0,"key":"RECALL"},{"data":"Neutralize","floor":43.0,"key":"SMITH"},{"data":"Survivor","floor":48.0,"key":"SMITH"},{"data":"Defend_G","floor":51.0,"key":"SMITH"},{"data":"Defend_G","floor":55.0,"key":"SMITH"}],"neow_cost":"TEN_PERCENT_HP_LOSS","seed_source_timestamp":224011760472516,"circlet_count":0,"master_deck":["AscendersBane","Defend_G+1","Defend_G","Defend_G+1","Defend_G+1","Defend_G+1","Survivor+1","Neutralize+1","Impatience+1","Flechettes+1","Acrobatics+1","Purity+1","PiercingWail+1","Concentrate+1","Tactician+1","Calculated Gamble+1","Reflex+1","Prepared+1"],"special_seed":0,"relics":["Ring of the Snake","Toxic Egg 2","Lantern","Bottled Lightning","Orichalcum","Philosopher\u0027s Stone","Blood Vial","Bag of Marbles","Centennial Puzzle","Snake Skull","Black Star","Paper Crane","Ancient Tea Set","Red Mask","Torii","Pen Nib","Smiling Mask","Shuriken","Potion Belt","Happy Flower","War Paint","Mummified Hand","Bronze Scales"],"potions_floor_usage":[58,58],"damage_taken":[{"damage":9.0,"enemies":"Small Slimes","floor":1.0,"turns":4.0},{"damage":2.0,"enemies":"Jaw Worm","floor":5.0,"turns":3.0},{"damage":0.0,"enemies":"Cultist","floor":7.0,"turns":2.0},{"damage":25.0,"enemies":"Lagavulin","floor":8.0,"turns":10.0},{"damage":15.0,"enemies":"3 Sentries","floor":13.0,"turns":5.0},{"damage":22.0,"enemies":"Slime Boss","floor":16.0,"turns":9.0},{"damage":13.0,"enemies":"2 Thieves","floor":18.0,"turns":2.0},{"damage":0.0,"enemies":"Shell Parasite","floor":22.0,"turns":4.0},{"damage":2.0,"enemies":"Slavers","floor":25.0,"turns":4.0},{"damage":13.0,"enemies":"Book of Stabbing","floor":28.0,"turns":5.0},{"damage":0.0,"enemies":"Centurion and Healer","floor":29.0,"turns":1.0},{"damage":4.0,"enemies":"3 Cultists","floor":30.0,"turns":4.0},{"damage":4.0,"enemies":"Sentry and Sphere","floor":31.0,"turns":3.0},{"damage":0.0,"enemies":"Automaton","floor":33.0,"turns":2.0},{"damage":6.0,"enemies":"3 Shapes","floor":37.0,"turns":6.0},{"damage":0.0,"enemies":"3 Darklings","floor":39.0,"turns":2.0},{"damage":0.0,"enemies":"Mind Bloom Boss Battle","floor":41.0,"turns":2.0},{"damage":0.0,"enemies":"Nemesis","floor":42.0,"turns":2.0},{"damage":0.0,"enemies":"Reptomancer","floor":44.0,"turns":1.0},{"damage":0.0,"enemies":"Nemesis","floor":46.0,"turns":1.0},{"damage":0.0,"enemies":"Maw","floor":47.0,"turns":2.0},{"damage":0.0,"enemies":"Spire Growth","floor":50.0,"turns":2.0},{"damage":0.0,"enemies":"Time Eater","floor":52.0,"turns":4.0},{"damage":0.0,"enemies":"Awakened One","floor":53.0,"turns":4.0},{"damage":0.0,"enemies":"Shield and Spear","floor":57.0,"turns":1.0},{"damage":68,"enemies":"The Heart","floor":58,"turns":8}],"seed_played":"6894668289014024294","potions_obtained":[{"floor":5.0,"key":"Swift Potion"},{"floor":7.0,"key":"Strength Potion"},{"floor":16.0,"key":"SteroidPotion"},{"floor":18.0,"key":"Ancient Potion"},{"floor":22.0,"key":"GhostInAJar"},{"floor":25.0,"key":"Poison Potion"},{"floor":30.0,"key":"SkillPotion"},{"floor":39.0,"key":"SkillPotion"},{"floor":41.0,"key":"Block Potion"},{"floor":44.0,"key":"Regen Potion"}],"is_trial":false,"path_per_floor":["M","?","$","?","M","R","M","E","T","R","$","R","E","?","R","B",null,"M","$","?","$","M","R","?","E","T","?","E","M","M","M","R","B",null,"M","$","M","?","?","E","R","E","T","E","M","R","?","M","R","B","B",null,"R","$","E","B",null],"character_chosen":"THE_SILENT","items_purchased":["Flechettes","Purity+1","Paper Crane","Ancient Tea Set","GamblersBrew"],"campfire_rested":2,"item_purchase_floors":[3,11,38,38,56],"current_hp_per_floor":[50,45,45,45,43,43,43,18,18,18,18,36,21,41,41,19,50,37,37,1,1,1,19,19,17,17,17,6,8,6,4,4,6,59,54,54,56,56,58,60,60,60,60,60,60,60,60,60,60,60,60,60,60,60,60,7],"gold":160,"neow_bonus":"RANDOM_COLORLESS_2","is_prod":false,"is_daily":false,"chose_seed":false,"campfire_upgraded":7,"win_rate":0,"timestamp":1565288669,"path_taken":["M","?","$","?","M","R","M","E","T","R","?","R","E","?","R","BOSS","M","$","?","?","?","R","?","E","T","?","E","?","M","M","R","BOSS","M","$","M","?","?","E","R","E","T","E","M","R","?","M","R","BOSS","BOSS","R","$","E","BOSS"],"build_version":"2019-07-17","purchased_purges":4,"victory":true,"max_hp_per_floor":[60,60,60,60,60,60,60,60,60,60,60,60,60,60,60,60,60,60,60,60,60,60,60,60,60,60,60,60,60,60,60,60,60,60,60,60,60,60,60,60,60,60,60,60,60,60,60,60,60,60,60,60,60,60,60,60],"card_choices":[{"not_picked":["Dodge and Roll","Sucker Punch","Cloak And Dagger"],"picked":"SKIP","floor":1.0},{"not_picked":["Grand Finale","Underhanded Strike"],"picked":"Acrobatics+1","floor":5.0},{"not_picked":["Choke","Dagger Throw","Blade Dance+1"],"picked":"SKIP","floor":7.0},{"not_picked":["Caltrops","Dagger Spray","Quick Slash"],"picked":"SKIP","floor":8.0},{"not_picked":["Cloak And Dagger+1","Dagger Spray"],"picked":"PiercingWail+1","floor":13.0},{"not_picked":["Bouncing Flask+1","Outmaneuver+1","Poisoned Stab"],"picked":"SKIP","floor":18.0},{"not_picked":["Dash","Dagger Throw"],"picked":"Concentrate+1","floor":22.0},{"not_picked":["Poisoned Stab+1","Setup+1","Terror+1"],"picked":"SKIP","floor":25.0},{"not_picked":["Skewer","Well Laid Plans"],"picked":"Calculated Gamble+1","floor":28.0},{"not_picked":["Poisoned Stab","PiercingWail+1"],"picked":"Reflex+1","floor":29.0},{"not_picked":["Dagger Spray","Expertise+1","Terror+1"],"picked":"SKIP","floor":30.0},{"not_picked":["Bane","Quick Slash","Dodge and Roll+1"],"picked":"SKIP","floor":31.0},{"not_picked":["Backstab","Cloak And Dagger+1"],"picked":"Prepared+1","floor":37.0},{"not_picked":["Skewer","Flying Knee","Poisoned Stab"],"picked":"SKIP","floor":39.0},{"not_picked":["Skewer","Finisher","Endless Agony"],"picked":"SKIP","floor":42.0},{"not_picked":["Poisoned Stab","Riddle With Holes","Choke"],"picked":"SKIP","floor":44.0},{"not_picked":["Night Terror+1","Eviscerate","Riddle With Holes+1"],"picked":"SKIP","floor":46.0},{"not_picked":["Reflex+1","Outmaneuver+1","Deadly Poison+1"],"picked":"SKIP","floor":47.0},{"not_picked":["Reflex+1","Outmaneuver+1","Deadly Poison+1"],"picked":"SKIP","floor":47.0},{"not_picked":["Outmaneuver+1","Heel Hook+1","Blur+1"],"picked":"SKIP","floor":50.0},{"not_picked":["Reflex+1","Catalyst+1","Prepared+1"],"picked":"SKIP","floor":57.0}],"player_experience":822422,"relics_obtained":[{"floor":8.0,"key":"Lantern"},{"floor":9.0,"key":"Bottled Lightning"},{"floor":13.0,"key":"Orichalcum"},{"floor":25.0,"key":"Blood Vial"},{"floor":26.0,"key":"Bag of Marbles"},{"floor":28.0,"key":"Snake Skull"},{"floor":41.0,"key":"Torii"},{"floor":42.0,"key":"Pen Nib"},{"floor":42.0,"key":"Smiling Mask"},{"floor":44.0,"key":"Shuriken"},{"floor":44.0,"key":"Potion Belt"},{"floor":46.0,"key":"Happy Flower"},{"floor":46.0,"key":"War Paint"},{"floor":57.0,"key":"Mummified Hand"},{"floor":57.0,"key":"Bronze Scales"}],"event_choices":[{"damage_healed":0.0,"max_hp_gain":0.0,"max_hp_loss":0.0,"gold_gain":0.0,"event_name":"Scrap Ooze","player_choice":"Success","floor":2.0,"gold_loss":0.0,"damage_taken":5.0,"relics_obtained":["Toxic Egg 2"]},{"cards_removed":["Strike_G"],"damage_healed":0.0,"max_hp_gain":0.0,"max_hp_loss":0.0,"gold_gain":0.0,"event_name":"Purifier","player_choice":"Purged","floor":4.0,"gold_loss":0.0,"damage_taken":0.0},{"damage_healed":20.0,"max_hp_gain":0.0,"max_hp_loss":0.0,"gold_gain":0.0,"event_name":"Big Fish","player_choice":"Banana","floor":14.0,"gold_loss":0.0,"damage_taken":0.0},{"damage_healed":0.0,"max_hp_gain":0.0,"max_hp_loss":0.0,"gold_gain":450.0,"event_name":"Knowing Skull","player_choice":"GOLD GOLD GOLD GOLD GOLD ","floor":20.0,"potions_obtained":[],"gold_loss":0.0,"damage_taken":36.0,"cards_obtained":[]},{"damage_healed":0.0,"max_hp_gain":0.0,"max_hp_loss":0.0,"gold_gain":0.0,"event_name":"The Library","player_choice":"Read","floor":24.0,"gold_loss":0.0,"damage_taken":0.0,"cards_obtained":["Tactician"]},{"damage_healed":0.0,"max_hp_gain":0.0,"max_hp_loss":0.0,"gold_gain":0.0,"event_name":"WeMeetAgain","player_choice":"Gave Potion","floor":27.0,"gold_loss":0.0,"damage_taken":0.0,"relics_obtained":["Centennial Puzzle"]},{"damage_healed":0.0,"max_hp_gain":0.0,"max_hp_loss":0.0,"gold_gain":0.0,"event_name":"Tomb of Lord Red Mask","player_choice":"Paid","floor":40.0,"gold_loss":125.0,"damage_taken":0.0,"relics_obtained":["Red Mask"]},{"damage_healed":0.0,"max_hp_gain":0.0,"max_hp_loss":0.0,"gold_gain":0.0,"event_name":"MindBloom","player_choice":"Fight","floor":41.0,"gold_loss":0.0,"damage_taken":0.0},{"cards_removed":["Strike_G"],"damage_healed":0.0,"max_hp_gain":0.0,"max_hp_loss":0.0,"gold_gain":0.0,"event_name":"Bonfire Elementals","player_choice":"Offered Basic","floor":49.0,"gold_loss":0.0,"damage_taken":0.0}],"is_beta":false,"boss_relics":[{"not_picked":["Sozu","HoveringKite"],"picked":"Philosopher\u0027s Stone"},{"not_picked":["Pandora\u0027s Box","Orrery"],"picked":"Black Star"}],"items_purged_floors":[19,21,38,56],"is_endless":false,"potions_floor_spawned":[5,7,16,18,22,25,30,39,41,44],"ascension_level":20}