{"gold_per_floor":[115,115,115,129,54,86,86,118,118,145,145,145,172,183,183,183],"floor_reached":16,"playtime":1054,"items_purged":["Regret"],"score":227,"play_id":"079fd66a-47f8-44b7-96f0-48eea65e5ff7","local_time":"20190803152151","is_ascension_mode":true,"campfire_choices":[{"data":"Neutralize","floor":7.0,"key":"SMITH"},{"floor":11.0,"key":"REST"},{"floor":15.0,"key":"REST"}],"neow_cost":"NONE","seed_source_timestamp":386824989721600,"circlet_count":0,"master_deck":["AscendersBane","Strike_G","Strike_G","Strike_G","Strike_G","Strike_G+1","Defend_G","Defend_G","Defend_G","Defend_G","Defend_G","Survivor+1","Neutralize+1","Dagger Spray","Poisoned Stab","Wraith Form v2+1","Well Laid Plans","Predator","Leg Sweep","Escape Plan"],"special_seed":0,"relics":["Ring of the Snake","NeowsBlessing","Ginger","Pear","Smiling Mask","Matryoshka","Bottled Flame","Gremlin Horn"],"potions_floor_usage":[16,16],"damage_taken":[{"damage":0.0,"enemies":"Cultist","floor":1.0,"turns":1.0},{"damage":0.0,"enemies":"Jaw Worm","floor":4.0,"turns":1.0},{"damage":0.0,"enemies":"Lagavulin","floor":6.0,"turns":1.0},{"damage":24.0,"enemies":"Gremlin Nob","floor":8.0,"turns":5.0},{"damage":21.0,"enemies":"Lagavulin","floor":10.0,"turns":9.0},{"damage":21.0,"enemies":"3 Sentries","floor":13.0,"turns":8.0},{"damage":0.0,"enemies":"Small Slimes","floor":14.0,"turns":3.0},{"damage":48,"enemies":"Slime Boss","floor":16,"turns":8}],"seed_played":"-823535500459610167","potions_obtained":[{"floor":6.0,"key":"SpeedPotion"},{"floor":8.0,"key":"Block Potion"},{"floor":10.0,"key":"Fire Potion"}],"is_trial":false,"path_per_floor":["M","?","?","M","$","E","R","E","T","E","R","?","E","M","R","B"],"character_chosen":"THE_SILENT","items_purchased":[],"campfire_rested":2,"item_purchase_floors":[],"current_hp_per_floor":[63,49,49,49,49,59,59,35,35,14,38,38,17,17,41,0],"gold":183,"neow_bonus":"THREE_ENEMY_KILL","is_prod":false,"is_daily":false,"chose_seed":false,"campfire_upgraded":1,"win_rate":0,"timestamp":1564860111,"path_taken":["M","?","?","M","$","E","R","E","T","E","R","?","E","M","R","BOSS"],"build_version":"2019-07-18","purchased_purges":1,"victory":false,"max_hp_per_floor":[70,70,70,70,70,80,80,80,80,80,80,80,80,80,80,80],"card_choices":[{"not_picked":["Backflip","Quick Slash"],"picked":"Dagger Spray","floor":1.0},{"not_picked":["Outmaneuver","Dagger Spray"],"picked":"Poisoned Stab","floor":4.0},{"not_picked":["PiercingWail","Escape Plan"],"picked":"Wraith Form v2","floor":6.0},{"not_picked":["Eviscerate","Night Terror"],"picked":"Well Laid Plans","floor":8.0},{"not_picked":["Prepared","Blade Dance"],"picked":"Predator","floor":10.0},{"not_picked":["A Thousand Cuts","Deflect"],"picked":"Leg Sweep","floor":13.0},{"not_picked":["Outmaneuver","Expertise"],"picked":"Escape Plan","floor":14.0}],"player_experience":336957,"relics_obtained":[{"floor":6.0,"key":"Pear"},{"floor":8.0,"key":"Smiling Mask"},{"floor":9.0,"key":"Matryoshka"},{"floor":10.0,"key":"Bottled Flame"},{"floor":13.0,"key":"Gremlin Horn"}],"event_choices":[{"damage_healed":0.0,"max_hp_gain":0.0,"max_hp_loss":0.0,"gold_gain":0.0,"event_name":"Shining Light","player_choice":"Entered Light","floor":2.0,"gold_loss":0.0,"damage_taken":14.0,"cards_upgraded":["Strike_G","Survivor"]},{"damage_healed":0.0,"max_hp_gain":0.0,"max_hp_loss":0.0,"gold_gain":0.0,"event_name":"Big Fish","player_choice":"Box","floor":3.0,"gold_loss":0.0,"damage_taken":0.0,"relics_obtained":["Ginger"],"cards_obtained":["Regret"]},{"damage_healed":0.0,"max_hp_gain":0.0,"max_hp_loss":0.0,"gold_gain":0.0,"event_name":"Living Wall","player_choice":"Grow","floor":12.0,"gold_loss":0.0,"damage_taken":0.0,"cards_upgraded":["Wraith Form v2"]}],"is_beta":true,"boss_relics":[],"items_purged_floors":[5],"is_endless":false,"potions_floor_spawned":[6,8,10],"killed_by":"Slime Boss","ascension_level":10}