{"gold_per_floor":[119,136,136,136,155,172,185,185,238,313,327,277,292,292,292,390,390,407,322,25,45,45,45,61,241,241,241,256,268,268,117,117,217,217,233,252,252,272,289,319,319,344,344,361,361,361],"floor_reached":46,"playtime":5609,"items_purged":[],"score":498,"play_id":"3627a1ed-ffca-46ed-b4f9-67aa210658af","local_time":"20190806105113","is_ascension_mode":true,"campfire_choices":[{"data":"Zap","floor":8,"key":"SMITH"},{"floor":15,"key":"REST"},{"data":"Go for the Eyes","floor":23,"key":"SMITH"},{"data":"Conserve Battery","floor":27,"key":"SMITH"},{"data":"Barrage","floor":30,"key":"SMITH"},{"floor":32,"key":"REST"},{"floor":41,"key":"REST"}],"neow_cost":"PERCENT_DAMAGE","seed_source_timestamp":105373711525500,"circlet_count":0,"master_deck":["Zap+1","Dualcast","Madness","PanicButton+1","Streamline+1","Conserve Battery+1","Steam+1","Go for the Eyes+1","Redo","Ball Lightning","Electrodynamics+1","Glacier","Stack","Capacitor+1","Hologram","Conserve Battery","Redo+1","Static Discharge+1","Conserve Battery","Electrodynamics+1","Auto Shields","Heatsinks+1","Barrage+1","White Noise","Storm+1","Echo Form+1","Reinforced Body","Auto Shields+1","Biased Cognition+1","Hologram+1","Shame","Panacea"],"relics":["Cracked Core","Art of War","Frozen Egg 2","Pandora\u0027s Box","War Paint","Cables","Cursed Key","Happy Flower","Bag of Preparation","Blood Vial"],"potions_floor_usage":[28,33,35,46,46,46],"damage_taken":[{"damage":8,"enemies":"2 Louse","floor":1,"turns":3},{"damage":0,"enemies":"Small Slimes","floor":2,"turns":4},{"damage":6,"enemies":"Jaw Worm","floor":5,"turns":3},{"damage":1,"enemies":"Exordium Thugs","floor":6,"turns":5},{"damage":0,"enemies":"Exordium Wildlife","floor":7,"turns":3},{"damage":4,"enemies":"3 Louse","floor":11,"turns":3},{"damage":7,"enemies":"Exordium Thugs","floor":13,"turns":3},{"damage":45,"enemies":"Hexaghost","floor":16,"turns":10},{"damage":14,"enemies":"2 Thieves","floor":18,"turns":2},{"damage":0,"enemies":"Chosen","floor":21,"turns":6},{"damage":8,"enemies":"Centurion and Healer","floor":24,"turns":4},{"damage":8,"enemies":"Sentry and Sphere","floor":28,"turns":4},{"damage":0,"enemies":"Snecko","floor":29,"turns":4},{"damage":22,"enemies":"Champ","floor":33,"turns":7},{"damage":14,"enemies":"3 Darklings","floor":35,"turns":3},{"damage":8,"enemies":"Orb Walker","floor":36,"turns":3},{"damage":34,"enemies":"Spire Growth","floor":38,"turns":5},{"damage":0,"enemies":"Jaw Worm Horde","floor":39,"turns":2},{"damage":2,"enemies":"Giant Head","floor":40,"turns":7},{"damage":30,"enemies":"Nemesis","floor":42,"turns":7},{"damage":0,"enemies":"Sphere and 2 Shapes","floor":44,"turns":2},{"damage":16,"enemies":"Reptomancer","floor":46,"turns":3}],"seed_played":"7877047977069625043","potions_obtained":[{"floor":2,"key":"Poison Potion"},{"floor":6,"key":"Dexterity Potion"},{"floor":13,"key":"Fire Potion"},{"floor":21,"key":"FocusPotion"},{"floor":33,"key":"AttackPotion"},{"floor":35,"key":"Fire Potion"},{"floor":40,"key":"Energy Potion"}],"is_trial":false,"path_per_floor":["M","M","?","?","M","M","M","R","T","?","M","?","M","?","R","B",null,"M","?","$","M","?","R","M","?","T","R","M","M","R","$","R","B",null,"M","M","?","M","M","E","R","E","T","M","?","E"],"character_chosen":"DEFECT","items_purchased":["Cables","Static Discharge+1","Storm+1","FocusPotion"],"campfire_rested":3,"item_purchase_floors":[20,20,31,31],"current_hp_per_floor":[46,46,31,56,50,49,49,49,49,42,38,38,31,31,53,8,75,61,61,61,61,61,61,53,32,32,32,24,24,24,24,46,24,75,61,53,53,19,19,17,38,8,8,10,10,0],"gold":361,"neow_bonus":"RANDOM_COLORLESS_2","is_prod":false,"is_daily":false,"chose_seed":false,"campfire_upgraded":4,"win_rate":0,"timestamp":1565056273,"path_taken":["M","M","?","?","M","M","M","R","T","?","?","?","M","?","R","BOSS","M","?","$","M","?","R","M","?","T","R","M","?","R","?","R","BOSS","M","M","?","M","M","E","R","E","T","M","?","E"],"build_version":"2019-07-17","purchased_purges":0,"victory":false,"max_hp_per_floor":[75,75,75,75,75,75,75,75,75,75,75,75,75,75,75,75,75,75,75,75,75,75,75,75,75,75,75,75,75,75,75,75,75,75,75,75,71,71,71,71,71,71,71,71,71,71],"card_choices":[{"not_picked":["Sunder","Lockon"],"picked":"Streamline","floor":1},{"not_picked":["Lockon","Beam Cell"],"picked":"Conserve Battery","floor":2},{"not_picked":["Rebound","Doom and Gloom"],"picked":"Steam","floor":5},{"not_picked":["Fission","Force Field"],"picked":"Go for the Eyes","floor":6},{"not_picked":["Turbo","Go for the Eyes","Darkness"],"picked":"SKIP","floor":7},{"not_picked":["Gash","Genetic Algorithm"],"picked":"Redo","floor":11},{"not_picked":["Hologram","Barrage"],"picked":"Ball Lightning","floor":13},{"not_picked":["Core Surge","Buffer+1"],"picked":"Electrodynamics+1","floor":16},{"not_picked":["Coolheaded","Hologram"],"picked":"Redo+1","floor":18},{"not_picked":["Go for the Eyes","Redo"],"picked":"Conserve Battery","floor":21},{"not_picked":["Rebound","Gash"],"picked":"Heatsinks+1","floor":24},{"not_picked":["Conserve Battery","Hologram"],"picked":"Barrage","floor":28},{"not_picked":["Chill","Steam"],"picked":"White Noise","floor":29},{"not_picked":["Meteor Strike","Electrodynamics+1"],"picked":"Echo Form+1","floor":33},{"not_picked":["Redo+1","Conserve Battery+1"],"picked":"Reinforced Body","floor":35},{"not_picked":["Coolheaded","Beam Cell"],"picked":"Auto Shields+1","floor":36},{"not_picked":["Compile Driver+1","Stack+1"],"picked":"Biased Cognition+1","floor":38},{"not_picked":["Turbo","Compile Driver","Conserve Battery"],"picked":"SKIP","floor":39},{"not_picked":["Stack","Heatsinks+1"],"picked":"Hologram+1","floor":40},{"not_picked":["Compile Driver","Sunder","Chaos+1"],"picked":"SKIP","floor":42},{"not_picked":["Beam Cell","Chaos+1","Rebound"],"picked":"SKIP","floor":44},{"not_picked":["Enlightenment","Magnetism+1"],"picked":"Panacea","floor":45}],"player_experience":175764,"relics_obtained":[{"floor":9,"key":"Art of War"},{"floor":40,"key":"Happy Flower"},{"floor":42,"key":"Bag of Preparation"},{"floor":43,"key":"Blood Vial"}],"event_choices":[{"damage_healed":0,"gold_gain":0,"player_choice":"Entered Light","damage_taken":15,"max_hp_gain":0,"max_hp_loss":0,"event_name":"Shining Light","floor":3,"gold_loss":0,"cards_upgraded":["Streamline","Strike_B"]},{"damage_healed":25,"gold_gain":0,"player_choice":"Banana","damage_taken":0,"max_hp_gain":0,"max_hp_loss":0,"event_name":"Big Fish","floor":4,"gold_loss":0},{"damage_healed":0,"gold_gain":75,"player_choice":"Touch","damage_taken":7,"max_hp_gain":0,"max_hp_loss":0,"event_name":"FaceTrader","floor":10,"gold_loss":0},{"cards_removed":["Strike_B"],"damage_healed":0,"gold_gain":0,"player_choice":"Card Removal","damage_taken":0,"max_hp_gain":0,"max_hp_loss":0,"event_name":"The Cleric","floor":12,"gold_loss":50},{"damage_healed":0,"gold_gain":0,"player_choice":"Searched \u00271\u0027 times","damage_taken":0,"relics_obtained":["Frozen Egg 2"],"max_hp_gain":0,"max_hp_loss":0,"event_name":"Dead Adventurer","floor":14,"gold_loss":0},{"damage_healed":0,"gold_gain":0,"player_choice":"Obtained Relic","damage_taken":0,"relics_obtained":["War Paint"],"max_hp_gain":0,"max_hp_loss":0,"event_name":"Addict","floor":19,"gold_loss":85},{"damage_healed":0,"gold_gain":0,"cards_transformed":["Compile Driver","Electrodynamics"],"player_choice":"Became Test Subject","damage_taken":0,"max_hp_gain":0,"max_hp_loss":0,"event_name":"Drug Dealer","floor":22,"gold_loss":0,"cards_obtained":["Electrodynamics","Auto Shields"]},{"damage_healed":0,"gold_gain":180,"player_choice":"GOLD GOLD ","damage_taken":21,"max_hp_gain":0,"max_hp_loss":0,"event_name":"Knowing Skull","floor":25,"potions_obtained":[],"gold_loss":0,"cards_obtained":[]},{"damage_healed":0,"gold_gain":0,"player_choice":"Max HP","damage_taken":0,"max_hp_gain":0,"max_hp_loss":4,"event_name":"Winding Halls","floor":37,"gold_loss":0},{"damage_healed":0,"gold_gain":0,"player_choice":"Memory 1","damage_taken":0,"max_hp_gain":0,"max_hp_loss":0,"event_name":"SensoryStone","floor":45,"gold_loss":0}],"is_beta":false,"boss_relics":[{"not_picked":["Runic Dome","Tiny House"],"picked":"Pandora\u0027s Box"},{"not_picked":["Lizard Tail","Empty Cage"],"picked":"Cursed Key"}],"items_purged_floors":[],"is_endless":false,"potions_floor_spawned":[2,6,13,18,21,33,35,39,40,44],"killed_by":"Reptomancer","ascension_level":1}