{"gold_per_floor":[115,115,125,300,300,300,316,31,31,45,45,78,88,88,88,207,207,222,247,266,266,36,55,74,74,98,137,156,156,171,186,186,186],"floor_reached":33,"playtime":3657,"items_purged":["Doubt"],"score":285,"play_id":"d5fcdccd-411b-4243-bc65-bc32a7f203f2","local_time":"20190809192658","is_ascension_mode":true,"campfire_choices":[{"data":"Zap","floor":6,"key":"SMITH"},{"data":"Dualcast","floor":11,"key":"SMITH"},{"floor":15,"key":"REST"},{"floor":25,"key":"REST"},{"data":"Redo","floor":29,"key":"SMITH"},{"data":"Machine Learning","floor":32,"key":"SMITH"}],"neow_cost":"TEN_PERCENT_HP_LOSS","seed_source_timestamp":397481684781000,"circlet_count":0,"master_deck":["Strike_B","Strike_B","Strike_B","Strike_B","Defend_B","Defend_B","Defend_B","Defend_B","Zap+1","Dualcast+1","Rip and Tear","Ball Lightning","Tempest","Glacier","Melter","Cold Snap","Darkness","Capacitor","Beam Cell","Electrodynamics","Aggregate+1","Capacitor","Self Repair","Redo+1","Ball Lightning+1","Blizzard","Cold Snap","Machine Learning+1"],"relics":["Cracked Core","Pen Nib","Golden Idol","Velvet Choker","Mummified Hand","Anchor","Centennial Puzzle","Meat on the Bone"],"potions_floor_usage":[12,16,20,27,27,33,33],"damage_taken":[{"damage":0,"enemies":"Small Slimes","floor":1,"turns":3},{"damage":1,"enemies":"Cultist","floor":3,"turns":3},{"damage":0,"enemies":"2 Louse","floor":7,"turns":1},{"damage":1,"enemies":"2 Fungi Beasts","floor":10,"turns":2},{"damage":11,"enemies":"Lagavulin","floor":12,"turns":4},{"damage":16,"enemies":"Exordium Wildlife","floor":13,"turns":2},{"damage":8,"enemies":"Slime Boss","floor":16,"turns":8},{"damage":10,"enemies":"Chosen","floor":18,"turns":3},{"damage":10,"enemies":"Spheric Guardian","floor":19,"turns":4},{"damage":14,"enemies":"Snake Plant","floor":20,"turns":4},{"damage":11,"enemies":"Centurion and Healer","floor":23,"turns":3},{"damage":3,"enemies":"Cultist and Chosen","floor":24,"turns":5},{"damage":13,"enemies":"Gremlin Leader","floor":27,"turns":6},{"damage":4,"enemies":"Snecko","floor":28,"turns":4},{"damage":18,"enemies":"Shelled Parasite and Fungi","floor":30,"turns":3},{"damage":16,"enemies":"Cultist and Chosen","floor":31,"turns":5},{"damage":65,"enemies":"Champ","floor":33,"turns":10}],"seed_played":"-1322876117225880793","potions_obtained":[{"floor":1,"key":"Explosive Potion"},{"floor":10,"key":"Ancient Potion"},{"floor":16,"key":"Ancient Potion"},{"floor":19,"key":"Block Potion"},{"floor":24,"key":"FearPotion"},{"floor":27,"key":"Fruit Juice"},{"floor":31,"key":"Strength Potion"}],"is_trial":false,"path_per_floor":["M","?","M","?","?","R","M","$","T","M","R","E","M","?","R","B",null,"M","M","M","?","$","M","M","R","T","E","M","R","M","M","R","B"],"character_chosen":"DEFECT","items_purchased":["Glacier","Melter","Cold Snap","Weak Potion","Self Repair","Anchor"],"campfire_rested":2,"item_purchase_floors":[8,8,8,8,22,22],"current_hp_per_floor":[68,78,77,77,82,82,82,82,82,81,81,70,54,34,58,50,83,73,63,49,49,49,38,42,66,66,65,68,68,57,60,60,0],"gold":186,"neow_bonus":"THREE_RARE_CARDS","is_prod":false,"is_daily":false,"chose_seed":false,"campfire_upgraded":4,"win_rate":0,"timestamp":1565346418,"path_taken":["M","?","?","?","?","R","M","?","T","M","R","E","?","?","R","BOSS","M","M","M","?","$","M","M","R","T","E","?","R","M","M","R","BOSS"],"build_version":"2019-07-17","purchased_purges":1,"victory":false,"max_hp_per_floor":[68,78,78,78,83,83,83,83,83,83,83,83,83,83,83,83,83,83,83,83,83,83,83,83,83,83,88,88,88,88,88,88,88],"card_choices":[{"not_picked":["Rainbow","Multi-Cast"],"picked":"Machine Learning","floor":0},{"not_picked":["Aggregate","Compile Driver"],"picked":"Rip and Tear","floor":1},{"not_picked":["White Noise","Loop"],"picked":"Ball Lightning","floor":3},{"not_picked":["Compile Driver","Redo"],"picked":"Tempest","floor":7},{"not_picked":["Beam Cell","Barrage"],"picked":"Darkness","floor":10},{"not_picked":["BootSequence","Compile Driver"],"picked":"Capacitor","floor":12},{"not_picked":["Redo","Streamline"],"picked":"Beam Cell","floor":13},{"not_picked":["All For One","Reboot"],"picked":"Electrodynamics","floor":16},{"not_picked":["Streamline+1","Undo"],"picked":"Aggregate+1","floor":18},{"not_picked":["Loop","Beam Cell"],"picked":"Capacitor","floor":19},{"not_picked":["Streamline+1","FTL","Compile Driver"],"picked":"SKIP","floor":20},{"not_picked":["Capacitor","Compile Driver"],"picked":"Redo","floor":23},{"not_picked":["Coolheaded","Chaos"],"picked":"Ball Lightning+1","floor":24},{"not_picked":["Streamline","Genetic Algorithm","Beam Cell"],"picked":"SKIP","floor":27},{"not_picked":["Leap+1","Force Field"],"picked":"Blizzard","floor":28},{"not_picked":["Rebound","Heatsinks"],"picked":"Cold Snap","floor":30},{"not_picked":["Steam Power","Conserve Battery"],"picked":"Machine Learning","floor":31}],"player_experience":244722,"relics_obtained":[{"floor":12,"key":"Pen Nib"},{"floor":21,"key":"Mummified Hand"},{"floor":26,"key":"Centennial Puzzle"},{"floor":27,"key":"Meat on the Bone"}],"event_choices":[{"cards_removed":["Machine Learning"],"damage_healed":0,"gold_gain":0,"player_choice":"Offered Rare","damage_taken":0,"max_hp_gain":10,"max_hp_loss":0,"event_name":"Bonfire Elementals","floor":2,"gold_loss":0},{"damage_healed":0,"gold_gain":175,"player_choice":"AGREE","damage_taken":0,"max_hp_gain":0,"max_hp_loss":0,"event_name":"Liars Game","floor":4,"gold_loss":0,"cards_obtained":["Doubt"]},{"damage_healed":0,"gold_gain":0,"player_choice":"Donut","damage_taken":0,"max_hp_gain":5,"max_hp_loss":0,"event_name":"Big Fish","floor":5,"gold_loss":0},{"damage_healed":0,"gold_gain":0,"player_choice":"Take Damage","damage_taken":20,"relics_obtained":["Golden Idol"],"max_hp_gain":0,"max_hp_loss":0,"event_name":"Golden Idol","floor":14,"gold_loss":0},{"damage_healed":0,"gold_gain":0,"player_choice":"Relic","damage_taken":0,"max_hp_gain":0,"max_hp_loss":0,"event_name":"Wheel of Change","floor":21,"gold_loss":0}],"is_beta":false,"boss_relics":[{"not_picked":["Eternal Feather","Runic Dome"],"picked":"Velvet Choker"}],"items_purged_floors":[8],"is_endless":false,"potions_floor_spawned":[1,10,16,19,24,27,31],"killed_by":"Champ","ascension_level":1}