{"gold_per_floor":[119,219,230,246,262,293,307,307,307,307,336,336,336,370,370,473,473],"floor_reached":17,"playtime":541,"items_purged":[],"score":184,"play_id":"da88e3f6-950a-4d64-a3c7-8c0eca8999f6","local_time":"20190808131135","is_ascension_mode":true,"campfire_choices":[{"data":"Loop","floor":8,"key":"SMITH"},{"data":"Zap","floor":10,"key":"SMITH"},{"data":"Dualcast","floor":12,"key":"SMITH"},{"data":"Conserve Battery","floor":15,"key":"SMITH"}],"neow_cost":"NONE","seed_source_timestamp":75060822386057,"circlet_count":0,"master_deck":["Strike_B","Strike_B","Defend_B","Defend_B","Defend_B","Zap+1","Dualcast+1","Conserve Battery+1","Cold Snap","Cold Snap","Gash","Loop+1","Genetic Algorithm","Gash","Electrodynamics","Fission+1","Echo Form+1","Tempest+1"],"relics":["Cracked Core","NeowsBlessing","Smiling Mask","Torii","Thread and Needle","Turnip","Astrolabe"],"potions_floor_usage":[3,6],"damage_taken":[{"damage":0,"enemies":"Jaw Worm","floor":1,"turns":1},{"damage":0,"enemies":"Cultist","floor":3,"turns":1},{"damage":0,"enemies":"2 Louse","floor":4,"turns":1},{"damage":2,"enemies":"Red Slaver","floor":5,"turns":3},{"damage":11,"enemies":"3 Sentries","floor":6,"turns":12},{"damage":3,"enemies":"Blue Slaver","floor":7,"turns":4},{"damage":26,"enemies":"Lagavulin","floor":11,"turns":8},{"damage":7,"enemies":"3 Sentries","floor":14,"turns":8},{"damage":22,"enemies":"The Guardian","floor":16,"turns":13}],"seed_played":"557522200205132611","potions_obtained":[{"floor":3,"key":"Fruit Juice"},{"floor":5,"key":"SkillPotion"},{"floor":11,"key":"Explosive Potion"},{"floor":13,"key":"FocusPotion"},{"floor":13,"key":"AttackPotion"}],"is_trial":false,"path_per_floor":["M","?","M","M","M","E","M","R","T","R","E","R","?","E","R","B",null],"character_chosen":"DEFECT","items_purchased":[],"campfire_rested":0,"item_purchase_floors":[],"current_hp_per_floor":[75,75,80,80,78,67,64,64,64,64,38,38,38,31,31,9,9],"gold":473,"neow_bonus":"THREE_ENEMY_KILL","is_prod":false,"is_daily":false,"chose_seed":false,"campfire_upgraded":4,"win_rate":0,"timestamp":1565237495,"path_taken":["M","?","?","M","M","E","M","R","T","R","E","R","?","E","R","BOSS"],"build_version":"2019-07-17","purchased_purges":0,"victory":false,"max_hp_per_floor":[75,75,80,80,80,80,80,80,80,80,80,80,80,80,80,80,80],"card_choices":[{"not_picked":["Rebound","Chill"],"picked":"Conserve Battery","floor":1},{"not_picked":["Gash","Hello World"],"picked":"Cold Snap","floor":3},{"not_picked":["Auto Shields","Aggregate"],"picked":"Cold Snap","floor":4},{"not_picked":["Beam Cell","Hologram"],"picked":"Gash","floor":5},{"not_picked":["Force Field","Aggregate","Turbo"],"picked":"SKIP","floor":6},{"not_picked":["Ball Lightning","Stack"],"picked":"Loop","floor":7},{"not_picked":["Coolheaded","Stack"],"picked":"Genetic Algorithm","floor":11},{"not_picked":["Meteor Strike","Cold Snap"],"picked":"Gash","floor":14},{"not_picked":["Fission","Multi-Cast"],"picked":"Electrodynamics","floor":16}],"player_experience":297544,"relics_obtained":[{"floor":6,"key":"Smiling Mask"},{"floor":9,"key":"Torii"},{"floor":11,"key":"Thread and Needle"},{"floor":14,"key":"Turnip"}],"event_choices":[{"damage_healed":0,"gold_gain":100,"player_choice":"Pray","damage_taken":0,"max_hp_gain":0,"max_hp_loss":0,"event_name":"Golden Shrine","floor":2,"gold_loss":0},{"damage_healed":0,"gold_gain":0,"player_choice":"Got Potions","damage_taken":0,"max_hp_gain":0,"max_hp_loss":0,"event_name":"Lab","floor":13,"gold_loss":0}],"is_beta":false,"boss_relics":[{"not_picked":["Calling Bell","Coffee Dripper"],"picked":"Astrolabe"}],"items_purged_floors":[],"is_endless":false,"potions_floor_spawned":[3,5,11],"ascension_level":1}