{"gold_per_floor":[117,117,137,9,84,84,127,19,19,19,60,76,116,149,161,173],"floor_reached":16,"playtime":277,"items_purged":[],"score":286,"play_id":"18ab15ec-52e9-4a58-907a-c7294a94dfb9","local_time":"20190712213309","is_ascension_mode":true,"campfire_choices":[{"data":"Defragment","floor":6,"key":"SMITH"},{"data":"Conserve Battery","floor":10,"key":"SMITH"},{"floor":15,"key":"REST"}],"neow_cost":"NONE","seed_source_timestamp":3433545717150,"circlet_count":0,"master_deck":["AscendersBane","Strike_B","Strike_B","Strike_B","Strike_B","Defend_B","Defend_B","Defend_B","Defend_B","Zap","Dualcast","Glacier","White Noise","Defragment+1","Ball Lightning","Conserve Battery+1","Genetic Algorithm","Ball Lightning","Amplify","Darkness","BootSequence","Hologram"],"relics":["Cracked Core","NeowsBlessing","Golden Idol","Dream Catcher","Unceasing Top","Orichalcum","MawBank"],"potions_floor_usage":[11,14,14],"damage_taken":[{"damage":0,"enemies":"Cultist","floor":1,"turns":1},{"damage":0,"enemies":"Jaw Worm","floor":3,"turns":1},{"damage":0,"enemies":"Gremlin Nob","floor":7,"turns":1},{"damage":9,"enemies":"Lagavulin","floor":11,"turns":5},{"damage":0,"enemies":"2 Louse","floor":12,"turns":2},{"damage":27,"enemies":"Gremlin Nob","floor":13,"turns":4},{"damage":10,"enemies":"Exordium Thugs","floor":14,"turns":5},{"damage":30,"enemies":"The Guardian","floor":16,"turns":4}],"seed_played":"-99941918770006454","potions_obtained":[{"floor":1,"key":"Explosive Potion"},{"floor":7,"key":"Poison Potion"},{"floor":12,"key":"SteroidPotion"}],"is_trial":false,"path_per_floor":["M","?","M","$","?","R","E","$","T","R","E","M","E","M","R","B"],"character_chosen":"DEFECT","items_purchased":["Defragment","Ball Lightning","Genetic Algorithm","Ball Lightning"],"campfire_rested":1,"item_purchase_floors":[4,4,8,8],"current_hp_per_floor":[64,64,64,64,53,53,53,53,53,53,44,44,17,7,26,0],"gold":173,"neow_bonus":"THREE_ENEMY_KILL","is_prod":false,"is_daily":false,"chose_seed":false,"campfire_upgraded":2,"win_rate":0,"timestamp":1562959989,"path_taken":["M","?","M","$","?","R","E","?","T","R","E","M","E","M","R","BOSS"],"build_version":"2019-07-10","purchased_purges":0,"victory":false,"max_hp_per_floor":[71,64,64,64,64,64,64,64,64,64,64,64,64,64,64,64],"card_choices":[{"not_picked":["Aggregate","Turbo"],"picked":"Glacier","floor":1},{"not_picked":["Beam Cell","Rebound"],"picked":"White Noise","floor":3},{"not_picked":["Static Discharge","Chaos"],"picked":"Conserve Battery","floor":7},{"not_picked":["Cold Snap","Hologram"],"picked":"Amplify","floor":11},{"not_picked":["Darkness","Streamline","Go for the Eyes"],"picked":"SKIP","floor":12},{"not_picked":["Streamline","Go for the Eyes"],"picked":"Darkness","floor":12},{"not_picked":["Redo","Cold Snap"],"picked":"BootSequence","floor":13},{"not_picked":["Stack","Steam"],"picked":"Hologram","floor":14}],"player_experience":1842542,"relics_obtained":[{"floor":7,"key":"Dream Catcher"},{"floor":9,"key":"Unceasing Top"},{"floor":11,"key":"Orichalcum"},{"floor":13,"key":"MawBank"}],"event_choices":[{"damage_healed":0,"gold_gain":0,"player_choice":"Lose Max HP","damage_taken":0,"relics_obtained":["Golden Idol"],"max_hp_gain":0,"max_hp_loss":7,"event_name":"Golden Idol","floor":2,"gold_loss":0},{"damage_healed":0,"gold_gain":75,"player_choice":"Gather Gold","damage_taken":11,"max_hp_gain":0,"max_hp_loss":0,"event_name":"World of Goop","floor":5,"gold_loss":0}],"is_beta":true,"boss_relics":[],"items_purged_floors":[],"is_endless":false,"potions_floor_spawned":[1,7,12],"killed_by":"The Guardian","ascension_level":20}