{"gold_per_floor":[112,112,112,112,128,128,157,169,169,179,179,190,190,75,75,171,171,190,171,270,282,292,317,317,317,395,56,56,73,73,100,100,200,200,215,1214,604,621,641,670,670,670,670,670,688,688],"floor_reached":46,"playtime":5634,"items_purged":["Pain","Normality"],"score":537,"play_id":"6507baf0-5501-4b9c-a91c-8e8ac074839f","local_time":"20190713001554","is_ascension_mode":true,"campfire_choices":[{"floor":6,"key":"REST"},{"floor":11,"key":"REST"},{"data":"Neutralize","floor":15,"key":"SMITH"},{"data":"Footwork","floor":24,"key":"SMITH"},{"data":"Bouncing Flask","floor":30,"key":"SMITH"},{"data":"Footwork","floor":32,"key":"SMITH"},{"data":"Burst","floor":42,"key":"SMITH"},{"data":"Caltrops","floor":44,"key":"SMITH"}],"neow_cost":"NONE","seed_source_timestamp":786302930171,"circlet_count":0,"master_deck":["Strike_G+1","Strike_G+1","Strike_G+1","Defend_G+1","Defend_G+1","Defend_G+1","Defend_G+1","Defend_G+1","Survivor","Neutralize+1","Sucker Punch","Die Die Die","Skewer","Escape Plan","Dagger Spray+1","Caltrops+1","Malaise","Footwork+1","Footwork+1","Calculated Gamble","Backflip","Bouncing Flask+1","Bane+1","Dodge and Roll+1","Escape Plan","Burst+1","Backflip+1","Normality","Acrobatics","Deadly Poison+1","Night Terror"],"relics":["Ring of the Snake","WarpedTongs","Calipers","Molten Egg 2","Girya","Sozu","Pantograph","Sundial","WingedGreaves","Smiling Mask","Philosopher\u0027s Stone","StoneCalendar","Chemical X","Gambling Chip","Bottled Flame"],"potions_floor_usage":[45],"damage_taken":[{"damage":23,"enemies":"Jaw Worm","floor":1,"turns":9},{"damage":1,"enemies":"2 Louse","floor":5,"turns":2},{"damage":27,"enemies":"Gremlin Nob","floor":7,"turns":5},{"damage":1,"enemies":"Small Slimes","floor":8,"turns":2},{"damage":7,"enemies":"Gremlin Gang","floor":10,"turns":2},{"damage":0,"enemies":"3 Louse","floor":12,"turns":1},{"damage":25,"enemies":"Hexaghost","floor":16,"turns":12},{"damage":0,"enemies":"3 Byrds","floor":18,"turns":4},{"damage":6,"enemies":"2 Thieves","floor":19,"turns":4},{"damage":2,"enemies":"Sentry and Sphere","floor":21,"turns":7},{"damage":11,"enemies":"3 Cultists","floor":22,"turns":5},{"damage":4,"enemies":"Book of Stabbing","floor":23,"turns":7},{"damage":0,"enemies":"Snake Plant","floor":29,"turns":5},{"damage":2,"enemies":"Gremlin Leader","floor":31,"turns":6},{"damage":9,"enemies":"Champ","floor":33,"turns":15},{"damage":31,"enemies":"3 Darklings","floor":35,"turns":4},{"damage":0,"enemies":"Orb Walker","floor":38,"turns":2},{"damage":0,"enemies":"Sphere and 2 Shapes","floor":39,"turns":6},{"damage":21,"enemies":"Nemesis","floor":40,"turns":8},{"damage":13,"enemies":"Spire Growth","floor":45,"turns":6},{"damage":7,"enemies":"Jaw Worm Horde","floor":46,"turns":4}],"seed_played":"3708606343266838331","potions_obtained":[{"floor":5,"key":"SmokeBomb"},{"floor":16,"key":"Block Potion"}],"is_trial":false,"path_per_floor":["M","?","?","?","M","R","E","M","T","M","R","M","?","$","R","B",null,"M","M","?","M","M","E","R","?","T","$","?","M","R","E","R","B",null,"M","?","$","M","M","E","?","R","T","R","M","M"],"character_chosen":"THE_SILENT","items_purchased":["Caltrops","Sundial","Bouncing Flask","Bane+1","StoneCalendar","Chemical X","Acrobatics"],"campfire_rested":2,"item_purchase_floors":[14,27,27,27,37,37,37],"current_hp_per_floor":[47,47,33,33,32,53,26,25,25,18,39,39,39,39,39,14,70,70,64,64,62,51,47,47,47,47,47,47,47,47,45,45,61,70,39,39,39,39,39,18,18,18,18,18,5,0],"gold":688,"neow_bonus":"REMOVE_CARD","is_prod":false,"is_daily":false,"chose_seed":false,"campfire_upgraded":6,"win_rate":0,"timestamp":1562991354,"path_taken":["M","?","?","?","M","R","E","M","T","?","R","M","?","$","R","BOSS","M","?","?","M","M","E","R","?","T","$","?","M","R","E","R","BOSS","M","?","$","M","M","E","?","R","T","R","M","M"],"build_version":"2019-07-05","purchased_purges":2,"victory":false,"max_hp_per_floor":[70,70,70,70,70,70,70,70,70,70,70,70,70,70,70,70,70,70,70,70,70,70,70,70,70,70,70,70,70,70,70,70,70,70,70,70,70,70,70,70,70,70,70,70,70,70],"card_choices":[{"not_picked":["Poisoned Stab","Expertise"],"picked":"Sucker Punch","floor":1},{"not_picked":["Outmaneuver","Bane","Dodge and Roll"],"picked":"SKIP","floor":5},{"not_picked":["Acrobatics","Backflip"],"picked":"Skewer","floor":7},{"not_picked":["PiercingWail","Flechettes","Heel Hook"],"picked":"SKIP","floor":8},{"not_picked":["Acrobatics","Backflip"],"picked":"Escape Plan","floor":10},{"not_picked":["Flying Knee+1","Choke+1"],"picked":"Dagger Spray+1","floor":12},{"not_picked":["Unload+1","After Image"],"picked":"Malaise","floor":16},{"not_picked":["Outmaneuver","Prepared"],"picked":"Footwork","floor":18},{"not_picked":["Riddle With Holes+1","Dash+1"],"picked":"Footwork","floor":19},{"not_picked":["Prepared","Bane+1","Tactician+1"],"picked":"SKIP","floor":21},{"not_picked":["Endless Agony+1","Dagger Spray+1"],"picked":"Calculated Gamble","floor":22},{"not_picked":["Calculated Gamble","Flechettes+1"],"picked":"Backflip","floor":23},{"not_picked":["Dash+1","Deflect+1"],"picked":"Dodge and Roll+1","floor":29},{"not_picked":["Footwork","Choke+1"],"picked":"Escape Plan","floor":31},{"not_picked":["Tools of the Trade","Unload+1"],"picked":"Burst","floor":33},{"not_picked":["Deadly Poison+1","Bane+1"],"picked":"Backflip+1","floor":35},{"not_picked":["Flying Knee+1","Backflip+1"],"picked":"Deadly Poison+1","floor":38},{"not_picked":["Deadly Poison","Slice+1","Deflect+1"],"picked":"SKIP","floor":39},{"not_picked":["Crippling Poison","Predator+1","Bane+1"],"picked":"SKIP","floor":40},{"not_picked":["Masterful Stab+1","Bane+1"],"picked":"Night Terror","floor":45}],"player_experience":77967,"relics_obtained":[{"floor":7,"key":"Calipers"},{"floor":9,"key":"Molten Egg 2"},{"floor":23,"key":"Pantograph"},{"floor":31,"key":"Smiling Mask"},{"floor":40,"key":"Gambling Chip"},{"floor":43,"key":"Bottled Flame"}],"event_choices":[{"damage_healed":0,"gold_gain":0,"cards_transformed":["Strike_G"],"player_choice":"Change","damage_taken":0,"max_hp_gain":0,"max_hp_loss":0,"event_name":"Living Wall","floor":2,"gold_loss":0,"cards_obtained":["Die Die Die"]},{"damage_healed":0,"gold_gain":0,"player_choice":"Entered Light","damage_taken":14,"max_hp_gain":0,"max_hp_loss":0,"event_name":"Shining Light","floor":3,"gold_loss":0,"cards_upgraded":["Defend_G","Strike_G"]},{"damage_healed":0,"gold_gain":0,"player_choice":"Rummage","damage_taken":0,"relics_obtained":["WarpedTongs"],"max_hp_gain":0,"max_hp_loss":0,"event_name":"Accursed Blacksmith","floor":4,"gold_loss":0,"cards_obtained":["Pain"]},{"damage_healed":0,"gold_gain":0,"player_choice":"Gave Potion","damage_taken":0,"relics_obtained":["Girya"],"max_hp_gain":0,"max_hp_loss":0,"event_name":"WeMeetAgain","floor":13,"gold_loss":0},{"damage_healed":0,"gold_gain":99,"player_choice":"Stole From Cult","damage_taken":0,"max_hp_gain":0,"max_hp_loss":0,"event_name":"Nest","floor":20,"gold_loss":0},{"damage_healed":0,"gold_gain":0,"player_choice":"Simplicity","damage_taken":0,"max_hp_gain":0,"max_hp_loss":0,"event_name":"Back to Basics","floor":25,"gold_loss":0,"cards_upgraded":["Strike_G","Strike_G","Defend_G","Defend_G","Defend_G","Defend_G"]},{"damage_healed":0,"gold_gain":0,"player_choice":"Opened","damage_taken":0,"relics_obtained":["WingedGreaves"],"max_hp_gain":0,"max_hp_loss":0,"event_name":"The Mausoleum","floor":28,"gold_loss":0},{"damage_healed":0,"gold_gain":999,"player_choice":"Gold","damage_taken":0,"max_hp_gain":0,"max_hp_loss":0,"event_name":"MindBloom","floor":36,"gold_loss":0,"cards_obtained":["Normality","Normality"]},{"damage_healed":0,"gold_gain":0,"player_choice":"Memory 1","damage_taken":0,"max_hp_gain":0,"max_hp_loss":0,"event_name":"SensoryStone","floor":41,"gold_loss":0}],"is_beta":false,"boss_relics":[{"not_picked":["Velvet Choker","Fusion Hammer"],"picked":"Sozu"},{"not_picked":["Ring of the Serpent","HoveringKite"],"picked":"Philosopher\u0027s Stone"}],"items_purged_floors":[14,37],"is_endless":false,"potions_floor_spawned":[5,16,21,22,23,33,38,39,40],"killed_by":"Jaw Worm Horde","ascension_level":1}