{"gold_per_floor":[113,38,38,38,56,87,100,134,134,149,49,60,60,60,60,158,158,177,194,28,28],"floor_reached":21,"playtime":1219,"items_purged":["Hello World","Strike_B"],"score":236,"play_id":"9fd55bf3-6ccd-4523-a39f-130a05c29bd6","local_time":"20190701192621","is_ascension_mode":true,"campfire_choices":[{"data":"Buffer","floor":13,"key":"SMITH"},{"floor":15,"key":"REST"}],"neow_cost":"TEN_PERCENT_HP_LOSS","seed_source_timestamp":1321114973798,"circlet_count":0,"master_deck":["Strike_B","Strike_B","Defend_B","Defend_B","Zap","Dualcast","Buffer+1","Rebound","Storm","Leap","Conserve Battery","Ball Lightning","Self Repair","Ball Lightning","Machine Learning","Consume+1","Go for the Eyes","Secret Technique"],"relics":["FrozenCore","Anchor","Emotion Chip","Pantograph","Centennial Puzzle"],"potions_floor_usage":[6,8,18],"damage_taken":[{"damage":0,"enemies":"Cultist","floor":1,"turns":3},{"damage":9,"enemies":"Jaw Worm","floor":5,"turns":3},{"damage":48,"enemies":"Gremlin Nob","floor":6,"turns":5},{"damage":0,"enemies":"2 Louse","floor":7,"turns":3},{"damage":5,"enemies":"3 Sentries","floor":8,"turns":7},{"damage":1,"enemies":"Blue Slaver","floor":10,"turns":3},{"damage":0,"enemies":"3 Louse","floor":12,"turns":4},{"damage":47,"enemies":"Hexaghost","floor":16,"turns":8},{"damage":1,"enemies":"2 Thieves","floor":18,"turns":5},{"damage":0,"enemies":"Chosen","floor":19,"turns":5},{"damage":76,"enemies":"Snake Plant","floor":21,"turns":13}],"seed_played":"-3112520848036630901","potions_obtained":[{"floor":5,"key":"SkillPotion"},{"floor":6,"key":"Fire Potion"},{"floor":10,"key":"Swift Potion"},{"floor":16,"key":"Explosive Potion"},{"floor":18,"key":"SteroidPotion"}],"is_trial":false,"path_per_floor":["M","$","?","?","M","E","M","E","T","M","$","M","R","?","R","B",null,"M","M","$","M"],"character_chosen":"DEFECT","items_purchased":["Secret Technique"],"campfire_rested":1,"item_purchase_floors":[20],"current_hp_per_floor":[68,68,73,73,64,16,16,11,11,10,10,17,17,10,31,9,57,63,70,70,0],"gold":28,"neow_bonus":"TRANSFORM_TWO_CARDS","is_prod":false,"is_daily":false,"chose_seed":false,"campfire_upgraded":1,"win_rate":0,"timestamp":1561976781,"path_taken":["M","$","?","?","M","E","?","E","T","M","?","M","R","?","R","BOSS","M","M","$","M"],"build_version":"2019-01-23","purchased_purges":2,"victory":false,"max_hp_per_floor":[68,68,73,73,73,73,73,73,73,73,73,73,73,73,73,73,73,73,73,73,73],"card_choices":[{"not_picked":["Coolheaded","Steam"],"picked":"Rebound","floor":1},{"not_picked":["Force Field","Hologram"],"picked":"Leap","floor":5},{"not_picked":["Hello World","Chill"],"picked":"Conserve Battery","floor":6},{"not_picked":["Sunder","Hologram"],"picked":"Ball Lightning","floor":7},{"not_picked":["Fusion","Force Field","Steam"],"picked":"SKIP","floor":8},{"not_picked":["Go for the Eyes","Cold Snap"],"picked":"Self Repair","floor":10},{"not_picked":["Recycle","Gash"],"picked":"Ball Lightning","floor":12},{"not_picked":["Multi-Cast","Thunder Strike"],"picked":"Machine Learning","floor":16},{"not_picked":["Turbo+1","Hologram"],"picked":"Consume+1","floor":18},{"not_picked":["Beam Cell","Cold Snap"],"picked":"Go for the Eyes","floor":19}],"player_experience":109760,"relics_obtained":[{"floor":6,"key":"Anchor"},{"floor":8,"key":"Emotion Chip"},{"floor":9,"key":"Pantograph"}],"event_choices":[{"damage_healed":0,"gold_gain":0,"player_choice":"Donut","damage_taken":0,"max_hp_gain":5,"max_hp_loss":0,"event_name":"Big Fish","floor":3,"gold_loss":0},{"damage_healed":0,"gold_gain":0,"cards_transformed":["Strike_B"],"player_choice":"Change","damage_taken":0,"max_hp_gain":0,"max_hp_loss":0,"event_name":"Living Wall","floor":4,"gold_loss":0,"cards_obtained":["Storm"]},{"damage_healed":0,"gold_gain":0,"player_choice":"Success","damage_taken":7,"relics_obtained":["Centennial Puzzle"],"max_hp_gain":0,"max_hp_loss":0,"event_name":"Scrap Ooze","floor":14,"gold_loss":0}],"is_beta":false,"boss_relics":[{"not_picked":["Coffee Dripper","Calling Bell"],"picked":"FrozenCore"}],"items_purged_floors":[2,11],"is_endless":false,"potions_floor_spawned":[5,6,10,16,18],"killed_by":"Snake Plant","ascension_level":5}