{"gold_per_floor":[119,119,135,115,40,40,67,67,67,85,104,116,116,16,16,93,93,104,19,19,30,44,44,63,63,116,116,133,133,146,73,73,152,152,166,17,17,17,32,32,44,54,54,54,66,66,66,0,0,0],"floor_reached":51,"playtime":3697,"items_purged":["Strike_G","Strike_G","Strike_G"],"score":1167,"play_id":"af94ddca-733f-47e1-8a73-97beb27217e9","local_time":"20190805211752","is_ascension_mode":true,"campfire_choices":[{"data":"Neutralize","floor":6.0,"key":"SMITH"},{"data":"Poisoned Stab","floor":8.0,"key":"SMITH"},{"data":"Noxious Fumes","floor":13.0,"key":"SMITH"},{"data":"Dodge and Roll","floor":15.0,"key":"SMITH"},{"data":"Glass Knife","floor":23.0,"key":"SMITH"},{"floor":25.0,"key":"REST"},{"data":"Footwork","floor":29.0,"key":"SMITH"},{"data":"Noxious Fumes","floor":32.0,"key":"SMITH"},{"floor":40.0,"key":"REST"},{"data":"Acrobatics","floor":49,"key":"SMITH"}],"neow_cost":"NONE","seed_source_timestamp":589145381128266,"circlet_count":0,"master_deck":["AscendersBane","Strike_G+1","Defend_G+1","Defend_G+1","Defend_G+1","Defend_G+1","Defend_G+1","Survivor+1","Neutralize+1","Poisoned Stab+1","Dagger Spray+1","Quick Slash+1","Noxious Fumes+1","Cloak And Dagger+1","Dodge and Roll+1","Glass Knife+1","Footwork+1","Ghostly+1","Ghostly+1","Ghostly+1","Ghostly+1","Ghostly+1","Dodge and Roll+1","Crippling Poison+1","Parasite","PiercingWail+1","Noxious Fumes+1","Burst+1","Acrobatics+1","Expertise+1","Acrobatics+1","Parasite","Burst+1"],"special_seed":0,"relics":["Ring of the Snake","NeowsBlessing","Pantograph","Gambling Chip","Ninja Scroll","Cursed Key","Singing Bowl","Orichalcum","Philosopher\u0027s Stone","Mark of the Bloom","Red Mask"],"potions_floor_usage":[50,50],"damage_taken":[{"damage":0.0,"enemies":"Cultist","floor":1.0,"turns":1.0},{"damage":0.0,"enemies":"Jaw Worm","floor":3.0,"turns":1.0},{"damage":0.0,"enemies":"Gremlin Nob","floor":7.0,"turns":1.0},{"damage":0.0,"enemies":"Small Slimes","floor":10.0,"turns":1.0},{"damage":10.0,"enemies":"Exordium Thugs","floor":11.0,"turns":3.0},{"damage":3.0,"enemies":"Looter","floor":12.0,"turns":3.0},{"damage":6.0,"enemies":"The Guardian","floor":16.0,"turns":10.0},{"damage":18.0,"enemies":"Shell Parasite","floor":18.0,"turns":5.0},{"damage":1.0,"enemies":"Chosen","floor":21.0,"turns":6.0},{"damage":3.0,"enemies":"3 Cultists","floor":22.0,"turns":7.0},{"damage":12.0,"enemies":"Chosen and Byrds","floor":24.0,"turns":7.0},{"damage":6.0,"enemies":"Shelled Parasite and Fungi","floor":28.0,"turns":6.0},{"damage":0.0,"enemies":"Sentry and Sphere","floor":30.0,"turns":5.0},{"damage":13.0,"enemies":"Automaton","floor":33.0,"turns":11.0},{"damage":0.0,"enemies":"3 Shapes","floor":35.0,"turns":4.0},{"damage":0.0,"enemies":"Orb Walker","floor":39.0,"turns":4.0},{"damage":6.0,"enemies":"Jaw Worm Horde","floor":41.0,"turns":4.0},{"damage":0,"enemies":"Writhing Mass","floor":42,"turns":8},{"damage":7,"enemies":"Transient","floor":45,"turns":5},{"damage":0,"enemies":"Donu and Deca","floor":50,"turns":11}],"seed_played":"-2961232816396990233","potions_obtained":[{"floor":3.0,"key":"EssenceOfSteel"},{"floor":4.0,"key":"SneckoOil"},{"floor":11.0,"key":"Block Potion"},{"floor":35.0,"key":"Weak Potion"}],"is_trial":false,"path_per_floor":["M","T","M","?","$","R","E","R","T","M","M","M","R","$","R","B",null,"M","?","?","M","M","R","M","R","T","?","M","R","M","$","R","B",null,"M","$","?","?","M","R","M","M","T","$","M","?","$","?","R","B",null],"character_chosen":"THE_SILENT","items_purchased":["Noxious Fumes","Acrobatics"],"campfire_rested":2,"item_purchase_floors":[31,36],"current_hp_per_floor":[59,59,59,59,59,59,59,59,59,59,49,46,46,46,46,60,65,47,47,33,32,31,31,19,29,29,29,25,25,25,25,25,24,34,36,36,36,36,36,36,30,30,30,30,23,23,23,23,23,23],"gold":0,"neow_bonus":"THREE_ENEMY_KILL","is_prod":false,"is_daily":false,"chose_seed":false,"campfire_upgraded":8,"win_rate":0,"timestamp":1565065072,"path_taken":["M","?","?","?","$","R","E","R","T","M","?","M","R","$","R","BOSS","M","?","?","M","M","R","M","R","T","?","M","R","M","$","R","BOSS","M","$","?","?","?","R","M","M","T","$","?","?","?","?","R","BOSS"],"build_version":"2019-07-18","purchased_purges":3,"victory":true,"max_hp_per_floor":[66,66,66,66,66,66,66,66,66,66,66,66,66,66,66,66,66,66,66,33,33,35,35,35,35,35,35,37,37,37,37,37,37,37,39,39,39,39,39,39,39,41,41,41,43,43,43,43,43,43],"card_choices":[{"not_picked":["Prepared","Concentrate"],"picked":"Poisoned Stab","floor":1.0},{"not_picked":["Dagger Throw","Escape Plan"],"picked":"Dagger Spray","floor":3.0},{"not_picked":["Setup","Blade Dance"],"picked":"Quick Slash","floor":7.0},{"not_picked":["Masterful Stab","Flechettes"],"picked":"Noxious Fumes","floor":10.0},{"not_picked":["Choke","Dagger Spray"],"picked":"Cloak And Dagger","floor":11.0},{"not_picked":["Heel Hook","Dagger Spray"],"picked":"Dodge and Roll","floor":12.0},{"not_picked":["Storm of Steel","Malaise"],"picked":"Glass Knife","floor":16.0},{"not_picked":["Quick Slash","All Out Attack"],"picked":"Footwork","floor":18.0},{"not_picked":["Reflex","Underhanded Strike"],"picked":"Dodge and Roll","floor":21.0},{"not_picked":["Flechettes","Prepared","Dagger Throw"],"picked":"Singing Bowl","floor":22.0},{"not_picked":["Prepared","Dagger Spray"],"picked":"Crippling Poison","floor":24.0},{"not_picked":["Quick Slash+1","Dagger Throw","Deflect"],"picked":"Singing Bowl","floor":28.0},{"not_picked":["Deflect","Concentrate"],"picked":"PiercingWail","floor":30.0},{"not_picked":["Adrenaline","Venomology"],"picked":"Burst","floor":33.0},{"not_picked":["Outmaneuver","Quick Slash","Poisoned Stab+1"],"picked":"Singing Bowl","floor":35.0},{"not_picked":["Prepared+1","Masterful Stab"],"picked":"Expertise+1","floor":39.0},{"not_picked":["Noxious Fumes","Outmaneuver+1"],"picked":"Acrobatics","floor":41},{"not_picked":["Backstab","Sucker Punch","Dash"],"picked":"Singing Bowl","floor":42},{"not_picked":["Deadly Poison+1","Noxious Fumes","Flechettes+1"],"picked":"Singing Bowl","floor":45}],"player_experience":374553,"relics_obtained":[{"floor":2.0,"key":"Pantograph"},{"floor":7.0,"key":"Gambling Chip"},{"floor":9.0,"key":"Ninja Scroll"},{"floor":26.0,"key":"Orichalcum"}],"event_choices":[{"damage_healed":0.0,"max_hp_gain":0.0,"max_hp_loss":0.0,"gold_gain":0.0,"event_name":"The Woman in Blue","player_choice":"Bought 1 Potion","floor":4.0,"gold_loss":0.0,"damage_taken":0.0},{"damage_healed":0.0,"max_hp_gain":0.0,"max_hp_loss":0.0,"gold_gain":0.0,"event_name":"Addict","player_choice":"Obtained Relic","floor":19.0,"gold_loss":85.0,"damage_taken":0.0,"relics_obtained":["Singing Bowl"]},{"damage_healed":0.0,"max_hp_gain":0.0,"max_hp_loss":33.0,"gold_gain":0.0,"event_name":"Ghosts","player_choice":"Became a Ghost","floor":20.0,"gold_loss":0.0,"damage_taken":0.0,"cards_obtained":["Ghostly","Ghostly","Ghostly","Ghostly","Ghostly"]},{"cards_removed":["Strike_G"],"damage_healed":0.0,"max_hp_gain":0.0,"max_hp_loss":0.0,"gold_gain":0.0,"event_name":"Bonfire Elementals","player_choice":"Offered Basic","floor":27.0,"gold_loss":0.0,"damage_taken":0.0},{"damage_healed":0.0,"max_hp_gain":0.0,"max_hp_loss":0.0,"gold_gain":0.0,"event_name":"MindBloom","player_choice":"Upgrade","floor":37.0,"gold_loss":0.0,"damage_taken":0.0,"cards_upgraded":["Strike_G","Defend_G","Defend_G","Defend_G","Defend_G","Defend_G","Survivor","Dagger Spray","Quick Slash","Cloak And Dagger","Ghostly","Ghostly","Ghostly","Ghostly","Ghostly","Dodge and Roll","Crippling Poison","PiercingWail","Burst","Acrobatics"],"relics_obtained":["Mark of the Bloom"]},{"damage_healed":0.0,"max_hp_gain":0.0,"max_hp_loss":0.0,"gold_gain":0.0,"event_name":"Lab","player_choice":"Got Potions","floor":38.0,"gold_loss":0.0,"damage_taken":0.0},{"damage_healed":0,"gold_gain":0,"player_choice":"Copied","damage_taken":0,"max_hp_gain":0,"max_hp_loss":0,"event_name":"Duplicator","floor":46,"gold_loss":0,"cards_obtained":["Burst"]},{"damage_healed":0,"gold_gain":0,"player_choice":"Paid","damage_taken":0,"relics_obtained":["Red Mask"],"max_hp_gain":0,"max_hp_loss":0,"event_name":"Tomb of Lord Red Mask","floor":48,"gold_loss":66}],"is_beta":true,"boss_relics":[{"not_picked":["Astrolabe","Runic Dome"],"picked":"Cursed Key"},{"not_picked":["Velvet Choker","Fusion Hammer"],"picked":"Philosopher\u0027s Stone"}],"items_purged_floors":[5,14,36],"is_endless":false,"potions_floor_spawned":[3,11,12,18,24,33,35,42],"ascension_level":14}