{"gold_per_floor":[111,111,111,23,36,36,80,80,80,80,124,124,148,172,172,270,270,284,284,244,15,38,38,81,81,151,151,166,166,182,223,223,316,316,340,340,63,79,204,204,12,33,33,33,51,51,76,99,99,99],"floor_reached":51,"playtime":3396,"items_purged":["Strike_B"],"score":1403,"play_id":"16724a3f-cb7c-479f-9264-cdefe658f449","local_time":"20190806111418","is_ascension_mode":true,"campfire_choices":[{"data":"Dualcast","floor":6.0,"key":"SMITH"},{"data":"Zap","floor":8.0,"key":"SMITH"},{"data":"Glacier","floor":10.0,"key":"SMITH"},{"data":"Creative AI","floor":12.0,"key":"SMITH"},{"data":"Go for the Eyes","floor":15.0,"key":"SMITH"},{"data":"Darkness","floor":23.0,"key":"SMITH"},{"data":"Self Repair","floor":25.0,"key":"SMITH"},{"data":"Glacier","floor":29.0,"key":"SMITH"},{"data":"Defragment","floor":32.0,"key":"SMITH"},{"data":"Loop","floor":40.0,"key":"SMITH"},{"data":"Biased Cognition","floor":49,"key":"SMITH"}],"neow_cost":"NONE","seed_source_timestamp":4478798431469,"circlet_count":0,"master_deck":["AscendersBane","Zap+1","Dualcast+1","Amplify+1","Conserve Battery+1","Seek+1","Ball Lightning","Glacier+1","Glacier+1","Self Repair+1","Creative AI+1","Go for the Eyes+1","Biased Cognition+1","Darkness+1","Defragment+1","Loop+1","Core Surge","Barrage","Force Field"],"special_seed":0,"relics":["Astrolabe","Golden Idol","Regal Pillow","Anchor","Pear","Empty Cage","Membership Card","DataDisk","Meat on the Bone","Juzu Bracelet","Cursed Key","Runic Capacitor","Pantograph","Nunchaku","Bottled Lightning"],"potions_floor_usage":[],"damage_taken":[{"damage":10.0,"enemies":"Small Slimes","floor":1.0,"turns":3.0},{"damage":0.0,"enemies":"Jaw Worm","floor":5.0,"turns":4.0},{"damage":9.0,"enemies":"3 Sentries","floor":7.0,"turns":13.0},{"damage":0.0,"enemies":"Lagavulin","floor":11.0,"turns":9.0},{"damage":0.0,"enemies":"Cultist","floor":13.0,"turns":5.0},{"damage":11.0,"enemies":"3 Louse","floor":14.0,"turns":6.0},{"damage":22.0,"enemies":"Slime Boss","floor":16.0,"turns":8.0},{"damage":10.0,"enemies":"3 Byrds","floor":18.0,"turns":6.0},{"damage":9.0,"enemies":"2 Thieves","floor":20.0,"turns":5.0},{"damage":6.0,"enemies":"Centurion and Healer","floor":22.0,"turns":12.0},{"damage":22.0,"enemies":"Gremlin Leader","floor":24.0,"turns":8.0},{"damage":4.0,"enemies":"Snecko","floor":28.0,"turns":5.0},{"damage":3.0,"enemies":"Snake Plant","floor":30.0,"turns":5.0},{"damage":51.0,"enemies":"Slavers","floor":31.0,"turns":7.0},{"damage":6.0,"enemies":"Champ","floor":33.0,"turns":13.0},{"damage":0.0,"enemies":"3 Darklings","floor":35.0,"turns":8.0},{"damage":11.0,"enemies":"3 Shapes","floor":38.0,"turns":6.0},{"damage":0.0,"enemies":"Mind Bloom Boss Battle","floor":39.0,"turns":6.0},{"damage":0.0,"enemies":"Transient","floor":42.0,"turns":6.0},{"damage":5,"enemies":"4 Shapes","floor":45,"turns":7},{"damage":4,"enemies":"Sphere and 2 Shapes","floor":47,"turns":7},{"damage":26,"enemies":"Jaw Worm Horde","floor":48,"turns":7},{"damage":0,"enemies":"Time Eater","floor":50,"turns":9}],"seed_played":"-6864107383508645022","potions_obtained":[{"floor":11.0,"key":"FocusPotion"},{"floor":14.0,"key":"Dexterity Potion"},{"floor":16.0,"key":"PowerPotion"},{"floor":24.0,"key":"Fire Potion"},{"floor":27.0,"key":"Block Potion"},{"floor":38.0,"key":"SteroidPotion"},{"floor":45,"key":"Weak Potion"},{"floor":47,"key":"Poison Potion"}],"is_trial":false,"path_per_floor":["M","?","?","$","M","R","E","R","T","R","E","R","M","M","R","B",null,"M","?","M","$","M","R","E","R","T","?","M","R","M","E","R","B",null,"M","?","$","M","?","R","$","M","T","$","M","?","M","M","R","B",null],"character_chosen":"DEFECT","items_purchased":["Glacier","Membership Card","Runic Capacitor","Pantograph","Bottled Lightning","Fruit Juice"],"campfire_rested":0,"item_purchase_floors":[4,21,37,37,41,41],"current_hp_per_floor":[54,54,54,54,54,54,45,45,45,45,62,62,69,65,65,50,68,58,58,56,56,64,64,49,49,49,49,55,55,72,43,43,49,68,74,74,74,74,74,74,79,79,79,79,79,79,79,73,73,79],"gold":99,"neow_bonus":"BOSS_RELIC","is_prod":false,"is_daily":false,"chose_seed":false,"campfire_upgraded":11,"win_rate":0,"timestamp":1565057658,"path_taken":["M","?","?","$","M","R","E","R","T","R","E","R","M","?","R","BOSS","M","?","M","$","M","R","E","R","T","?","?","R","M","E","R","BOSS","M","?","$","M","?","R","?","M","T","$","M","?","M","M","R","BOSS"],"build_version":"2019-07-17","purchased_purges":1,"victory":true,"max_hp_per_floor":[71,64,64,64,64,64,64,64,64,64,74,74,74,74,74,74,74,74,74,74,74,74,74,74,74,74,74,74,74,74,74,74,74,74,74,74,74,74,74,74,79,79,79,79,79,79,79,79,79,79],"card_choices":[{"not_picked":["Hologram","Sweeping Beam"],"picked":"Ball Lightning","floor":1.0},{"not_picked":["Redo","Conserve Battery"],"picked":"Glacier","floor":5.0},{"not_picked":["Static Discharge","Fusion"],"picked":"Self Repair","floor":7.0},{"not_picked":["Chaos","Darkness"],"picked":"Creative AI","floor":11.0},{"not_picked":["Ball Lightning","Sunder"],"picked":"Go for the Eyes","floor":13.0},{"not_picked":["Conserve Battery","Compile Driver","Beam Cell"],"picked":"SKIP","floor":14.0},{"not_picked":["Meteor Strike","Hyperbeam"],"picked":"Biased Cognition","floor":16.0},{"not_picked":["Coolheaded","Hello World+1","Streamline"],"picked":"SKIP","floor":18.0},{"not_picked":["Aggregate","Redo","Ball Lightning"],"picked":"SKIP","floor":20.0},{"not_picked":["Streamline","Rebound"],"picked":"Darkness","floor":22.0},{"not_picked":["Leap+1","Chaos","Streamline"],"picked":"SKIP","floor":24.0},{"not_picked":["Melter","Go for the Eyes","Reprogram"],"picked":"SKIP","floor":28.0},{"not_picked":["Ball Lightning","Reinforced Body+1"],"picked":"Defragment","floor":30.0},{"not_picked":["Conserve Battery","Rip and Tear"],"picked":"Loop","floor":31.0},{"not_picked":["Creative AI","Rainbow"],"picked":"Core Surge","floor":33.0},{"not_picked":["Gash","Auto Shields"],"picked":"Barrage","floor":35.0},{"not_picked":["Redo","Coolheaded","Genetic Algorithm"],"picked":"SKIP","floor":38.0},{"not_picked":["Hologram","Compile Driver"],"picked":"Force Field","floor":39.0},{"not_picked":["Darkness","Undo","Steam"],"picked":"SKIP","floor":42.0},{"not_picked":["Blizzard+1","Turbo+1","Sweeping Beam"],"picked":"SKIP","floor":45},{"not_picked":["Turbo","Compile Driver","Rebound"],"picked":"SKIP","floor":47},{"not_picked":["Cold Snap","Rebound","Chaos+1"],"picked":"SKIP","floor":48}],"player_experience":246859,"relics_obtained":[{"floor":7.0,"key":"Regal Pillow"},{"floor":9.0,"key":"Anchor"},{"floor":11.0,"key":"Pear"},{"floor":24.0,"key":"DataDisk"},{"floor":26.0,"key":"Meat on the Bone"},{"floor":31.0,"key":"Juzu Bracelet"},{"floor":39.0,"key":"Nunchaku"}],"event_choices":[{"damage_healed":0.0,"max_hp_gain":0.0,"max_hp_loss":7.0,"gold_gain":0.0,"event_name":"Golden Idol","player_choice":"Lose Max HP","floor":2.0,"gold_loss":0.0,"damage_taken":0.0,"relics_obtained":["Golden Idol"]},{"cards_removed":["Strike_B"],"damage_healed":0.0,"max_hp_gain":0.0,"max_hp_loss":0.0,"gold_gain":0.0,"event_name":"Wheel of Change","player_choice":"Card Removal","floor":3.0,"gold_loss":0.0,"damage_taken":0.0},{"cards_removed":["Strike_B"],"damage_healed":0.0,"max_hp_gain":0.0,"max_hp_loss":0.0,"gold_gain":0.0,"event_name":"Back to Basics","player_choice":"Elegance","floor":19.0,"gold_loss":0.0,"damage_taken":0.0},{"damage_healed":0.0,"max_hp_gain":0.0,"max_hp_loss":0.0,"gold_gain":0.0,"event_name":"Lab","player_choice":"Got Potions","floor":27.0,"gold_loss":0.0,"damage_taken":0.0},{"damage_healed":0.0,"max_hp_gain":0.0,"max_hp_loss":0.0,"gold_gain":0.0,"event_name":"SensoryStone","player_choice":"Memory 1","floor":36.0,"gold_loss":0.0,"damage_taken":0.0},{"damage_healed":0.0,"max_hp_gain":0.0,"max_hp_loss":0.0,"gold_gain":0.0,"event_name":"MindBloom","player_choice":"Fight","floor":39.0,"gold_loss":0.0,"damage_taken":0.0},{"damage_healed":0,"gold_gain":0,"player_choice":"Ignored","damage_taken":0,"max_hp_gain":0,"max_hp_loss":0,"event_name":"Mysterious Sphere","floor":46,"gold_loss":0}],"is_beta":false,"boss_relics":[{"not_picked":["Snecko Eye","Busted Crown"],"picked":"Empty Cage"},{"not_picked":["Velvet Choker","Sozu"],"picked":"Cursed Key"}],"items_purged_floors":[37],"is_endless":false,"potions_floor_spawned":[11,14,16,18,20,24,38,45,47],"ascension_level":17}