{"gold_per_floor":[116,130,146,163,14,14,24,24,24,24,24,24,24,42,42,121,121,133,14,14,28,46,81,93,105],"floor_reached":25,"playtime":579,"items_purged":["Strike_B"],"score":526,"play_id":"3d8cb7cc-2777-4c22-80f6-9f5c0e1518c6","local_time":"20190726195904","is_ascension_mode":true,"campfire_choices":[{"data":"Chaos","floor":6.0,"key":"SMITH"},{"data":"Zap","floor":8.0,"key":"SMITH"},{"data":"Dualcast","floor":10.0,"key":"SMITH"},{"data":"Compile Driver","floor":12.0,"key":"SMITH"},{"data":"Ball Lightning","floor":15.0,"key":"SMITH"},{"data":"Loop","floor":24.0,"key":"SMITH"}],"neow_cost":"NONE","seed_source_timestamp":3519690792175,"circlet_count":0,"master_deck":["AscendersBane","Strike_B","Defend_B","Defend_B","Defend_B","Defend_B","Zap+1","Dualcast+1","Compile Driver+1","Chaos+1","Genetic Algorithm","Cold Snap","Ball Lightning+1","Seek","Self Repair","All For One","Compile Driver","Loop+1","Steam","Fusion","Capacitor+1","Hologram"],"special_seed":0,"relics":["Cracked Core","NeowsBlessing","Symbiotic Virus","CultistMask","Busted Crown","MawBank"],"potions_floor_usage":[25,25],"damage_taken":[{"damage":0.0,"enemies":"Cultist","floor":1.0,"turns":1.0},{"damage":0.0,"enemies":"2 Louse","floor":2.0,"turns":1.0},{"damage":0.0,"enemies":"Small Slimes","floor":3.0,"turns":1.0},{"damage":24.0,"enemies":"Exordium Thugs","floor":4.0,"turns":5.0},{"damage":4.0,"enemies":"Looter","floor":7.0,"turns":3.0},{"damage":14.0,"enemies":"Red Slaver","floor":14.0,"turns":2.0},{"damage":0.0,"enemies":"Slime Boss","floor":16.0,"turns":7.0},{"damage":4.0,"enemies":"Spheric Guardian","floor":18.0,"turns":3.0},{"damage":7.0,"enemies":"Chosen","floor":21.0,"turns":4.0},{"damage":5.0,"enemies":"Snecko","floor":22.0,"turns":5.0},{"damage":18.0,"enemies":"Gremlin Leader","floor":23.0,"turns":6.0},{"damage":63,"enemies":"Slavers","floor":25,"turns":4}],"seed_played":"-925640820706087906","potions_obtained":[{"floor":4.0,"key":"Fire Potion"},{"floor":14.0,"key":"SteroidPotion"},{"floor":22.0,"key":"PowerPotion"},{"floor":23.0,"key":"SteroidPotion"}],"is_trial":false,"path_per_floor":["M","M","M","M","$","R","M","R","T","R","?","R","?","M","R","B",null,"M","$","?","M","M","E","R","E"],"character_chosen":"DEFECT","items_purchased":["Cold Snap","Ball Lightning","Loop","Steam"],"campfire_rested":0,"item_purchase_floors":[5,5,19,19],"current_hp_per_floor":[64,64,64,40,40,40,36,36,36,36,29,29,29,15,15,22,59,62,62,62,62,64,53,53,0],"gold":105,"neow_bonus":"THREE_ENEMY_KILL","is_prod":false,"is_daily":false,"chose_seed":false,"campfire_upgraded":6,"win_rate":0,"timestamp":1564163944,"path_taken":["M","?","M","?","?","R","?","R","T","R","?","R","?","?","R","BOSS","M","$","?","?","?","E","R","E"],"build_version":"2019-07-18","purchased_purges":1,"victory":false,"max_hp_per_floor":[71,71,71,71,71,71,71,71,71,71,71,71,71,71,71,71,71,71,71,71,71,71,71,71,71],"card_choices":[{"not_picked":["Turbo","Streamline"],"picked":"Compile Driver","floor":1.0},{"not_picked":["Beam Cell","Melter"],"picked":"Chaos","floor":2.0},{"not_picked":["Barrage","Beam Cell","Compile Driver"],"picked":"SKIP","floor":3.0},{"not_picked":["Steam Power","Aggregate"],"picked":"Genetic Algorithm","floor":4.0},{"not_picked":["White Noise","Melter"],"picked":"Seek","floor":7.0},{"not_picked":["Coolheaded","Conserve Battery"],"picked":"Self Repair","floor":14.0},{"not_picked":["Amplify","Meteor Strike"],"picked":"All For One","floor":16.0},{"not_picked":[],"picked":"Compile Driver","floor":18.0},{"not_picked":[],"picked":"Fusion","floor":21.0},{"not_picked":[],"picked":"Capacitor+1","floor":22.0},{"not_picked":[],"picked":"Hologram","floor":23.0}],"player_experience":1924327,"relics_obtained":[{"floor":9.0,"key":"Symbiotic Virus"},{"floor":23.0,"key":"MawBank"}],"event_choices":[{"cards_removed":["Strike_B"],"damage_healed":0.0,"max_hp_gain":0.0,"max_hp_loss":0.0,"gold_gain":0.0,"event_name":"Golden Wing","player_choice":"Card Removal","floor":11.0,"gold_loss":0.0,"damage_taken":7.0},{"damage_healed":0.0,"max_hp_gain":0.0,"max_hp_loss":0.0,"gold_gain":0.0,"event_name":"FaceTrader","player_choice":"Trade","floor":13.0,"gold_loss":0.0,"damage_taken":0.0,"relics_obtained":["CultistMask"]},{"cards_removed":["Strike_B"],"damage_healed":0.0,"max_hp_gain":0.0,"max_hp_loss":0.0,"gold_gain":0.0,"event_name":"Purifier","player_choice":"Purged","floor":20.0,"gold_loss":0.0,"damage_taken":0.0}],"is_beta":true,"boss_relics":[{"not_picked":["White Beast Statue","Runic Dome"],"picked":"Busted Crown"}],"items_purged_floors":[5],"is_endless":false,"potions_floor_spawned":[4,14,22,23],"killed_by":"Slavers","ascension_level":20}