{"gold_per_floor":[112,37,53,72,4,4,33,58,83,96,109,143,143,218,218,317,317,331,363,363,10,29,29,43,78,159,159,13,45,45,58,58,163,163,181,181,111,130,130],"floor_reached":39,"playtime":3066,"items_purged":["Strike_R","Strike_R"],"score":635,"play_id":"00125139-63fa-4539-9890-ce280ef5f6a1","local_time":"20190805232552","is_ascension_mode":true,"campfire_choices":[{"data":"Shockwave","floor":6,"key":"SMITH"},{"data":"Spot Weakness","floor":13,"key":"SMITH"},{"floor":15,"key":"REST"},{"data":"Whirlwind","floor":23,"key":"SMITH"},{"data":"Feed","floor":27,"key":"SMITH"},{"data":"Feel No Pain","floor":30,"key":"SMITH"},{"data":"Spot Weakness","floor":32,"key":"SMITH"}],"neow_cost":"NONE","seed_source_timestamp":194310506356800,"circlet_count":0,"master_deck":["Strike_R","Strike_R","Strike_R","Defend_R","Defend_R","Defend_R","Defend_R","Bash","Feed","Spot Weakness+1","Hemokinesis","Inflame","Shockwave+1","Battle Trance","Whirlwind+1","Metallicize","Feed+1","Spot Weakness+1","Ghostly","Ghostly","Ghostly","Ghostly","Ghostly","Feel No Pain+1","Heavy Blade+1","Exhume","Inflame+1","Disarm"],"relics":["Burning Blood","Odd Mushroom","PreservedInsect","Bag of Marbles","Oddly Smooth Stone","Philosopher\u0027s Stone","Red Mask","Shuriken","Boot","Singing Bowl","Bronze Scales","Happy Flower","White Beast Statue"],"potions_floor_usage":[16,19,29,31,35,39],"damage_taken":[{"damage":4,"enemies":"Small Slimes","floor":1,"turns":3},{"damage":3,"enemies":"2 Louse","floor":3,"turns":3},{"damage":10,"enemies":"Jaw Worm","floor":4,"turns":4},{"damage":22,"enemies":"The Mushroom Lair","floor":7,"turns":5},{"damage":23,"enemies":"Lagavulin","floor":8,"turns":7},{"damage":6,"enemies":"Exordium Wildlife","floor":10,"turns":5},{"damage":6,"enemies":"Looter","floor":11,"turns":3},{"damage":25,"enemies":"3 Sentries","floor":12,"turns":5},{"damage":16,"enemies":"Hexaghost","floor":16,"turns":7},{"damage":3,"enemies":"3 Byrds","floor":18,"turns":5},{"damage":53,"enemies":"Masked Bandits","floor":19,"turns":5},{"damage":2,"enemies":"2 Thieves","floor":22,"turns":4},{"damage":4,"enemies":"Shelled Parasite and Fungi","floor":24,"turns":7},{"damage":3,"enemies":"Slavers","floor":25,"turns":5},{"damage":0,"enemies":"Gremlin Leader","floor":29,"turns":5},{"damage":16,"enemies":"Snake Plant","floor":31,"turns":2},{"damage":39,"enemies":"Collector","floor":33,"turns":8},{"damage":22,"enemies":"3 Darklings","floor":35,"turns":5},{"damage":27,"enemies":"3 Shapes","floor":38,"turns":5},{"damage":32,"enemies":"Spire Growth","floor":39,"turns":4}],"seed_played":"-6392263895413801401","potions_obtained":[{"floor":1,"key":"Weak Potion"},{"floor":11,"key":"SpeedPotion"},{"floor":12,"key":"Regen Potion"},{"floor":18,"key":"Weak Potion"},{"floor":22,"key":"GamblersBrew"},{"floor":33,"key":"Strength Potion"},{"floor":35,"key":"Weak Potion"},{"floor":38,"key":"SkillPotion"}],"is_trial":false,"path_per_floor":["M","$","M","M","$","R","?","E","T","M","M","E","R","?","R","B",null,"M","?","?","$","M","R","M","E","T","R","$","E","R","M","R","B",null,"M","?","$","M","M"],"character_chosen":"IRONCLAD","items_purchased":["Shockwave","Shuriken","Bronze Scales","Disarm"],"campfire_rested":1,"item_purchase_floors":[5,21,28,37],"current_hp_per_floor":[77,77,83,82,82,82,69,55,55,58,61,42,42,31,61,63,94,103,56,55,55,58,58,64,67,67,67,67,67,67,59,59,26,58,42,44,44,25,0],"gold":130,"neow_bonus":"ONE_RANDOM_RARE_CARD","is_prod":false,"is_daily":false,"chose_seed":false,"campfire_upgraded":6,"win_rate":0,"timestamp":1565065552,"path_taken":["M","$","M","M","$","R","?","E","T","M","M","E","R","?","R","BOSS","M","?","?","$","M","R","M","E","T","R","?","E","R","M","R","BOSS","M","?","$","M","M"],"build_version":"2019-07-17","purchased_purges":2,"victory":false,"max_hp_per_floor":[83,83,86,89,89,89,92,95,95,98,101,101,101,101,101,104,104,110,110,55,55,58,58,64,67,67,67,67,67,67,69,69,69,69,69,71,71,73,73],"card_choices":[{"not_picked":["Cleave","Headbutt"],"picked":"Spot Weakness","floor":1},{"not_picked":["Sever Soul","Flex"],"picked":"Hemokinesis","floor":3},{"not_picked":["Reckless Charge","Feel No Pain"],"picked":"Inflame","floor":4},{"not_picked":["Carnage","Sword Boomerang"],"picked":"Battle Trance","floor":7},{"not_picked":["Pommel Strike","True Grit","Rupture"],"picked":"SKIP","floor":8},{"not_picked":["Sword Boomerang","True Grit","Armaments"],"picked":"SKIP","floor":10},{"not_picked":["Cleave","Thunderclap"],"picked":"Whirlwind","floor":11},{"not_picked":["Reckless Charge","Metallicize","Headbutt"],"picked":"SKIP","floor":12},{"not_picked":["Reckless Charge","Headbutt"],"picked":"Metallicize","floor":12},{"not_picked":["Fiend Fire","Dark Embrace"],"picked":"Feed","floor":16},{"not_picked":["Heavy Blade","Headbutt"],"picked":"Spot Weakness","floor":18},{"not_picked":["Heavy Blade","Corruption+1","Warcry"],"picked":"SKIP","floor":22},{"not_picked":["Shrug It Off+1","Sentinel+1"],"picked":"Feel No Pain","floor":24},{"not_picked":["Spot Weakness","Intimidate+1","Perfected Strike"],"picked":"SKIP","floor":25},{"not_picked":["Body Slam","Shockwave+1"],"picked":"Heavy Blade+1","floor":29},{"not_picked":["Rupture","Clash","Clothesline"],"picked":"Singing Bowl","floor":31},{"not_picked":["Barricade","Juggernaut"],"picked":"Exhume","floor":33},{"not_picked":["Clothesline+1","Cleave+1"],"picked":"Inflame+1","floor":35},{"not_picked":["Deep Breath","Discovery","Finesse"],"picked":"Singing Bowl","floor":36},{"not_picked":["Wild Strike+1","Perfected Strike","Cleave+1"],"picked":"Singing Bowl","floor":38}],"player_experience":463755,"relics_obtained":[{"floor":7,"key":"Odd Mushroom"},{"floor":8,"key":"PreservedInsect"},{"floor":9,"key":"Bag of Marbles"},{"floor":12,"key":"Oddly Smooth Stone"},{"floor":19,"key":"Red Mask"},{"floor":25,"key":"Boot"},{"floor":26,"key":"Singing Bowl"},{"floor":29,"key":"Happy Flower"}],"event_choices":[{"damage_healed":0,"gold_gain":0,"player_choice":"Fought Mushrooms","damage_taken":0,"max_hp_gain":0,"max_hp_loss":0,"event_name":"Mushrooms","floor":7,"gold_loss":0},{"damage_healed":0,"gold_gain":75,"player_choice":"Gather Gold","damage_taken":11,"max_hp_gain":0,"max_hp_loss":0,"event_name":"World of Goop","floor":14,"gold_loss":0},{"damage_healed":0,"gold_gain":0,"player_choice":"Fought Bandits","damage_taken":0,"max_hp_gain":0,"max_hp_loss":0,"event_name":"Masked Bandits","floor":19,"gold_loss":0},{"damage_healed":0,"gold_gain":0,"player_choice":"Became a Ghost","damage_taken":0,"max_hp_gain":0,"max_hp_loss":55,"event_name":"Ghosts","floor":20,"gold_loss":0,"cards_obtained":["Ghostly","Ghostly","Ghostly","Ghostly","Ghostly"]},{"damage_healed":0,"gold_gain":0,"player_choice":"Memory 1","damage_taken":0,"max_hp_gain":0,"max_hp_loss":0,"event_name":"SensoryStone","floor":36,"gold_loss":0}],"is_beta":false,"boss_relics":[{"not_picked":["Astrolabe","Runic Pyramid"],"picked":"Philosopher\u0027s Stone"},{"not_picked":["Eternal Feather","Tiny House"],"picked":"White Beast Statue"}],"items_purged_floors":[2,21],"is_endless":false,"potions_floor_spawned":[1,11,12,18,22,24,33,35,38],"killed_by":"Spire Growth","ascension_level":7}