{"gold_per_floor":[20,33,33,45,55,55,66,66,66,77,94,19,35,66,66,66],"floor_reached":16,"playtime":613,"items_purged":["Strike_G"],"score":212,"play_id":"86aca171-4662-4f11-8a31-4350237d5e2f","local_time":"20190802184825","is_ascension_mode":true,"campfire_choices":[{"data":"Noxious Fumes","floor":6.0,"key":"SMITH"},{"floor":15,"key":"REST"}],"neow_cost":"NO_GOLD","seed_source_timestamp":433831214345475,"circlet_count":0,"master_deck":["AscendersBane","Strike_G","Defend_G","Defend_G","Defend_G","Defend_G","Defend_G","Survivor","Neutralize","Noxious Fumes+1","Accuracy","Acrobatics","PiercingWail","Calculated Gamble","Acrobatics","Bane","Cloak And Dagger","Burst","Predator"],"special_seed":0,"relics":["Ring of the Snake","Paper Crane","Bronze Scales"],"potions_floor_usage":[14],"damage_taken":[{"damage":9.0,"enemies":"Jaw Worm","floor":1.0,"turns":8.0},{"damage":7.0,"enemies":"Cultist","floor":2.0,"turns":5.0},{"damage":2.0,"enemies":"Small Slimes","floor":4.0,"turns":5.0},{"damage":9.0,"enemies":"Gremlin Gang","floor":5.0,"turns":6.0},{"damage":3.0,"enemies":"Blue Slaver","floor":7.0,"turns":6.0},{"damage":7.0,"enemies":"Large Slime","floor":10.0,"turns":6.0},{"damage":0.0,"enemies":"Red Slaver","floor":11.0,"turns":5.0},{"damage":7.0,"enemies":"Lots of Slimes","floor":13.0,"turns":3.0},{"damage":8,"enemies":"3 Sentries","floor":14,"turns":7},{"damage":39,"enemies":"Slime Boss","floor":16,"turns":6}],"seed_played":"-972183319635483535","potions_obtained":[{"floor":2.0,"key":"Poison Potion"},{"floor":5.0,"key":"PowerPotion"},{"floor":10.0,"key":"SteroidPotion"},{"floor":13.0,"key":"Explosive Potion"}],"is_trial":false,"path_per_floor":["M","M","?","M","M","R","M","?","T","M","M","$","M","E","R","B"],"character_chosen":"THE_SILENT","items_purchased":[],"campfire_rested":1,"item_purchase_floors":[],"current_hp_per_floor":[50,43,43,41,32,32,29,29,29,22,22,22,15,7,26,0],"gold":66,"neow_bonus":"TRANSFORM_TWO_CARDS","is_prod":false,"is_daily":false,"chose_seed":false,"campfire_upgraded":1,"win_rate":0,"timestamp":1564739305,"path_taken":["M","M","?","?","M","R","M","?","T","M","M","$","M","E","R","BOSS"],"build_version":"2019-07-17","purchased_purges":1,"victory":false,"max_hp_per_floor":[66,66,66,66,66,66,66,66,66,66,66,66,66,66,66,66],"card_choices":[{"not_picked":["Underhanded Strike","All Out Attack"],"picked":"Acrobatics","floor":1.0},{"not_picked":["Blade Dance","PiercingWail","Heel Hook"],"picked":"SKIP","floor":2.0},{"not_picked":["Blade Dance","Heel Hook"],"picked":"PiercingWail","floor":2.0},{"not_picked":["Unload","Deflect"],"picked":"Acrobatics","floor":4.0},{"not_picked":["Flying Knee","Slice","Sucker Punch"],"picked":"SKIP","floor":5.0},{"not_picked":["Crippling Poison","Prepared"],"picked":"Bane","floor":7.0},{"not_picked":["Noxious Fumes","Quick Slash"],"picked":"Cloak And Dagger","floor":10.0},{"not_picked":["Flying Knee","Blade Dance","Calculated Gamble"],"picked":"SKIP","floor":11.0},{"not_picked":["Terror","Prepared"],"picked":"Burst","floor":13.0},{"not_picked":["Dagger Spray","Finisher"],"picked":"Predator","floor":14}],"player_experience":735706,"relics_obtained":[{"floor":9.0,"key":"Paper Crane"},{"floor":14,"key":"Bronze Scales"}],"event_choices":[{"damage_healed":0.0,"max_hp_gain":0.0,"max_hp_loss":0.0,"gold_gain":0.0,"cards_transformed":["Strike_G"],"event_name":"Transmorgrifier","player_choice":"Transformed","floor":3.0,"gold_loss":0.0,"damage_taken":0.0,"cards_obtained":["Calculated Gamble"]},{"damage_healed":0.0,"max_hp_gain":0.0,"max_hp_loss":0.0,"gold_gain":0.0,"event_name":"The Cleric","player_choice":"Leave","floor":8.0,"gold_loss":0.0,"damage_taken":0.0}],"is_beta":false,"boss_relics":[],"items_purged_floors":[12],"is_endless":false,"potions_floor_spawned":[2,5,10,13],"killed_by":"Slime Boss","ascension_level":20}