{"gold_per_floor":[110,185,185,200,86,118,118,118,118,133,150,213,229,84,84,187,187,202,202,127,27,44,70,70,70],"floor_reached":25,"playtime":1156,"items_purged":["Defend_B","Strike_B","Strike_B"],"score":254,"play_id":"bdaf829f-5144-461d-b702-20b274c2190e","local_time":"20190702043214","is_ascension_mode":false,"campfire_choices":[{"data":"Sunder","floor":7,"key":"SMITH"},{"data":"Capacitor","floor":15,"key":"SMITH"}],"neow_cost":"NONE","seed_source_timestamp":34136201723075,"circlet_count":0,"master_deck":["Strike_B","Defend_B","Defend_B","Zap","Dualcast","Loop+1","Glacier","Sunder+1","Barrage","Go for the Eyes","Steam","Echo Form","Capacitor+1","Seek"],"relics":["FrozenCore","NeowsBlessing","Singing Bowl","The Courier","Tiny Chest","Centennial Puzzle"],"potions_floor_usage":[16,16,23,23],"damage_taken":[{"damage":0,"enemies":"Jaw Worm","floor":1,"turns":1},{"damage":3,"enemies":"Small Slimes","floor":4,"turns":2},{"damage":0,"enemies":"Gremlin Nob","floor":6,"turns":1},{"damage":1,"enemies":"2 Louse","floor":10,"turns":3},{"damage":12,"enemies":"2 Fungi Beasts","floor":11,"turns":3},{"damage":11,"enemies":"3 Sentries","floor":12,"turns":5},{"damage":4,"enemies":"Exordium Wildlife","floor":13,"turns":5},{"damage":2,"enemies":"Hexaghost","floor":16,"turns":11},{"damage":6,"enemies":"Chosen","floor":18,"turns":6},{"damage":6,"enemies":"Shell Parasite","floor":22,"turns":5},{"damage":64,"enemies":"Slavers","floor":23,"turns":6},{"damage":7,"enemies":"3 Cultists","floor":25,"turns":4}],"seed_played":"4054992612883920007","potions_obtained":[{"floor":6,"key":"Block Potion"},{"floor":11,"key":"Regen Potion"},{"floor":13,"key":"Weak Potion"},{"floor":16,"key":"Poison Potion"}],"is_trial":false,"path_per_floor":["M","?","?","M","$","E","R","?","T","M","M","E","M","$","R","B",null,"M","?","?","$","M","E","?","M"],"character_chosen":"DEFECT","items_purchased":["Sunder","Capacitor"],"campfire_rested":0,"item_purchase_floors":[5,14],"current_hp_per_floor":[75,64,64,61,61,61,61,54,54,53,43,32,28,28,28,26,77,73,73,73,73,69,22,6,0],"gold":70,"neow_bonus":"THREE_ENEMY_KILL","is_prod":false,"is_daily":false,"chose_seed":false,"campfire_upgraded":2,"win_rate":0,"timestamp":1562009534,"path_taken":["M","?","?","M","$","E","R","?","T","M","M","E","M","?","R","BOSS","M","?","?","$","?","E","?","M"],"build_version":"2019-01-23","purchased_purges":3,"victory":false,"max_hp_per_floor":[75,75,75,75,75,75,75,75,75,75,77,77,77,77,77,77,77,79,79,79,79,81,83,88,88],"card_choices":[{"not_picked":["Stack","Streamline"],"picked":"Loop","floor":1},{"not_picked":["Go for the Eyes","Beam Cell"],"picked":"Glacier","floor":4},{"not_picked":["Chill","Steam"],"picked":"Barrage","floor":6},{"not_picked":["Gash","Conserve Battery"],"picked":"Go for the Eyes","floor":10},{"not_picked":["Multi-Cast","Genetic Algorithm","Rebound"],"picked":"Singing Bowl","floor":11},{"not_picked":["Ball Lightning","Barrage"],"picked":"Steam","floor":12},{"not_picked":["Coolheaded","Consume"],"picked":"Echo Form","floor":13},{"not_picked":["Reboot","All For One"],"picked":"Seek","floor":16},{"not_picked":["Darkness","Sweeping Beam","Skim"],"picked":"Singing Bowl","floor":18},{"not_picked":["Steam Power+1","Streamline+1","Tempest"],"picked":"Singing Bowl","floor":22},{"not_picked":["Go for the Eyes","Stack","Sweeping Beam"],"picked":"Singing Bowl","floor":23}],"player_experience":139211,"relics_obtained":[{"floor":6,"key":"Singing Bowl"},{"floor":9,"key":"The Courier"},{"floor":12,"key":"Tiny Chest"},{"floor":23,"key":"Centennial Puzzle"}],"event_choices":[{"damage_healed":0,"gold_gain":75,"player_choice":"Gather Gold","damage_taken":11,"max_hp_gain":0,"max_hp_loss":0,"event_name":"World of Goop","floor":2,"gold_loss":0},{"damage_healed":0,"gold_gain":0,"player_choice":"Grow","damage_taken":0,"max_hp_gain":0,"max_hp_loss":0,"event_name":"Living Wall","floor":3,"gold_loss":0,"cards_upgraded":["Loop"]},{"cards_removed":["Defend_B"],"damage_healed":0,"gold_gain":0,"player_choice":"Card Removal","damage_taken":7,"max_hp_gain":0,"max_hp_loss":0,"event_name":"Golden Wing","floor":8,"gold_loss":0},{"damage_healed":0,"gold_gain":0,"player_choice":"Ignored","damage_taken":0,"max_hp_gain":0,"max_hp_loss":0,"event_name":"Vampires","floor":19,"gold_loss":0},{"cards_removed":["Strike_B"],"damage_healed":0,"gold_gain":0,"player_choice":"Gave Gold","damage_taken":0,"max_hp_gain":0,"max_hp_loss":0,"event_name":"Beggar","floor":20,"gold_loss":75},{"damage_healed":0,"gold_gain":0,"player_choice":"Shed Blood","damage_taken":21,"max_hp_gain":5,"max_hp_loss":0,"event_name":"Forgotten Altar","floor":24,"gold_loss":0}],"is_beta":false,"boss_relics":[{"not_picked":["Nuclear Battery","White Beast Statue"],"picked":"FrozenCore"}],"items_purged_floors":[5,14,21],"is_endless":false,"potions_floor_spawned":[6,11,13,16],"killed_by":"3 Cultists","ascension_level":0}