{"gold_per_floor":[114,131,149,12,24,50,50,80,80,92,57,57,57,71,71,145,145,161,161,173,173,88,88],"floor_reached":23,"playtime":2377,"items_purged":[],"score":427,"play_id":"5c0574a3-f81e-419d-9d10-c23bc43e8133","local_time":"20190730171623","is_ascension_mode":true,"campfire_choices":[{"data":"Neutralize","floor":7.0,"key":"SMITH"},{"floor":15.0,"key":"REST"}],"neow_cost":"NONE","seed_source_timestamp":0,"circlet_count":0,"master_deck":["AscendersBane","Defend_G","Defend_G","Defend_G","Defend_G","Defend_G","Survivor","Neutralize+1","Masterful Stab","Bane","Leg Sweep","Bouncing Flask","Quick Slash","Dodge and Roll","PiercingWail","After Image+1","Pain","PiercingWail","Glass Knife","After Image+1","Crippling Poison","Bite","Bite","Bite","Bite","Bite"],"special_seed":0,"relics":["Ring of the Snake","Nunchaku","Frozen Egg 2","Mummified Hand","WarpedTongs","Black Star","Ornamental Fan"],"potions_floor_usage":[23,23],"damage_taken":[{"damage":0.0,"enemies":"Cultist","floor":1.0,"turns":4.0},{"damage":0.0,"enemies":"Small Slimes","floor":2.0,"turns":3.0},{"damage":0.0,"enemies":"2 Louse","floor":3.0,"turns":2.0},{"damage":8.0,"enemies":"Exordium Thugs","floor":5.0,"turns":7.0},{"damage":15.0,"enemies":"Lagavulin","floor":6.0,"turns":5.0},{"damage":41.0,"enemies":"Gremlin Nob","floor":8.0,"turns":5.0},{"damage":0.0,"enemies":"Exordium Wildlife","floor":10.0,"turns":3.0},{"damage":0.0,"enemies":"Looter","floor":14.0,"turns":4.0},{"damage":14.0,"enemies":"The Guardian","floor":16.0,"turns":15.0},{"damage":17.0,"enemies":"Spheric Guardian","floor":18.0,"turns":6.0},{"damage":8.0,"enemies":"Shell Parasite","floor":20.0,"turns":8.0},{"damage":57,"enemies":"Book of Stabbing","floor":23,"turns":7}],"seed_played":"8517868721386812407","potions_obtained":[{"floor":3.0,"key":"Weak Potion"},{"floor":5.0,"key":"Poison Potion"},{"floor":6.0,"key":"Dexterity Potion"},{"floor":8.0,"key":"EssenceOfSteel"},{"floor":10.0,"key":"Energy Potion"},{"floor":20.0,"key":"AttackPotion"}],"is_trial":false,"path_per_floor":["M","M","M","$","M","E","R","E","T","M","?","$","?","M","R","B",null,"M","?","M","?","?","E"],"character_chosen":"THE_SILENT","items_purchased":["Bouncing Flask","Quick Slash"],"campfire_rested":1,"item_purchase_floors":[4,4],"current_hp_per_floor":[65,65,65,65,57,42,42,1,1,1,19,19,19,19,40,26,61,44,44,36,36,36,0],"gold":88,"neow_bonus":"TEN_PERCENT_HP_BONUS","is_prod":false,"is_daily":false,"chose_seed":false,"campfire_upgraded":1,"win_rate":0,"timestamp":1564496183,"path_taken":["M","M","?","$","M","E","R","E","T","?","?","$","?","M","R","BOSS","M","?","M","?","?","E"],"build_version":"2019-07-17","purchased_purges":0,"victory":false,"max_hp_per_floor":[72,72,72,72,72,72,72,72,72,72,72,72,72,72,72,72,72,72,72,72,50,50,50],"card_choices":[{"not_picked":["Prepared","Catalyst"],"picked":"Masterful Stab","floor":1.0},{"not_picked":["Acrobatics","Prepared"],"picked":"Bane","floor":2.0},{"not_picked":["Prepared","Doppelganger"],"picked":"Leg Sweep","floor":3.0},{"not_picked":["Dagger Spray","Outmaneuver"],"picked":"Dodge and Roll","floor":5.0},{"not_picked":["Finisher","Flechettes"],"picked":"PiercingWail","floor":6.0},{"not_picked":["Dagger Throw","Cloak And Dagger","Outmaneuver"],"picked":"SKIP","floor":8.0},{"not_picked":["Deadly Poison","Backflip"],"picked":"After Image+1","floor":10.0},{"not_picked":["Slice","Sucker Punch"],"picked":"PiercingWail","floor":14.0},{"not_picked":["Bullet Time","Envenom+1"],"picked":"Glass Knife","floor":16.0},{"not_picked":["Flying Knee","Dagger Throw","Sucker Punch"],"picked":"SKIP","floor":18.0},{"not_picked":["Sucker Punch","Prepared"],"picked":"Crippling Poison","floor":20.0}],"player_experience":1103657,"relics_obtained":[{"floor":6.0,"key":"Nunchaku"},{"floor":8.0,"key":"Frozen Egg 2"},{"floor":9.0,"key":"Mummified Hand"}],"event_choices":[{"damage_healed":18.0,"max_hp_gain":0.0,"max_hp_loss":0.0,"gold_gain":0.0,"event_name":"The Cleric","player_choice":"Healed","floor":11.0,"gold_loss":35.0,"damage_taken":0.0},{"damage_healed":0.0,"max_hp_gain":0.0,"max_hp_loss":0.0,"gold_gain":0.0,"event_name":"Accursed Blacksmith","player_choice":"Rummage","floor":13.0,"gold_loss":0.0,"damage_taken":0.0,"relics_obtained":["WarpedTongs"],"cards_obtained":["Pain"]},{"damage_healed":0.0,"max_hp_gain":0.0,"max_hp_loss":0.0,"gold_gain":0.0,"event_name":"The Library","player_choice":"Read","floor":19.0,"gold_loss":0.0,"damage_taken":0.0,"cards_obtained":["After Image"]},{"damage_healed":0.0,"max_hp_gain":0.0,"max_hp_loss":22.0,"gold_gain":0.0,"event_name":"Vampires","player_choice":"Became a vampire","floor":21.0,"gold_loss":0.0,"damage_taken":0.0,"cards_obtained":["Bite","Bite","Bite","Bite","Bite"]},{"damage_healed":0.0,"max_hp_gain":0.0,"max_hp_loss":0.0,"gold_gain":0.0,"event_name":"Addict","player_choice":"Obtained Relic","floor":22.0,"gold_loss":85.0,"damage_taken":0.0,"relics_obtained":["Ornamental Fan"]}],"is_beta":false,"boss_relics":[{"not_picked":["Orrery","Cursed Key"],"picked":"Black Star"}],"items_purged_floors":[],"is_endless":false,"potions_floor_spawned":[3,5,6,8,10,20],"killed_by":"Book of Stabbing","ascension_level":20}