{"gold_per_floor":[117,117,67,78,78,109,109,109,132,132,160,160,172,184,184,258,258,258,258,198,198],"floor_reached":21,"playtime":771,"items_purged":[],"score":309,"play_id":"0313a38b-ea32-46be-9faf-1a3c18589103","local_time":"20190804151850","is_ascension_mode":true,"campfire_choices":[{"data":"Zap","floor":8,"key":"SMITH"},{"floor":10,"key":"REST"},{"floor":15,"key":"REST"}],"neow_cost":"TEN_PERCENT_HP_LOSS","seed_source_timestamp":86467352892181,"circlet_count":0,"master_deck":["AscendersBane","Strike_B","Strike_B+1","Strike_B+1","Defend_B","Defend_B","Defend_B","Zap+1","Dualcast","Amplify","Genetic Algorithm","Streamline","Streamline","Creative AI","Heatsinks"],"relics":["Cracked Core","Pocketwatch","Pantograph","Bag of Preparation","Blood Vial","Regal Pillow","Ectoplasm"],"potions_floor_usage":[11,13,18,20],"damage_taken":[{"damage":2,"enemies":"2 Louse","floor":1,"turns":2},{"damage":7,"enemies":"Jaw Worm","floor":4,"turns":2},{"damage":20,"enemies":"Lagavulin","floor":6,"turns":7},{"damage":18,"enemies":"3 Sentries","floor":11,"turns":7},{"damage":3,"enemies":"Small Slimes","floor":13,"turns":2},{"damage":19,"enemies":"Gremlin Gang","floor":14,"turns":4},{"damage":34,"enemies":"Slime Boss","floor":16,"turns":9},{"damage":7,"enemies":"3 Byrds","floor":18,"turns":4},{"damage":19,"enemies":"2 Thieves","floor":20,"turns":5},{"damage":46,"enemies":"Chosen and Byrds","floor":21,"turns":6}],"seed_played":"-7035061694393757466","potions_obtained":[{"floor":4,"key":"Block Potion"},{"floor":11,"key":"Explosive Potion"},{"floor":13,"key":"Fruit Juice"},{"floor":18,"key":"AttackPotion"},{"floor":20,"key":"FearPotion"}],"is_trial":false,"path_per_floor":["M","?","?","M","T","E","?","R","T","R","E","?","M","M","R","B",null,"M","?","M","M"],"character_chosen":"DEFECT","items_purchased":[],"campfire_rested":2,"item_purchase_floors":[],"current_hp_per_floor":[66,52,52,45,45,25,18,18,18,38,22,22,26,9,45,38,64,59,52,35,0],"gold":198,"neow_bonus":"ONE_RARE_RELIC","is_prod":false,"is_daily":false,"chose_seed":false,"campfire_upgraded":1,"win_rate":0,"timestamp":1564899530,"path_taken":["M","?","?","M","?","E","?","R","T","R","E","?","?","M","R","BOSS","M","?","M","?"],"build_version":"2019-07-17","purchased_purges":0,"victory":false,"max_hp_per_floor":[68,68,68,68,68,68,68,68,68,68,68,68,73,73,73,73,73,73,73,73,73],"card_choices":[{"not_picked":["Beam Cell","Hologram","Redo"],"picked":"SKIP","floor":1},{"not_picked":["Redo","Sweeping Beam"],"picked":"Amplify","floor":4},{"not_picked":["Steam Power","Redo","Force Field"],"picked":"SKIP","floor":6},{"not_picked":["Turbo","Storm"],"picked":"Genetic Algorithm","floor":11},{"not_picked":["Coolheaded","Lockon"],"picked":"Streamline","floor":13},{"not_picked":["Turbo","Redo"],"picked":"Streamline","floor":14},{"not_picked":["Biased Cognition","Thunder Strike"],"picked":"Creative AI","floor":16},{"not_picked":["Ball Lightning+1","Melter"],"picked":"Heatsinks","floor":18},{"not_picked":["Rebound","Compile Driver","Beam Cell"],"picked":"SKIP","floor":20}],"player_experience":219442,"relics_obtained":[{"floor":5,"key":"Pantograph"},{"floor":6,"key":"Bag of Preparation"},{"floor":9,"key":"Blood Vial"},{"floor":11,"key":"Regal Pillow"}],"event_choices":[{"damage_healed":0,"gold_gain":0,"player_choice":"Entered Light","damage_taken":14,"max_hp_gain":0,"max_hp_loss":0,"event_name":"Shining Light","floor":2,"gold_loss":0,"cards_upgraded":["Strike_B","Strike_B"]},{"cards_removed":["Defend_B"],"damage_healed":0,"gold_gain":0,"player_choice":"Card Removal","damage_taken":0,"max_hp_gain":0,"max_hp_loss":0,"event_name":"The Cleric","floor":3,"gold_loss":50},{"cards_removed":["Strike_B"],"damage_healed":0,"gold_gain":0,"player_choice":"Card Removal","damage_taken":7,"max_hp_gain":0,"max_hp_loss":0,"event_name":"Golden Wing","floor":7,"gold_loss":0},{"damage_healed":0,"gold_gain":0,"player_choice":"Bought 0 Potions","damage_taken":0,"max_hp_gain":0,"max_hp_loss":0,"event_name":"The Woman in Blue","floor":12,"gold_loss":0},{"damage_healed":0,"gold_gain":0,"player_choice":"","damage_taken":7,"max_hp_gain":0,"max_hp_loss":0,"event_name":"Knowing Skull","floor":19,"potions_obtained":[],"gold_loss":0,"cards_obtained":[]}],"is_beta":false,"boss_relics":[{"not_picked":["Fusion Hammer","Calling Bell"],"picked":"Ectoplasm"}],"items_purged_floors":[],"is_endless":false,"potions_floor_spawned":[4,11,13,18,20],"killed_by":"Chosen and Byrds","ascension_level":13}