{"gold_per_floor":[119,134,154,154,36,69,69,102,132,132,132],"floor_reached":11,"playtime":234,"items_purged":["Defend_B"],"score":162,"play_id":"3028bc6a-dfe2-4bf6-9af9-489845664175","local_time":"20190610205059","is_ascension_mode":true,"campfire_choices":[{"floor":7,"key":"REST"},{"floor":10,"key":"REST"}],"neow_cost":"NONE","seed_source_timestamp":9067092178402,"circlet_count":0,"master_deck":["AscendersBane","Strike_B","Strike_B","Strike_B","Defend_B","Defend_B","Defend_B","Zap","Dualcast","Compile Driver","Go for the Eyes","Undo","Chill+1"],"relics":["Cracked Core","DataDisk","Bronze Scales","Toxic Egg 2","Tiny Chest"],"potions_floor_usage":[8],"damage_taken":[{"damage":10,"enemies":"Small Slimes","floor":1,"turns":4},{"damage":12,"enemies":"Jaw Worm","floor":2,"turns":2},{"damage":1,"enemies":"Cultist","floor":3,"turns":3},{"damage":17,"enemies":"Lagavulin","floor":6,"turns":9},{"damage":37,"enemies":"3 Sentries","floor":8,"turns":5},{"damage":33,"enemies":"Gremlin Nob","floor":11,"turns":3}],"seed_played":"6778273305174301213","potions_obtained":[{"floor":3,"key":"FocusPotion"},{"floor":6,"key":"Dexterity Potion"}],"is_trial":false,"path_per_floor":["M","M","M","?","$","E","R","E","T","R","E"],"character_chosen":"DEFECT","items_purchased":["Undo"],"campfire_rested":2,"item_purchase_floors":[5],"current_hp_per_floor":[54,42,41,34,34,17,38,1,1,22,0],"gold":132,"neow_bonus":"RANDOM_COMMON_RELIC","is_prod":false,"is_daily":false,"chose_seed":false,"campfire_upgraded":0,"win_rate":0,"timestamp":1560192659,"path_taken":["M","M","M","?","$","E","R","E","T","R","E"],"build_version":"2019-06-07","purchased_purges":1,"victory":false,"max_hp_per_floor":[71,71,71,71,71,71,71,71,71,71,71],"card_choices":[{"not_picked":["Hologram","Rebound"],"picked":"Compile Driver","floor":1},{"not_picked":["Skim","Gash"],"picked":"Go for the Eyes","floor":2},{"not_picked":["Gash","Redo","Thunder Strike"],"picked":"SKIP","floor":3},{"not_picked":["Gash","Recycle","Go for the Eyes"],"picked":"SKIP","floor":6},{"not_picked":["Heatsinks","Skim"],"picked":"Chill","floor":8}],"player_experience":1708122,"relics_obtained":[{"floor":6,"key":"Bronze Scales"},{"floor":8,"key":"Toxic Egg 2"},{"floor":9,"key":"Tiny Chest"}],"event_choices":[{"cards_removed":["Strike_B"],"damage_healed":0,"gold_gain":0,"player_choice":"Card Removal","damage_taken":7,"max_hp_gain":0,"max_hp_loss":0,"event_name":"Golden Wing","floor":4,"gold_loss":0}],"is_beta":true,"boss_relics":[],"items_purged_floors":[5],"is_endless":false,"potions_floor_spawned":[3,6],"killed_by":"Gremlin Nob","ascension_level":20}