{"gold_per_floor":[118,118,135,58,58,58,91,103,103,131,131,131,141,154,154,255,255,265,277,277,76,76,76],"floor_reached":23,"playtime":942,"items_purged":["Strike_G","Strike_G"],"score":419,"play_id":"0dd52cd2-42ad-40aa-9792-2db053e004ec","local_time":"20190804100416","is_ascension_mode":true,"campfire_choices":[{"data":"Neutralize","floor":6,"key":"SMITH"},{"floor":11,"key":"REST"},{"floor":15,"key":"REST"}],"neow_cost":"","seed_source_timestamp":61937652187400,"circlet_count":0,"master_deck":["Strike_G","Strike_G","Strike_G","Defend_G","Defend_G","Defend_G","Defend_G+1","Defend_G","Survivor","Neutralize+1","Footwork+1","Blade Dance+1","All Out Attack","Footwork","Underhanded Strike","Corpse Explosion","Distraction+1","Deadly Poison"],"relics":["Ring of the Snake","Shuriken","Mercury Hourglass","War Paint","Snake Skull","Philosopher\u0027s Stone"],"potions_floor_usage":[7,13,16,19,23],"damage_taken":[{"damage":1,"enemies":"Jaw Worm","floor":1,"turns":5},{"damage":3,"enemies":"Cultist","floor":3,"turns":5},{"damage":20,"enemies":"Lagavulin","floor":7,"turns":8},{"damage":0,"enemies":"2 Louse","floor":8,"turns":2},{"damage":7,"enemies":"3 Sentries","floor":10,"turns":4},{"damage":14,"enemies":"Exordium Wildlife","floor":13,"turns":4},{"damage":8,"enemies":"Looter","floor":14,"turns":3},{"damage":29,"enemies":"Slime Boss","floor":16,"turns":6},{"damage":9,"enemies":"Spheric Guardian","floor":18,"turns":5},{"damage":24,"enemies":"3 Byrds","floor":19,"turns":2},{"damage":42,"enemies":"Slavers","floor":23,"turns":3}],"seed_played":"-7247074142008359105","potions_obtained":[{"floor":1,"key":"Energy Potion"},{"floor":3,"key":"SkillPotion"},{"floor":13,"key":"PowerPotion"},{"floor":16,"key":"SpeedPotion"},{"floor":19,"key":"Fruit Juice"}],"is_trial":false,"path_per_floor":["M","?","M","$","$","R","E","M","T","E","R","?","M","M","R","B",null,"M","M","?","$","?","E"],"character_chosen":"THE_SILENT","items_purchased":["Shuriken","Footwork","All Out Attack","Regen Potion","Deadly Poison"],"campfire_rested":2,"item_purchase_floors":[0,0,4,21,21],"current_hp_per_floor":[49,49,46,46,46,46,26,26,26,19,40,40,26,18,39,10,55,46,27,27,27,27,0],"gold":76,"neow_bonus":"","is_prod":false,"is_daily":false,"chose_seed":false,"campfire_upgraded":1,"win_rate":0,"timestamp":1564931056,"path_taken":["M","?","M","?","$","R","E","M","T","E","R","?","M","?","R","BOSS","M","M","?","$","?","E"],"build_version":"2019-07-17","purchased_purges":2,"victory":false,"max_hp_per_floor":[70,70,70,70,70,70,70,70,70,70,70,70,70,70,70,70,70,70,75,75,75,75,75],"card_choices":[{"not_picked":["Choke","Bouncing Flask"],"picked":"Blade Dance","floor":1},{"not_picked":["Calculated Gamble","Reflex","Bane"],"picked":"SKIP","floor":3},{"not_picked":["Prepared","Blade Dance"],"picked":"Footwork","floor":7},{"not_picked":["Deadly Poison","Infinite Blades","Tactician"],"picked":"SKIP","floor":8},{"not_picked":["Dagger Spray","Poisoned Stab","Bullet Time"],"picked":"SKIP","floor":10},{"not_picked":["Endless Agony","PiercingWail"],"picked":"Underhanded Strike","floor":13},{"not_picked":["Blade Dance","Outmaneuver","Slice"],"picked":"SKIP","floor":14},{"not_picked":["Malaise","Bullet Time"],"picked":"Corpse Explosion","floor":16},{"not_picked":["Dodge and Roll","PiercingWail"],"picked":"Distraction+1","floor":18},{"not_picked":["Sucker Punch","Outmaneuver","Bane+1"],"picked":"SKIP","floor":19}],"player_experience":458255,"relics_obtained":[{"floor":7,"key":"Mercury Hourglass"},{"floor":9,"key":"War Paint"},{"floor":10,"key":"Snake Skull"}],"event_choices":[{"damage_healed":0,"gold_gain":0,"player_choice":"Forge","damage_taken":0,"max_hp_gain":0,"max_hp_loss":0,"event_name":"Accursed Blacksmith","floor":2,"gold_loss":0,"cards_upgraded":["Footwork"]},{"damage_healed":0,"gold_gain":0,"player_choice":"Fled","damage_taken":0,"max_hp_gain":0,"max_hp_loss":0,"event_name":"Scrap Ooze","floor":12,"gold_loss":0},{"damage_healed":0,"gold_gain":0,"player_choice":"Ignored","damage_taken":0,"max_hp_gain":0,"max_hp_loss":0,"event_name":"Cursed Tome","floor":20,"gold_loss":0}],"is_beta":false,"boss_relics":[{"not_picked":["Eternal Feather","Black Star"],"picked":"Philosopher\u0027s Stone"}],"items_purged_floors":[0,21],"is_endless":false,"potions_floor_spawned":[1,3,13,16,19],"killed_by":"Slavers","ascension_level":8}