{"gold_per_floor":[131,142,217,7,17,42,42,42,67,80,80,94,110,285,285,381,381,392,47,65,75,75,75,86,86,166,182,216,216,235,252,252,349,349,349,449,462,462,508,508],"floor_reached":40,"playtime":6480,"items_purged":["Regret","Doubt"],"score":431,"play_id":"3c67a747-04be-45c4-91d3-2ca89433cd0e","local_time":"20190809155536","is_ascension_mode":true,"campfire_choices":[{"floor":8.0,"key":"REST"},{"data":"Zap","floor":11.0,"key":"SMITH"},{"data":"Dualcast","floor":15.0,"key":"SMITH"},{"data":"Multi-Cast","floor":23.0,"key":"SMITH"},{"data":"Barrage","floor":25.0,"key":"SMITH"},{"floor":32.0,"key":"REST"}],"neow_cost":"CURSE","seed_source_timestamp":0,"circlet_count":0,"master_deck":["Strike_B+1","Defend_B+1","Defend_B+1","Defend_B+1","Defend_B+1","Zap+1","Dualcast+1","Jack Of All Trades","Flash of Steel","Ball Lightning","White Noise","Barrage+1","Glacier","Coolheaded","Steam Power","Rebound","Glacier","Multi-Cast+1","Barrage","Loop","Recycle+1","Consume+1","Go for the Eyes","Coolheaded","Defragment","Reboot","Rainbow+1","Force Field+1","Core Surge+1","Redo+1","Go for the Eyes","Madness","Madness","Reprogram+1"],"special_seed":0,"relics":["Cracked Core","Blood Vial","Nunchaku","Anchor","Inserter","Happy Flower","Meat on the Bone","Sundial","Astrolabe","Emotion Chip","StoneCalendar"],"potions_floor_usage":[39,39,40],"damage_taken":[{"damage":7.0,"enemies":"Small Slimes","floor":1.0,"turns":3.0},{"damage":3.0,"enemies":"Jaw Worm","floor":2.0,"turns":3.0},{"damage":2.0,"enemies":"2 Louse","floor":5.0,"turns":2.0},{"damage":22.0,"enemies":"Lagavulin","floor":6.0,"turns":7.0},{"damage":0.0,"enemies":"2 Fungi Beasts","floor":10.0,"turns":4.0},{"damage":0.0,"enemies":"Large Slime","floor":12.0,"turns":3.0},{"damage":0.0,"enemies":"Looter","floor":13.0,"turns":2.0},{"damage":14.0,"enemies":"Slime Boss","floor":16.0,"turns":11.0},{"damage":14.0,"enemies":"Spheric Guardian","floor":18.0,"turns":5.0},{"damage":0.0,"enemies":"Chosen","floor":20.0,"turns":4.0},{"damage":2.0,"enemies":"Snake Plant","floor":21.0,"turns":5.0},{"damage":15.0,"enemies":"Centurion and Healer","floor":24.0,"turns":6.0},{"damage":0.0,"enemies":"Cultist and Chosen","floor":27.0,"turns":7.0},{"damage":25.0,"enemies":"Gremlin Leader","floor":28.0,"turns":7.0},{"damage":5.0,"enemies":"Shelled Parasite and Fungi","floor":30.0,"turns":6.0},{"damage":14.0,"enemies":"Snake Plant","floor":31.0,"turns":5.0},{"damage":20.0,"enemies":"Automaton","floor":33.0,"turns":9.0},{"damage":13.0,"enemies":"3 Shapes","floor":35.0,"turns":3.0},{"damage":0.0,"enemies":"Mind Bloom Boss Battle","floor":36.0,"turns":9.0},{"damage":7.0,"enemies":"3 Darklings","floor":37.0,"turns":8.0},{"damage":40,"enemies":"2 Orb Walkers","floor":39,"turns":7},{"damage":59,"enemies":"Reptomancer","floor":40,"turns":3}],"seed_played":"-6382287973293606545","potions_obtained":[{"floor":5.0,"key":"SteroidPotion"},{"floor":10.0,"key":"FearPotion"},{"floor":12.0,"key":"Fire Potion"},{"floor":13.0,"key":"Poison Potion"},{"floor":16.0,"key":"Ancient Potion"},{"floor":20.0,"key":"Swift Potion"},{"floor":21.0,"key":"SpeedPotion"},{"floor":31.0,"key":"SkillPotion"},{"floor":33.0,"key":"SmokeBomb"},{"floor":36.0,"key":"Swift Potion"},{"floor":37,"key":"Regen Potion"},{"floor":39,"key":"Explosive Potion"}],"is_trial":false,"path_per_floor":["M","M","?","$","M","E","?","R","T","M","R","M","M","?","R","B",null,"M","$","M","M","?","R","M","R","T","M","E","?","M","M","R","B",null,"M","?","M","?","?","E"],"character_chosen":"DEFECT","items_purchased":["Barrage","Glacier","Happy Flower","Barrage","Loop"],"campfire_rested":2,"item_purchase_floors":[4,4,19,19,19],"current_hp_per_floor":[68,65,54,54,52,30,12,34,34,36,36,38,40,40,40,28,75,61,61,63,63,63,63,50,50,50,52,41,41,38,38,60,42,75,62,64,59,50,39,0],"gold":508,"neow_bonus":"RANDOM_COLORLESS_2","is_prod":false,"is_daily":false,"chose_seed":false,"campfire_upgraded":4,"win_rate":0,"timestamp":1565333736,"path_taken":["M","M","?","$","M","E","?","R","T","M","R","?","M","?","R","BOSS","M","$","M","M","?","R","M","R","T","M","E","?","M","M","R","BOSS","M","?","M","?","?","E"],"build_version":"2019-07-17","purchased_purges":2,"victory":false,"max_hp_per_floor":[75,75,75,75,75,75,75,75,75,75,75,75,75,75,75,75,75,75,75,75,75,75,75,75,75,75,75,75,75,75,75,75,75,75,75,75,75,75,75,75],"card_choices":[{"not_picked":["Double Energy","Hologram"],"picked":"Ball Lightning","floor":1.0},{"not_picked":["Conserve Battery","Hello World"],"picked":"White Noise","floor":2.0},{"not_picked":["Hello World","Streamline","Chaos"],"picked":"SKIP","floor":5.0},{"not_picked":["Amplify","Lockon"],"picked":"Coolheaded","floor":6.0},{"not_picked":["Lockon","Beam Cell"],"picked":"Steam Power","floor":10.0},{"not_picked":["Genetic Algorithm","Steam"],"picked":"Rebound","floor":12.0},{"not_picked":["Conserve Battery","Reprogram"],"picked":"Glacier","floor":13.0},{"not_picked":["Buffer","Reboot"],"picked":"Multi-Cast","floor":16.0},{"not_picked":["Scrape","Rip and Tear","Rebound+1"],"picked":"SKIP","floor":18.0},{"not_picked":["Ball Lightning","Storm+1"],"picked":"Recycle+1","floor":20.0},{"not_picked":["Static Discharge","Compile Driver+1","Rebound+1"],"picked":"SKIP","floor":21.0},{"not_picked":["Undo","Barrage"],"picked":"Consume+1","floor":24.0},{"not_picked":["Sweeping Beam+1","BootSequence+1"],"picked":"Go for the Eyes","floor":27.0},{"not_picked":["FTL","Leap"],"picked":"Coolheaded","floor":28.0},{"not_picked":["Double Energy","Redo"],"picked":"Defragment","floor":30.0},{"not_picked":["Hologram","Coolheaded","Rebound+1"],"picked":"SKIP","floor":31.0},{"not_picked":["Multi-Cast","Meteor Strike"],"picked":"Reboot","floor":33.0},{"not_picked":["Doom and Gloom+1","Steam Power"],"picked":"Redo+1","floor":36.0},{"not_picked":["Leap","Coolheaded"],"picked":"Go for the Eyes","floor":37},{"not_picked":["Rebound","Hologram"],"picked":"Reprogram+1","floor":39}],"player_experience":236037,"relics_obtained":[{"floor":6.0,"key":"Blood Vial"},{"floor":9.0,"key":"Anchor"},{"floor":26.0,"key":"Meat on the Bone"},{"floor":28.0,"key":"Sundial"},{"floor":36.0,"key":"Emotion Chip"},{"floor":39,"key":"StoneCalendar"}],"event_choices":[{"damage_healed":0.0,"max_hp_gain":0.0,"max_hp_loss":0.0,"gold_gain":75.0,"event_name":"World of Goop","player_choice":"Gather Gold","floor":3.0,"gold_loss":0.0,"damage_taken":11.0},{"damage_healed":0.0,"max_hp_gain":0.0,"max_hp_loss":0.0,"gold_gain":0.0,"event_name":"Scrap Ooze","player_choice":"Success","floor":7.0,"gold_loss":0.0,"damage_taken":18.0,"relics_obtained":["Nunchaku"]},{"damage_healed":0.0,"max_hp_gain":0.0,"max_hp_loss":0.0,"gold_gain":175.0,"event_name":"Liars Game","player_choice":"AGREE","floor":14.0,"gold_loss":0.0,"damage_taken":0.0,"cards_obtained":["Doubt"]},{"damage_healed":0.0,"max_hp_gain":0.0,"max_hp_loss":0.0,"gold_gain":0.0,"event_name":"Back to Basics","player_choice":"Simplicity","floor":29.0,"gold_loss":0.0,"damage_taken":0.0,"cards_upgraded":["Strike_B","Strike_B","Strike_B","Strike_B","Defend_B","Defend_B","Defend_B","Defend_B"]},{"damage_healed":0.0,"max_hp_gain":0.0,"max_hp_loss":0.0,"gold_gain":0.0,"event_name":"MindBloom","player_choice":"Fight","floor":36.0,"gold_loss":0.0,"damage_taken":0.0},{"damage_healed":0,"gold_gain":0,"player_choice":"Embrace Madness","damage_taken":9,"max_hp_gain":0,"max_hp_loss":0,"event_name":"Winding Halls","floor":38,"gold_loss":0,"cards_obtained":["Madness","Madness"]},{"damage_healed":0,"gold_gain":0,"player_choice":"Fight","damage_taken":0,"max_hp_gain":0,"max_hp_loss":0,"event_name":"Mysterious Sphere","floor":39,"gold_loss":0}],"is_beta":false,"boss_relics":[{"not_picked":["Fusion Hammer","Tiny House"],"picked":"Inserter"},{"not_picked":["White Beast Statue","Pandora\u0027s Box"],"picked":"Astrolabe"}],"items_purged_floors":[4,19],"is_endless":false,"potions_floor_spawned":[5,10,12,13,16,20,21,31,33,35,36,37,39],"killed_by":"Reptomancer","ascension_level":1}