{"gold_per_floor":[115,129,129,129,140,175,9,9,35,60,72,72,106,117,117,194,194,207,13,26,26,26,61,61,88,141,172,87,41,59,90,90,168,168,184,184,204,204,8,8,43,43,66,77,77,77,54,88,88,88,88,88,88,14,49,49],"floor_reached":56,"playtime":4482,"items_purged":["Strike_R+1"],"score":2219,"play_id":"bc590db9-60e0-49c0-849c-77cb1a64a884","local_time":"20190803114845","is_ascension_mode":true,"campfire_choices":[{"data":"Combust","floor":12.0,"key":"SMITH"},{"floor":15.0,"key":"REST"},{"floor":24.0,"key":"REST"},{"data":"Spot Weakness","floor":32.0,"key":"SMITH"},{"floor":40,"key":"RECALL"},{"data":"Feel No Pain","floor":42,"key":"SMITH"},{"data":"Demon Form","floor":46,"key":"SMITH"},{"floor":49,"key":"REST"},{"data":"Warcry","floor":53,"key":"SMITH"}],"neow_cost":"NONE","seed_source_timestamp":0,"circlet_count":0,"master_deck":["AscendersBane","Strike_R+1","Strike_R+1","Strike_R+1","Strike_R+1","Defend_R+1","Defend_R+1","Defend_R+1","Bash","Wild Strike","Inflame","Whirlwind","Carnage","Clothesline","Combust+1","Barricade","Heavy Blade","Reaper","Seeing Red","Warcry","Clothesline","Spot Weakness+1","Inflame","Seeing Red","Metallicize","Sever Soul","Havoc","Offering","Demon Form+1","Pummel+1","Sword Boomerang+1","Feel No Pain+1","Evolve","Havoc","Entrench","Pummel","Reaper","Warcry+1","Spot Weakness","Havoc+1","Intimidate","Warcry"],"special_seed":0,"relics":["Burning Blood","Happy Flower","Omamori","Ice Cream","Anchor","Sundial","Dream Catcher","Blood Vial","Pen Nib","Mark of Pain","Orichalcum","The Courier","Charon\u0027s Ashes","PreservedInsect","Dead Branch","Matryoshka","Art of War","Philosopher\u0027s Stone","Self Forming Clay","Mummified Hand","Mercury Hourglass","Bag of Preparation"],"potions_floor_usage":[51,56,56],"damage_taken":[{"damage":1.0,"enemies":"Small Slimes","floor":1.0,"turns":4.0},{"damage":7.0,"enemies":"2 Louse","floor":2.0,"turns":3.0},{"damage":2.0,"enemies":"Jaw Worm","floor":5.0,"turns":3.0},{"damage":31.0,"enemies":"Gremlin Nob","floor":6.0,"turns":4.0},{"damage":10.0,"enemies":"Lagavulin","floor":10.0,"turns":5.0},{"damage":2.0,"enemies":"Looter","floor":11.0,"turns":3.0},{"damage":10.0,"enemies":"Gremlin Nob","floor":13.0,"turns":3.0},{"damage":34.0,"enemies":"Exordium Thugs","floor":14.0,"turns":5.0},{"damage":0.0,"enemies":"Slime Boss","floor":16.0,"turns":6.0},{"damage":12.0,"enemies":"Shell Parasite","floor":18.0,"turns":3.0},{"damage":14.0,"enemies":"3 Byrds","floor":20.0,"turns":4.0},{"damage":38.0,"enemies":"Book of Stabbing","floor":23.0,"turns":5.0},{"damage":17.0,"enemies":"Gremlin Leader","floor":25.0,"turns":4.0},{"damage":29.0,"enemies":"Slavers","floor":27.0,"turns":4.0},{"damage":0.0,"enemies":"Snecko","floor":30.0,"turns":5.0},{"damage":7.0,"enemies":"Book of Stabbing","floor":31.0,"turns":2.0},{"damage":62.0,"enemies":"Collector","floor":33.0,"turns":6.0},{"damage":10.0,"enemies":"3 Darklings","floor":35.0,"turns":3.0},{"damage":17.0,"enemies":"3 Shapes","floor":37.0,"turns":6.0},{"damage":41,"enemies":"Nemesis","floor":41,"turns":6},{"damage":20,"enemies":"Sphere and 2 Shapes","floor":44,"turns":4},{"damage":14,"enemies":"Reptomancer","floor":48,"turns":4},{"damage":35,"enemies":"Donu and Deca","floor":50,"turns":5},{"damage":59,"enemies":"Awakened One","floor":51,"turns":9},{"damage":37,"enemies":"Shield and Spear","floor":55,"turns":6},{"damage":59,"enemies":"The Heart","floor":56,"turns":3}],"seed_played":"-638246798312288422","potions_obtained":[{"floor":2.0,"key":"Explosive Potion"},{"floor":5.0,"key":"Fire Potion"},{"floor":11.0,"key":"Swift Potion"},{"floor":14.0,"key":"SpeedPotion"},{"floor":23.0,"key":"Swift Potion"},{"floor":27.0,"key":"Regen Potion"},{"floor":33.0,"key":"GamblersBrew"},{"floor":41,"key":"BloodPotion"}],"is_trial":false,"path_per_floor":["M","M","?","?","M","E","$","?","T","E","M","R","E","M","R","B",null,"M","$","M","?","?","E","R","E","T","E","?","$","M","E","R","B",null,"M","?","M","?","$","R","E","R","T","M","?","R","$","E","R","B","B",null,"R","$","E","B"],"character_chosen":"IRONCLAD","items_purchased":["Anchor","Orichalcum","Warcry","Havoc","Feel No Pain","Evolve","Havoc","Warcry","PowerPotion","Intimidate"],"campfire_rested":3,"item_purchase_floors":[7,19,19,29,39,39,39,47,54,54],"current_hp_per_floor":[73,72,72,61,65,40,40,40,40,36,42,42,40,14,36,44,67,63,63,66,66,66,36,58,75,75,52,52,52,60,61,61,25,63,75,75,74,71,71,71,36,36,36,56,56,56,56,50,71,71,33,62,62,62,40,0],"gold":49,"neow_bonus":"RANDOM_COMMON_RELIC","is_prod":false,"is_daily":false,"chose_seed":false,"campfire_upgraded":5,"win_rate":0,"timestamp":1564858125,"path_taken":["M","M","?","?","M","E","$","?","T","E","M","R","E","M","R","BOSS","M","$","M","?","?","E","R","E","T","E","?","$","M","E","R","BOSS","M","?","M","?","$","R","E","R","T","?","?","R","?","E","R","BOSS","BOSS","R","$","E","BOSS"],"build_version":"2019-07-17","purchased_purges":1,"victory":false,"max_hp_per_floor":[75,75,75,75,75,75,75,75,75,75,75,75,75,75,75,75,75,75,75,75,75,75,75,75,75,75,75,75,75,75,75,75,75,75,75,75,75,71,71,71,71,71,71,71,71,71,71,71,71,71,71,71,71,71,71,71],"card_choices":[{"not_picked":["Warcry","Spot Weakness"],"picked":"Wild Strike","floor":1.0},{"not_picked":["Clothesline","Iron Wave"],"picked":"Inflame","floor":2.0},{"not_picked":["True Grit","Flex"],"picked":"Whirlwind","floor":5.0},{"not_picked":["Juggernaut","Second Wind"],"picked":"Carnage","floor":6.0},{"not_picked":["Wild Strike","Cleave"],"picked":"Clothesline","floor":10.0},{"not_picked":["Cleave","Wild Strike"],"picked":"Combust","floor":11.0},{"not_picked":["Clash","Flex","Perfected Strike"],"picked":"SKIP","floor":13.0},{"not_picked":["Flex","Thunderclap"],"picked":"Barricade","floor":14.0},{"not_picked":["Body Slam","Warcry"],"picked":"Heavy Blade","floor":15.0},{"not_picked":["Bludgeon","Juggernaut"],"picked":"Reaper","floor":16.0},{"not_picked":["True Grit","Infernal Blade"],"picked":"Seeing Red","floor":18.0},{"not_picked":["Whirlwind","Flex"],"picked":"Clothesline","floor":20.0},{"not_picked":["True Grit","Body Slam"],"picked":"Inflame","floor":23.0},{"not_picked":["Infernal Blade","Havoc"],"picked":"Seeing Red","floor":24.0},{"not_picked":["Twin Strike","Wild Strike"],"picked":"Metallicize","floor":25.0},{"not_picked":["Headbutt","Body Slam"],"picked":"Sever Soul","floor":27.0},{"not_picked":["Wild Strike","Pommel Strike"],"picked":"Offering","floor":30.0},{"not_picked":["Clash","Iron Wave","Perfected Strike"],"picked":"SKIP","floor":31.0},{"not_picked":["Offering","Fiend Fire"],"picked":"Demon Form","floor":33.0},{"not_picked":["Perfected Strike+1","Hemokinesis"],"picked":"Pummel+1","floor":35.0},{"not_picked":["Cleave+1","Heavy Blade"],"picked":"Sword Boomerang+1","floor":37.0},{"not_picked":["Rampage","Second Wind"],"picked":"Entrench","floor":41},{"not_picked":["Warcry","Armaments"],"picked":"Pummel","floor":44},{"not_picked":["Evolve","Cleave"],"picked":"Spot Weakness","floor":48},{"not_picked":["Warcry","Seeing Red"],"picked":"Havoc+1","floor":49},{"not_picked":["Brutality","Twin Strike+1"],"picked":"Warcry","floor":55}],"player_experience":1191710,"relics_obtained":[{"floor":6.0,"key":"Ice Cream"},{"floor":9.0,"key":"Dream Catcher"},{"floor":10.0,"key":"Blood Vial"},{"floor":13.0,"key":"Pen Nib"},{"floor":23.0,"key":"The Courier"},{"floor":25.0,"key":"Charon\u0027s Ashes"},{"floor":26.0,"key":"PreservedInsect"},{"floor":27.0,"key":"Dead Branch"},{"floor":31.0,"key":"Art of War"},{"floor":41,"key":"Self Forming Clay"},{"floor":43,"key":"Mummified Hand"},{"floor":48,"key":"Mercury Hourglass"},{"floor":55,"key":"Bag of Preparation"}],"event_choices":[{"damage_healed":0.0,"max_hp_gain":0.0,"max_hp_loss":0.0,"gold_gain":0.0,"event_name":"The Cleric","player_choice":"Leave","floor":3.0,"gold_loss":0.0,"damage_taken":0.0},{"damage_healed":0.0,"max_hp_gain":0.0,"max_hp_loss":0.0,"gold_gain":0.0,"event_name":"Scrap Ooze","player_choice":"Success","floor":4.0,"gold_loss":0.0,"damage_taken":11.0,"relics_obtained":["Omamori"]},{"damage_healed":0.0,"max_hp_gain":0.0,"max_hp_loss":0.0,"gold_gain":0.0,"event_name":"Big Fish","player_choice":"Box","floor":8.0,"gold_loss":0.0,"damage_taken":0.0,"relics_obtained":["Sundial"],"cards_obtained":["Regret"]},{"damage_healed":0.0,"max_hp_gain":0.0,"max_hp_loss":0.0,"gold_gain":0.0,"event_name":"Back to Basics","player_choice":"Simplicity","floor":21.0,"gold_loss":0.0,"damage_taken":0.0,"cards_upgraded":["Strike_R","Strike_R","Strike_R","Strike_R","Strike_R","Defend_R","Defend_R","Defend_R","Defend_R"]},{"damage_healed":0.0,"max_hp_gain":0.0,"max_hp_loss":0.0,"gold_gain":0.0,"event_name":"The Library","player_choice":"Read","floor":22.0,"gold_loss":0.0,"damage_taken":0.0,"cards_obtained":["Spot Weakness"]},{"damage_healed":0.0,"max_hp_gain":0.0,"max_hp_loss":0.0,"gold_gain":0.0,"event_name":"Addict","player_choice":"Obtained Relic","floor":28.0,"gold_loss":85.0,"damage_taken":0.0,"relics_obtained":["Matryoshka"]},{"cards_removed":["Defend_R"],"damage_healed":0.0,"max_hp_gain":0.0,"max_hp_loss":0.0,"gold_gain":0.0,"event_name":"Falling","player_choice":"Removed Skill","floor":36.0,"gold_loss":0.0,"damage_taken":0.0},{"damage_healed":0.0,"max_hp_gain":0.0,"max_hp_loss":4.0,"gold_gain":0.0,"event_name":"Winding Halls","player_choice":"Max HP","floor":38.0,"gold_loss":0.0,"damage_taken":0.0},{"damage_healed":0,"gold_gain":0,"player_choice":"Copied","damage_taken":0,"max_hp_gain":0,"max_hp_loss":0,"event_name":"Duplicator","floor":45,"gold_loss":0,"cards_obtained":["Reaper"]}],"is_beta":false,"boss_relics":[{"not_picked":["Tiny House","Astrolabe"],"picked":"Mark of Pain"},{"not_picked":["Pandora\u0027s Box","Runic Cube"],"picked":"Philosopher\u0027s Stone"}],"items_purged_floors":[39],"is_endless":false,"potions_floor_spawned":[2,5,11,14,23,27,30,33,41,44],"killed_by":"The Heart","ascension_level":20}