{"gold_per_floor":[211,211,13,31,47,47,63,89,113,145,145,220,248,260,260,336,336,352,352,352,21,34,34,34],"floor_reached":24,"playtime":588,"items_purged":["Regret","Bite"],"score":382,"play_id":"204b2dc6-b0c4-425f-ba92-30a6315a0ca9","local_time":"20190720013157","is_ascension_mode":true,"campfire_choices":[{"data":"Defragment","floor":6,"key":"SMITH"},{"data":"Creative AI","floor":11,"key":"SMITH"},{"floor":15,"key":"REST"},{"floor":23,"key":"REST"}],"neow_cost":"NONE","seed_source_timestamp":124828872585431,"circlet_count":0,"master_deck":["AscendersBane","Defend_B","Defend_B","Defend_B","Defend_B","Zap","Dualcast","BootSequence","Defragment+1","Ball Lightning","Darkness","Creative AI+1","Undo","Compile Driver","Fission","Necronomicurse","Bite","Bite","Bite","Bite"],"relics":["Cracked Core","Pen Nib","Smiling Mask","Bag of Marbles","Strawberry","Busted Crown","Necronomicon","Strange Spoon"],"potions_floor_usage":[10,13,13,18,24],"damage_taken":[{"damage":0,"enemies":"Cultist","floor":1,"turns":4},{"damage":0,"enemies":"Jaw Worm","floor":4,"turns":3},{"damage":0,"enemies":"2 Louse","floor":5,"turns":2},{"damage":0,"enemies":"Exordium Wildlife","floor":7,"turns":3},{"damage":36,"enemies":"Gremlin Nob","floor":10,"turns":4},{"damage":15,"enemies":"Lagavulin","floor":13,"turns":6},{"damage":0,"enemies":"Large Slime","floor":14,"turns":5},{"damage":34,"enemies":"Hexaghost","floor":16,"turns":9},{"damage":13,"enemies":"Chosen","floor":18,"turns":5},{"damage":24,"enemies":"2 Thieves","floor":22,"turns":5},{"damage":62,"enemies":"Slavers","floor":24,"turns":3}],"seed_played":"6046867350651332360","potions_obtained":[{"floor":1,"key":"FearPotion"},{"floor":7,"key":"SkillPotion"},{"floor":10,"key":"Weak Potion"},{"floor":14,"key":"Fire Potion"}],"is_trial":false,"path_per_floor":["M","?","$","M","M","R","M","T","T","E","R","?","E","M","R","B",null,"M","?","?","$","M","R","E"],"character_chosen":"DEFECT","items_purchased":["Defragment","Ball Lightning","Regen Potion","Strange Spoon"],"campfire_rested":2,"item_purchase_floors":[3,3,21,21],"current_hp_per_floor":[64,64,64,64,64,64,64,64,64,35,35,24,9,11,34,2,59,48,27,27,27,13,36,0],"gold":34,"neow_bonus":"HUNDRED_GOLD","is_prod":false,"is_daily":false,"chose_seed":false,"campfire_upgraded":2,"win_rate":0,"timestamp":1563579117,"path_taken":["M","?","$","M","M","R","M","?","T","E","R","?","E","M","R","BOSS","M","?","?","?","M","R","E"],"build_version":"2019-07-18","purchased_purges":2,"victory":false,"max_hp_per_floor":[71,71,71,71,71,71,71,71,71,78,78,78,78,78,78,78,78,78,78,78,78,78,78,78],"card_choices":[{"not_picked":["Melter","Force Field"],"picked":"BootSequence","floor":1},{"not_picked":["Leap","Gash"],"picked":"Darkness","floor":4},{"not_picked":["Rebound","Redo","Force Field"],"picked":"SKIP","floor":5},{"not_picked":["Recycle","Rebound","BootSequence"],"picked":"SKIP","floor":7},{"not_picked":["Conserve Battery","Stack"],"picked":"Creative AI","floor":10},{"not_picked":["Sweeping Beam","Fusion"],"picked":"Undo","floor":13},{"not_picked":["Streamline","Lockon"],"picked":"Compile Driver","floor":14},{"not_picked":["Creative AI","Reboot"],"picked":"Fission","floor":16},{"not_picked":["Gash"],"picked":"SKIP","floor":18},{"not_picked":["Blizzard"],"picked":"SKIP","floor":22}],"player_experience":1905612,"relics_obtained":[{"floor":8,"key":"Smiling Mask"},{"floor":9,"key":"Bag of Marbles"},{"floor":10,"key":"Strawberry"},{"floor":13,"key":"Blood Vial"},{"floor":19,"key":"Necronomicon"}],"event_choices":[{"damage_healed":0,"gold_gain":0,"player_choice":"Box","damage_taken":0,"relics_obtained":["Pen Nib"],"max_hp_gain":0,"max_hp_loss":0,"event_name":"Big Fish","floor":2,"gold_loss":0,"cards_obtained":["Regret"]},{"damage_healed":0,"gold_gain":75,"player_choice":"Gather Gold","damage_taken":11,"max_hp_gain":0,"max_hp_loss":0,"event_name":"World of Goop","floor":12,"gold_loss":0},{"damage_healed":0,"gold_gain":0,"player_choice":"Obtained Book","damage_taken":21,"max_hp_gain":0,"max_hp_loss":0,"event_name":"Cursed Tome","floor":19,"gold_loss":0},{"damage_healed":0,"gold_gain":0,"player_choice":"Became a vampire (Vial)","damage_taken":0,"max_hp_gain":0,"max_hp_loss":0,"event_name":"Vampires","floor":20,"relics_lost":["Blood Vial"],"gold_loss":0,"cards_obtained":["Bite","Bite","Bite","Bite","Bite"]}],"is_beta":true,"boss_relics":[{"not_picked":["Pandora\u0027s Box","Orrery"],"picked":"Busted Crown"}],"items_purged_floors":[3,21],"is_endless":false,"potions_floor_spawned":[1,7,10,14],"killed_by":"Slavers","ascension_level":15}