{"gold_per_floor":[113,113,113,12,12,42,57,82,82,93,93,151,151,164,164,269,269,280,280,299,398,398,398,416,416,416,430,226,237,248,11,11,107,107,107,127,73,92,92],"floor_reached":39,"playtime":1868,"items_purged":["Strike_B"],"score":499,"play_id":"d516ca0b-7596-43f2-9aca-7689ff51f186","local_time":"20190701092343","is_ascension_mode":true,"campfire_choices":[{"floor":11,"key":"REST"},{"data":"Defragment","floor":13,"key":"SMITH"},{"floor":15,"key":"REST"},{"data":"Go for the Eyes","floor":23,"key":"SMITH"},{"data":"Blizzard","floor":25,"key":"SMITH"},{"floor":32,"key":"REST"}],"neow_cost":"NONE","seed_source_timestamp":3303959467797,"circlet_count":0,"master_deck":["Strike_B+1","Strike_B","Strike_B","Defend_B","Defend_B","Defend_B","Zap","Dualcast+1","Gash","Defragment+1","Gash","Blizzard+1","Echo Form","Go for the Eyes+1","Leap","Cold Snap","Rebound","Defragment+1","Amplify","Melter","Doom and Gloom","Coolheaded","Redo","Good Instincts","Glacier","Reprogram","Coolheaded","Capacitor","Capacitor","Capacitor","Defragment","All For One","Loop","Blizzard"],"relics":["FrozenCore","NeowsBlessing","Ornamental Fan","Letter Opener","Dream Catcher","The Courier","Runic Dome"],"potions_floor_usage":[12,16,18,18,35],"damage_taken":[{"damage":0,"enemies":"2 Louse","floor":1,"turns":1},{"damage":0,"enemies":"Lagavulin","floor":6,"turns":1},{"damage":0,"enemies":"Small Slimes","floor":7,"turns":1},{"damage":32,"enemies":"Gremlin Nob","floor":8,"turns":4},{"damage":12,"enemies":"Jaw Worm","floor":10,"turns":3},{"damage":12,"enemies":"Gremlin Nob","floor":12,"turns":4},{"damage":5,"enemies":"3 Louse","floor":14,"turns":3},{"damage":21,"enemies":"Hexaghost","floor":16,"turns":9},{"damage":11,"enemies":"2 Thieves","floor":18,"turns":5},{"damage":8,"enemies":"Chosen","floor":20,"turns":7},{"damage":18,"enemies":"Shelled Parasite and Fungi","floor":24,"turns":6},{"damage":4,"enemies":"Sentry and Sphere","floor":27,"turns":4},{"damage":10,"enemies":"Cultist and Chosen","floor":29,"turns":8},{"damage":13,"enemies":"Snake Plant","floor":30,"turns":7},{"damage":13,"enemies":"Automaton","floor":33,"turns":17},{"damage":0,"enemies":"3 Darklings","floor":35,"turns":1},{"damage":13,"enemies":"Orb Walker","floor":36,"turns":6},{"damage":42,"enemies":"4 Shapes","floor":38,"turns":5},{"damage":23,"enemies":"Jaw Worm Horde","floor":39,"turns":2}],"seed_played":"6858026025613767420","potions_obtained":[{"floor":7,"key":"Fire Potion"},{"floor":10,"key":"Explosive Potion"},{"floor":12,"key":"PowerPotion"},{"floor":14,"key":"Fire Potion"},{"floor":24,"key":"Poison Potion"},{"floor":29,"key":"Explosive Potion"},{"floor":30,"key":"SmokeBomb"}],"is_trial":false,"path_per_floor":["M","?","?","$","$","E","M","E","T","M","R","?","R","M","R","B",null,"M","?","M","?","?","R","M","R","T","M","$","M","M","$","R","B",null,"M","M","$","M","M"],"character_chosen":"DEFECT","items_purchased":["Defragment","Gash","Redo","Good Instincts","Glacier","Capacitor","Capacitor","Capacitor","Defragment","Blizzard"],"campfire_rested":3,"item_purchase_floors":[4,4,28,28,28,31,31,31,31,37],"current_hp_per_floor":[75,68,53,53,53,53,53,21,21,9,31,19,19,14,36,15,75,64,64,56,56,56,56,38,38,38,34,34,24,11,11,33,20,75,75,62,62,20,0],"gold":92,"neow_bonus":"THREE_ENEMY_KILL","is_prod":false,"is_daily":false,"chose_seed":false,"campfire_upgraded":3,"win_rate":0,"timestamp":1561940623,"path_taken":["M","?","?","?","$","E","M","E","T","M","R","?","R","M","R","BOSS","M","?","M","?","?","R","M","R","T","M","$","M","M","$","R","BOSS","M","M","$","M","M"],"build_version":"2019-01-23","purchased_purges":1,"victory":false,"max_hp_per_floor":[75,75,75,75,75,75,75,75,75,75,75,75,75,75,75,75,75,75,75,75,75,75,75,75,75,75,75,75,75,75,75,75,75,75,75,75,75,75,75],"card_choices":[{"not_picked":["Conserve Battery","Sweeping Beam"],"picked":"Gash","floor":1},{"not_picked":["Compile Driver","Stack"],"picked":"Blizzard","floor":6},{"not_picked":["Sweeping Beam","Ball Lightning"],"picked":"Echo Form","floor":7},{"not_picked":["Echo Form","Static Discharge"],"picked":"Go for the Eyes","floor":8},{"not_picked":["Streamline","Sweeping Beam"],"picked":"Leap","floor":10},{"not_picked":["Coolheaded","Redo"],"picked":"Cold Snap","floor":12},{"not_picked":["Stack","FTL"],"picked":"Rebound","floor":14},{"not_picked":["Gash","Storm"],"picked":"Defragment","floor":15},{"not_picked":["Machine Learning","Biased Cognition"],"picked":"Amplify","floor":16},{"not_picked":["Ball Lightning","Stack+1"],"picked":"Melter","floor":18},{"not_picked":["Coolheaded","Go for the Eyes"],"picked":"Doom and Gloom","floor":20},{"not_picked":["Compile Driver","Heatsinks","Darkness"],"picked":"SKIP","floor":24},{"not_picked":["Hologram","Turbo+1"],"picked":"Coolheaded","floor":27},{"not_picked":["Creative AI","Gash"],"picked":"Reprogram","floor":29},{"not_picked":["Go for the Eyes","Leap"],"picked":"Coolheaded","floor":30},{"not_picked":["Rainbow","Core Surge"],"picked":"All For One","floor":33},{"not_picked":["Turbo+1","Melter+1"],"picked":"Loop","floor":36},{"not_picked":["Stack","Doom and Gloom+1","Rip and Tear+1"],"picked":"SKIP","floor":38}],"player_experience":99721,"relics_obtained":[{"floor":6,"key":"Ornamental Fan"},{"floor":8,"key":"Letter Opener"},{"floor":12,"key":"Dream Catcher"},{"floor":26,"key":"The Courier"}],"event_choices":[{"cards_removed":["Defend_B"],"damage_healed":0,"gold_gain":0,"player_choice":"Card Removal","damage_taken":7,"max_hp_gain":0,"max_hp_loss":0,"event_name":"Golden Wing","floor":2,"gold_loss":0},{"damage_healed":0,"gold_gain":0,"player_choice":"Entered Light","damage_taken":15,"max_hp_gain":0,"max_hp_loss":0,"event_name":"Shining Light","floor":3,"gold_loss":0,"cards_upgraded":["Strike_B","Dualcast"]},{"damage_healed":0,"gold_gain":0,"player_choice":"Searched \u00271\u0027 times","damage_taken":0,"max_hp_gain":0,"max_hp_loss":0,"event_name":"Dead Adventurer","floor":12,"gold_loss":0},{"damage_healed":0,"gold_gain":0,"player_choice":"Ignored","damage_taken":0,"max_hp_gain":0,"max_hp_loss":0,"event_name":"The Mausoleum","floor":19,"gold_loss":0},{"damage_healed":0,"gold_gain":99,"player_choice":"Stole From Cult","damage_taken":0,"max_hp_gain":0,"max_hp_loss":0,"event_name":"Nest","floor":21,"gold_loss":0},{"damage_healed":0,"gold_gain":0,"player_choice":"Forge","damage_taken":0,"max_hp_gain":0,"max_hp_loss":0,"event_name":"Accursed Blacksmith","floor":22,"gold_loss":0,"cards_upgraded":["Defragment"]}],"is_beta":false,"boss_relics":[{"not_picked":["Runic Pyramid","Calling Bell"],"picked":"FrozenCore"},{"not_picked":["White Beast Statue","Inserter"],"picked":"Runic Dome"}],"items_purged_floors":[28],"is_endless":false,"potions_floor_spawned":[7,10,12,14,24,29,30],"killed_by":"Jaw Worm Horde","ascension_level":4}