{"gold_per_floor":[109,109,129,54,108,143,143,170,170,41,52,52,79,90,90,90],"floor_reached":16,"playtime":420,"items_purged":["Defend_B","Strike_B"],"score":201,"play_id":"898a6853-84c1-4694-b420-51e9f1253ee6","local_time":"20190805082201","is_ascension_mode":true,"campfire_choices":[{"data":"Dualcast","floor":7,"key":"SMITH"},{"floor":12,"key":"REST"},{"data":"Defragment","floor":15,"key":"SMITH"}],"neow_cost":"NONE","seed_source_timestamp":1328729232543,"circlet_count":0,"master_deck":["AscendersBane","Strike_B","Strike_B","Strike_B","Defend_B","Defend_B","Defend_B","Zap+1","Dualcast+1","Scrape","Self Repair","Defragment+1"],"relics":["Runic Dome","DataDisk","Shovel","Smiling Mask","Mercury Hourglass","Mango"],"potions_floor_usage":[13,13],"damage_taken":[{"damage":8,"enemies":"Small Slimes","floor":1,"turns":5},{"damage":0,"enemies":"Cultist","floor":3,"turns":4},{"damage":21,"enemies":"Gremlin Nob","floor":6,"turns":4},{"damage":30,"enemies":"Lagavulin","floor":8,"turns":6},{"damage":2,"enemies":"Jaw Worm","floor":11,"turns":2},{"damage":20,"enemies":"3 Sentries","floor":13,"turns":4},{"damage":1,"enemies":"2 Fungi Beasts","floor":14,"turns":3},{"damage":47,"enemies":"The Guardian","floor":16,"turns":5}],"seed_played":"-9178094523727072255","potions_obtained":[{"floor":1,"key":"Explosive Potion"},{"floor":11,"key":"SteroidPotion"}],"is_trial":false,"path_per_floor":["M","?","M","$","T","E","R","E","T","$","M","R","E","M","R","B"],"character_chosen":"DEFECT","items_purchased":["Defragment"],"campfire_rested":1,"item_purchase_floors":[10],"current_hp_per_floor":[56,56,56,56,56,35,35,12,12,12,17,38,39,45,45,0],"gold":90,"neow_bonus":"BOSS_RELIC","is_prod":false,"is_daily":false,"chose_seed":false,"campfire_upgraded":2,"win_rate":0,"timestamp":1564960921,"path_taken":["M","?","M","$","?","E","R","E","T","?","M","R","E","M","R","BOSS"],"build_version":"2019-07-17","purchased_purges":2,"victory":false,"max_hp_per_floor":[71,71,71,71,71,71,71,71,71,71,71,71,85,85,85,85],"card_choices":[{"not_picked":["Hello World","Turbo","Redo"],"picked":"SKIP","floor":1},{"not_picked":["Lockon","Stack"],"picked":"Scrape","floor":3},{"not_picked":["Turbo","Skim"],"picked":"Self Repair","floor":6},{"not_picked":["Coolheaded","Sunder","Conserve Battery"],"picked":"SKIP","floor":8},{"not_picked":["Rebound","Storm","Blizzard"],"picked":"SKIP","floor":11},{"not_picked":["Rainbow","Auto Shields","Sweeping Beam"],"picked":"SKIP","floor":13},{"not_picked":["Rebound","Conserve Battery","Redo"],"picked":"SKIP","floor":14}],"player_experience":231665,"relics_obtained":[{"floor":5,"key":"DataDisk"},{"floor":6,"key":"Shovel"},{"floor":8,"key":"Smiling Mask"},{"floor":9,"key":"Mercury Hourglass"},{"floor":13,"key":"Mango"}],"event_choices":[{"damage_healed":0,"gold_gain":0,"player_choice":"Upgraded","damage_taken":0,"max_hp_gain":0,"max_hp_loss":0,"event_name":"Upgrade Shrine","floor":2,"gold_loss":0,"cards_upgraded":["Zap"]}],"is_beta":false,"boss_relics":[],"items_purged_floors":[4,10],"is_endless":false,"potions_floor_spawned":[1,11],"killed_by":"The Guardian","ascension_level":14}