{"gold_per_floor":[115,190,149,149,161,161,161,161,210,222,222,222,242,252,252,252],"floor_reached":16,"playtime":424,"items_purged":[],"score":180,"play_id":"e3622696-b7b0-49e8-8246-e8e084a9242c","local_time":"20190807210406","is_ascension_mode":true,"campfire_choices":[{"data":"Zap","floor":6,"key":"SMITH"},{"data":"Dualcast","floor":8,"key":"SMITH"},{"floor":12,"key":"REST"},{"floor":15,"key":"REST"}],"neow_cost":"PERCENT_DAMAGE","seed_source_timestamp":17128325628539,"circlet_count":0,"master_deck":["AscendersBane","Strike_B","Strike_B+1","Strike_B","Strike_B+1","Defend_B","Defend_B","Defend_B","Defend_B","Zap+1","Dualcast+1","Streamline","Self Repair","BootSequence","Glacier","Steam Power","Conserve Battery","Coolheaded"],"relics":["Cracked Core","Emotion Chip","Ginger","Dream Catcher"],"potions_floor_usage":[16],"damage_taken":[{"damage":7,"enemies":"Jaw Worm","floor":1,"turns":3},{"damage":15,"enemies":"Small Slimes","floor":5,"turns":3},{"damage":0,"enemies":"2 Louse","floor":10,"turns":2},{"damage":0,"enemies":"Blue Slaver","floor":13,"turns":4},{"damage":10,"enemies":"Lots of Slimes","floor":14,"turns":4},{"damage":59,"enemies":"Slime Boss","floor":16,"turns":13}],"seed_played":"-8049173549753972543","potions_obtained":[{"floor":14,"key":"SkillPotion"}],"is_trial":false,"path_per_floor":["M","?","$","?","M","R","T","R","T","M","?","R","M","M","R","B"],"character_chosen":"DEFECT","items_purchased":["Self Repair"],"campfire_rested":2,"item_purchase_floors":[3],"current_hp_per_floor":[39,28,28,28,20,20,20,20,20,27,6,27,34,31,52,0],"gold":252,"neow_bonus":"ONE_RARE_RELIC","is_prod":false,"is_daily":false,"chose_seed":false,"campfire_upgraded":2,"win_rate":0,"timestamp":1565179446,"path_taken":["M","?","$","?","M","R","?","R","T","M","?","R","M","M","R","BOSS"],"build_version":"2019-07-17","purchased_purges":0,"victory":false,"max_hp_per_floor":[71,71,71,71,71,71,71,71,71,71,71,71,71,71,71,71],"card_choices":[{"not_picked":["Barrage","Steam"],"picked":"Streamline","floor":1},{"not_picked":["Coolheaded","Compile Driver"],"picked":"BootSequence","floor":5},{"not_picked":["Fusion","Reprogram"],"picked":"Glacier","floor":10},{"not_picked":["Aggregate","Hello World"],"picked":"Steam Power","floor":12},{"not_picked":["Streamline","Redo","Leap"],"picked":"SKIP","floor":13},{"not_picked":["Turbo","Leap"],"picked":"Conserve Battery","floor":14},{"not_picked":["Thunder Strike","Cold Snap"],"picked":"Coolheaded","floor":15}],"player_experience":293880,"relics_obtained":[{"floor":7,"key":"Ginger"},{"floor":9,"key":"Dream Catcher"}],"event_choices":[{"damage_healed":0,"gold_gain":75,"player_choice":"Gather Gold","damage_taken":11,"max_hp_gain":0,"max_hp_loss":0,"event_name":"World of Goop","floor":2,"gold_loss":0},{"damage_healed":0,"gold_gain":0,"player_choice":"Ignored","damage_taken":0,"max_hp_gain":0,"max_hp_loss":0,"event_name":"Liars Game","floor":4,"gold_loss":0},{"damage_healed":0,"gold_gain":0,"player_choice":"Entered Light","damage_taken":21,"max_hp_gain":0,"max_hp_loss":0,"event_name":"Shining Light","floor":11,"gold_loss":0,"cards_upgraded":["Strike_B","Strike_B"]}],"is_beta":false,"boss_relics":[],"items_purged_floors":[],"is_endless":false,"potions_floor_spawned":[14],"killed_by":"Slime Boss","ascension_level":20}