{"gold_per_floor":[113,113,128,128,128,145,145,155,155,155,172,172,15,40,40,114,114,128,128,178,156,156,156,185,185,185,185],"floor_reached":27,"playtime":764,"items_purged":[],"score":435,"play_id":"663bed65-b60e-4b83-bb94-f3b637871ca4","local_time":"20190806121845","is_ascension_mode":true,"campfire_choices":[{"data":"Zap","floor":7,"key":"SMITH"},{"data":"Dualcast","floor":10,"key":"SMITH"},{"floor":12,"key":"REST"},{"floor":15,"key":"REST"},{"floor":23,"key":"REST"},{"floor":25,"key":"REST"}],"neow_cost":"NONE","seed_source_timestamp":11036708133371,"circlet_count":0,"master_deck":["AscendersBane","Strike_B","Strike_B","Defend_B","Defend_B","Defend_B","Zap+1","Dualcast+1","Beam Cell","White Noise","Electrodynamics","Leap+1","Steam Power","Go for the Eyes","Cold Snap","Glacier","Seek","Writhe"],"relics":["Busted Crown","Peace Pipe","PreservedInsect","Bird Faced Urn","Cursed Key","Art of War","Sundial"],"potions_floor_usage":[11,16,24],"damage_taken":[{"damage":4,"enemies":"Jaw Worm","floor":1,"turns":4},{"damage":6,"enemies":"Cultist","floor":3,"turns":3},{"damage":1,"enemies":"2 Louse","floor":6,"turns":2},{"damage":8,"enemies":"Blue Slaver","floor":8,"turns":3},{"damage":7,"enemies":"Large Slime","floor":11,"turns":4},{"damage":15,"enemies":"Lagavulin","floor":14,"turns":6},{"damage":54,"enemies":"Hexaghost","floor":16,"turns":9},{"damage":31,"enemies":"3 Byrds","floor":18,"turns":3},{"damage":14,"enemies":"2 Thieves","floor":21,"turns":4},{"damage":27,"enemies":"Book of Stabbing","floor":24,"turns":7},{"damage":52,"enemies":"Gremlin Leader","floor":27,"turns":5}],"seed_played":"-3613980263824643442","potions_obtained":[{"floor":3,"key":"SneckoOil"},{"floor":5,"key":"Swift Potion"},{"floor":6,"key":"Strength Potion"},{"floor":18,"key":"SpeedPotion"}],"is_trial":false,"path_per_floor":["M","?","M","$","?","M","R","M","T","R","M","R","$","E","R","B",null,"M","?","?","M","?","R","E","R","T","E"],"character_chosen":"DEFECT","items_purchased":["PreservedInsect"],"campfire_rested":4,"item_purchase_floors":[13],"current_hp_per_floor":[60,53,47,47,47,46,46,38,38,38,31,52,52,37,58,6,55,28,28,28,18,18,39,16,37,37,0],"gold":185,"neow_bonus":"BOSS_RELIC","is_prod":false,"is_daily":false,"chose_seed":false,"campfire_upgraded":2,"win_rate":0,"timestamp":1565061525,"path_taken":["M","?","M","$","?","M","R","M","T","R","?","R","$","E","R","BOSS","M","?","?","M","?","R","E","R","T","E"],"build_version":"2019-07-17","purchased_purges":0,"victory":false,"max_hp_per_floor":[71,71,71,71,71,71,71,71,71,71,71,71,71,71,71,71,71,71,71,71,71,71,71,71,71,71,71],"card_choices":[{"not_picked":["Redo"],"picked":"SKIP","floor":1},{"not_picked":[],"picked":"Beam Cell","floor":3},{"not_picked":["Hello World"],"picked":"SKIP","floor":6},{"not_picked":["Hologram"],"picked":"SKIP","floor":8},{"not_picked":["Sweeping Beam"],"picked":"SKIP","floor":11},{"not_picked":[],"picked":"White Noise","floor":14},{"not_picked":[],"picked":"Electrodynamics","floor":16},{"not_picked":[],"picked":"Leap+1","floor":18},{"not_picked":[],"picked":"Cold Snap","floor":21},{"not_picked":[],"picked":"Seek","floor":24}],"player_experience":252027,"relics_obtained":[{"floor":9,"key":"Peace Pipe"},{"floor":14,"key":"Bird Faced Urn"},{"floor":24,"key":"Art of War"},{"floor":26,"key":"Sundial"}],"event_choices":[{"cards_removed":["Defend_B"],"damage_healed":0,"gold_gain":0,"player_choice":"Card Removal","damage_taken":7,"max_hp_gain":0,"max_hp_loss":0,"event_name":"Golden Wing","floor":2,"gold_loss":0},{"damage_healed":0,"gold_gain":0,"player_choice":"Got Potions","damage_taken":0,"max_hp_gain":0,"max_hp_loss":0,"event_name":"Lab","floor":5,"gold_loss":0},{"damage_healed":0,"gold_gain":0,"cards_transformed":["Strike_B","Strike_B"],"player_choice":"Became Test Subject","damage_taken":0,"max_hp_gain":0,"max_hp_loss":0,"event_name":"Drug Dealer","floor":19,"gold_loss":0,"cards_obtained":["Steam Power","Go for the Eyes"]},{"damage_healed":0,"gold_gain":50,"player_choice":"Stole From Cult","damage_taken":0,"max_hp_gain":0,"max_hp_loss":0,"event_name":"Nest","floor":20,"gold_loss":0},{"damage_healed":0,"gold_gain":0,"player_choice":"Read","damage_taken":0,"max_hp_gain":0,"max_hp_loss":0,"event_name":"The Library","floor":22,"gold_loss":0,"cards_obtained":["Glacier"]}],"is_beta":false,"boss_relics":[{"not_picked":["Fusion Hammer","Lizard Tail"],"picked":"Cursed Key"}],"items_purged_floors":[],"is_endless":false,"potions_floor_spawned":[3,6,8,18],"killed_by":"Gremlin Leader","ascension_level":18}