{"gold_per_floor":[117,133,58,73,73,73,107,107,107,119,119,133,146,157,157,255,305,319,219,237,237,237,237,237,255,255,266,266,266,280,295,295,295],"floor_reached":33,"playtime":2828,"items_purged":["Strike_G","Strike_G"],"score":337,"play_id":"e9b7857f-a8d6-4300-ae63-1918c165401b","local_time":"20190722034045","is_ascension_mode":true,"campfire_choices":[{"data":"Sucker Punch","floor":6.0,"key":"SMITH"},{"data":"Dodge and Roll","floor":8.0,"key":"SMITH"},{"data":"Survivor","floor":15.0,"key":"SMITH"},{"floor":23,"key":"REST"},{"data":"Backflip","floor":29,"key":"SMITH"},{"floor":32,"key":"REST"}],"neow_cost":"NONE","seed_source_timestamp":371683725301337,"circlet_count":0,"master_deck":["Strike_G","Strike_G","Defend_G","Defend_G","Defend_G","Defend_G","Defend_G","Survivor+1","Neutralize+1","Escape Plan","Quick Slash","Sucker Punch+1","Dodge and Roll+1","Acrobatics","Deflect","Blade Dance","Infinite Blades","Die Die Die+1","Well Laid Plans","Backflip+1","Cloak And Dagger","PiercingWail","Choke+1","Dagger Spray"],"special_seed":0,"relics":["Ring of the Snake","Paper Crane","Boot","Ninja Scroll","Tiny House","Bottled Flame","Ancient Tea Set"],"potions_floor_usage":[24,30,33,33,33],"damage_taken":[{"damage":0.0,"enemies":"Jaw Worm","floor":1.0,"turns":4.0},{"damage":1.0,"enemies":"Cultist","floor":2.0,"turns":4.0},{"damage":0.0,"enemies":"2 Louse","floor":4.0,"turns":2.0},{"damage":25.0,"enemies":"Gremlin Nob","floor":7.0,"turns":6.0},{"damage":10.0,"enemies":"Exordium Thugs","floor":10.0,"turns":6.0},{"damage":0.0,"enemies":"Blue Slaver","floor":12.0,"turns":3.0},{"damage":0.0,"enemies":"Exordium Wildlife","floor":13.0,"turns":4.0},{"damage":2.0,"enemies":"3 Louse","floor":14.0,"turns":2.0},{"damage":0.0,"enemies":"The Guardian","floor":16.0,"turns":15.0},{"damage":12.0,"enemies":"Spheric Guardian","floor":18.0,"turns":4.0},{"damage":1,"enemies":"Shell Parasite","floor":20,"turns":5},{"damage":0,"enemies":"Slavers","floor":24,"turns":1},{"damage":1,"enemies":"Snecko","floor":25,"turns":7},{"damage":6,"enemies":"Cultist and Chosen","floor":27,"turns":6},{"damage":7,"enemies":"Centurion and Healer","floor":30,"turns":5},{"damage":22,"enemies":"Snecko","floor":31,"turns":7},{"damage":60,"enemies":"Collector","floor":33,"turns":11}],"seed_played":"4414517580536525703","potions_obtained":[{"floor":4.0,"key":"Dexterity Potion"},{"floor":10.0,"key":"EssenceOfSteel"},{"floor":12.0,"key":"EssenceOfSteel"},{"floor":16.0,"key":"SmokeBomb"},{"floor":17.0,"key":"Dexterity Potion"},{"floor":25,"key":"Weak Potion"},{"floor":31,"key":"AttackPotion"}],"is_trial":false,"path_per_floor":["M","M","$","M","?","R","E","R","T","M","T","M","M","M","R","B",null,"M","$","M","?","?","R","E","M","T","M","?","R","M","M","R","B"],"character_chosen":"THE_SILENT","items_purchased":[],"campfire_rested":2,"item_purchase_floors":[],"current_hp_per_floor":[70,69,69,69,69,69,44,44,44,34,34,34,34,32,32,32,75,63,63,62,48,48,72,72,71,71,65,65,65,58,36,60,0],"gold":295,"neow_bonus":"UPGRADE_CARD","is_prod":false,"is_daily":false,"chose_seed":false,"campfire_upgraded":4,"win_rate":0,"timestamp":1563792045,"path_taken":["M","M","$","M","?","R","E","R","T","M","?","?","?","M","R","BOSS","M","$","M","?","?","R","E","?","T","M","?","R","M","M","R","BOSS"],"build_version":"2019-07-05","purchased_purges":2,"victory":false,"max_hp_per_floor":[70,70,70,70,70,70,70,70,70,70,70,70,70,70,70,70,75,75,75,75,80,80,80,80,80,80,80,80,80,80,80,80,80],"card_choices":[{"not_picked":["Bane","Tactician"],"picked":"Escape Plan","floor":1.0},{"not_picked":["Tactician","Dagger Throw"],"picked":"Quick Slash","floor":2.0},{"not_picked":["Flying Knee","Venomology"],"picked":"Sucker Punch","floor":4.0},{"not_picked":["Finisher","Masterful Stab"],"picked":"Dodge and Roll","floor":7.0},{"not_picked":["Flechettes","Quick Slash"],"picked":"Acrobatics","floor":10.0},{"not_picked":["Acrobatics","Poisoned Stab"],"picked":"Deflect","floor":12.0},{"not_picked":["Distraction","Deflect"],"picked":"Blade Dance","floor":13.0},{"not_picked":["Slice","Flechettes"],"picked":"Infinite Blades","floor":14.0},{"not_picked":["Bullet Time","Doppelganger"],"picked":"Die Die Die","floor":16.0},{"not_picked":["Poisoned Stab","Endless Agony"],"picked":"Well Laid Plans","floor":17.0},{"not_picked":["Slice","Prepared"],"picked":"Backflip","floor":18.0},{"not_picked":["Eviscerate","Predator+1","Prepared"],"picked":"SKIP","floor":20},{"not_picked":["Flying Knee","Deadly Poison"],"picked":"Cloak And Dagger","floor":25},{"not_picked":["Sucker Punch+1","Noxious Fumes"],"picked":"PiercingWail","floor":27},{"not_picked":["PiercingWail","Predator"],"picked":"Choke+1","floor":30},{"not_picked":["Deflect","Cloak And Dagger+1"],"picked":"Dagger Spray","floor":31}],"player_experience":106260,"relics_obtained":[{"floor":7.0,"key":"Paper Crane"},{"floor":9.0,"key":"Boot"},{"floor":11.0,"key":"Ninja Scroll"},{"floor":26,"key":"Bottled Flame"}],"event_choices":[{"cards_removed":["Strike_G"],"damage_healed":0.0,"max_hp_gain":0.0,"max_hp_loss":0.0,"gold_gain":0.0,"event_name":"Living Wall","player_choice":"Forget","floor":5.0,"gold_loss":0.0,"damage_taken":0.0},{"damage_healed":0,"gold_gain":0,"player_choice":"Shed Blood","damage_taken":19,"max_hp_gain":5,"max_hp_loss":0,"event_name":"Forgotten Altar","floor":21,"gold_loss":0},{"damage_healed":0,"gold_gain":0,"player_choice":"Bought 0 Potions","damage_taken":0,"max_hp_gain":0,"max_hp_loss":0,"event_name":"The Woman in Blue","floor":22,"gold_loss":0},{"damage_healed":0,"gold_gain":0,"player_choice":"Opened","damage_taken":0,"relics_obtained":["Ancient Tea Set"],"max_hp_gain":0,"max_hp_loss":0,"event_name":"The Mausoleum","floor":28,"gold_loss":0}],"is_beta":false,"boss_relics":[{"not_picked":["Empty Cage","Ectoplasm"],"picked":"Tiny House"}],"items_purged_floors":[3,19],"is_endless":false,"potions_floor_spawned":[4,10,12,16,24,25,31],"killed_by":"Collector","ascension_level":1}