{"gold_per_floor":[116,132,145,145,70,105,125,135,135,153,167,223,272,286,286,390,390,400,400,400,410,424,424,439,439,488,488],"floor_reached":27,"playtime":1953,"items_purged":["Defend_Br"],"score":229,"play_id":"970c5771-3768-44b5-9209-347024ef7de0","local_time":"20190730102013","is_ascension_mode":false,"campfire_choices":[{"floor":15,"key":"REST"},{"data":"Fragmentalize","floor":23,"key":"SMITH"},{"data":"VestedLegacy","floor":25,"key":"SMITH"}],"neow_cost":"NONE","seed_source_timestamp":23460277033561,"circlet_count":0,"master_deck":["Strike_Br+1","Strike_Br","Strike_Br","Strike_Br","Defend_Br","Defend_Br","Defend_Br","SecondHand","PatternShift","LockedLightning","FormalWear","Backlash","CrunchTime+1","LockedBlood","Accruing","VestedLegacy+1","Fragmentalize+1","LockedBlood","LockedAnchor","OracleForm","LockedBlood","BiteCommand+1"],"relics":["Chronometer","Bag of Preparation","Ornamental Fan","Tiny Chest","Whetstone","Velvet Choker","Nilry\u0027s Codex"],"potions_floor_usage":[7,11,16,27,27,27],"damage_taken":[{"damage":7,"enemies":"Cultist","floor":1,"turns":6},{"damage":10,"enemies":"Jaw Worm","floor":2,"turns":5},{"damage":5,"enemies":"2 Louse","floor":3,"turns":3},{"damage":30,"enemies":"3 Sentries","floor":6,"turns":13},{"damage":0,"enemies":"2 Fungi Beasts","floor":7,"turns":2},{"damage":4,"enemies":"Blue Slaver","floor":8,"turns":7},{"damage":6,"enemies":"Looter","floor":10,"turns":2},{"damage":5,"enemies":"Exordium Thugs","floor":11,"turns":6},{"damage":10,"enemies":"Lagavulin","floor":12,"turns":5},{"damage":3,"enemies":"3 Louse","floor":14,"turns":3},{"damage":33,"enemies":"The Guardian","floor":16,"turns":10},{"damage":0,"enemies":"Spheric Guardian","floor":18,"turns":2},{"damage":0,"enemies":"Chosen","floor":21,"turns":3},{"damage":13,"enemies":"3 Cultists","floor":22,"turns":3},{"damage":11,"enemies":"Snecko","floor":24,"turns":4},{"damage":65,"enemies":"Gremlin Leader","floor":27,"turns":5}],"seed_played":"1438316936972574149","potions_obtained":[{"floor":2,"key":"Energy Potion"},{"floor":4,"key":"Fire Potion"},{"floor":6,"key":"FearPotion"},{"floor":10,"key":"Energy Potion"},{"floor":11,"key":"WardPotion"},{"floor":18,"key":"SteroidPotion"}],"is_trial":false,"path_per_floor":["M","M","M","?","$","E","M","M","T","M","M","E","T","M","R","B",null,"M","?","?","M","M","R","M","R","T","E"],"character_chosen":"CHRONO_CLASS","items_purchased":[],"campfire_rested":1,"item_purchase_floors":[],"current_hp_per_floor":[58,48,43,43,43,13,13,15,15,9,10,6,6,5,24,3,65,65,49,38,42,37,37,38,38,38,0],"gold":488,"neow_bonus":"ONE_RANDOM_RARE_CARD","is_prod":false,"is_daily":false,"chose_seed":false,"campfire_upgraded":2,"win_rate":0.0,"timestamp":1564449613,"path_taken":["M","M","M","?","?","E","M","M","T","M","M","E","?","M","R","BOSS","M","?","?","M","M","R","M","R","T","E"],"build_version":"2019-07-17","purchased_purges":1,"victory":false,"max_hp_per_floor":[65,65,65,65,65,65,65,65,65,65,65,65,65,65,65,65,65,65,65,70,70,70,70,70,70,70,70],"card_choices":[{"not_picked":["LockedMedicine","HandsUpC"],"picked":"FormalWear","floor":1},{"not_picked":["PrimeTime","Parity"],"picked":"Backlash","floor":2},{"not_picked":["ReapSow","TickedOff"],"picked":"CrunchTime","floor":3},{"not_picked":["TiringSlam","BiteCommand"],"picked":"LockedBlood","floor":6},{"not_picked":["Break","LockedMawBank"],"picked":"Accruing","floor":7},{"not_picked":["Tempo","BlueShift"],"picked":"VestedLegacy","floor":8},{"not_picked":["LockedScales","PrimeTime","LockedThread"],"picked":"SKIP","floor":10},{"not_picked":["LockedScales","ReapSow"],"picked":"Fragmentalize","floor":11},{"not_picked":["EscortCommand","ExoVibe"],"picked":"LockedBlood","floor":12},{"not_picked":["AlternateTimeline","ResonantCall"],"picked":"LockedAnchor","floor":14},{"not_picked":["Chronoelasticity","Fragmentalize"],"picked":"OracleForm","floor":16},{"not_picked":["BiteCommand","ExoVibe","Parity"],"picked":"SKIP","floor":18},{"not_picked":["LockedUrn","LockedTurtyl+1","PrimeTime"],"picked":"SKIP","floor":21},{"not_picked":["ReapSow","Tempo"],"picked":"LockedBlood","floor":22},{"not_picked":["WatchCommand","AlternateTimeline"],"picked":"BiteCommand+1","floor":24}],"player_experience":195135,"relics_obtained":[{"floor":6,"key":"Bag of Preparation"},{"floor":9,"key":"Ornamental Fan"},{"floor":12,"key":"Tiny Chest"},{"floor":13,"key":"Whetstone"},{"floor":19,"key":"Nilry\u0027s Codex"}],"event_choices":[{"damage_healed":0,"gold_gain":0,"player_choice":"Got Potions","damage_taken":0,"max_hp_gain":0,"max_hp_loss":0,"event_name":"Lab","floor":4,"gold_loss":0},{"damage_healed":0,"gold_gain":0,"player_choice":"Obtained Book","damage_taken":16,"max_hp_gain":0,"max_hp_loss":0,"event_name":"Cursed Tome","floor":19,"gold_loss":0},{"damage_healed":0,"gold_gain":0,"player_choice":"Shed Blood","damage_taken":16,"max_hp_gain":5,"max_hp_loss":0,"event_name":"Forgotten Altar","floor":20,"gold_loss":0}],"is_beta":false,"boss_relics":[{"not_picked":["Cursed Key","Tiny House"],"picked":"Velvet Choker"}],"items_purged_floors":[5],"is_endless":false,"potions_floor_spawned":[2,6,10,11,12,14,18,22],"killed_by":"Gremlin Leader","ascension_level":0}