{"gold_per_floor":[110,122,122,51,51,80,80,114,138,151,163,163,41,41,41,141,141,156,156,156,174,174,174,194,214,293,313,313,313,338,353,353,353],"floor_reached":33,"playtime":1372,"items_purged":[],"score":369,"play_id":"db0b2bee-3782-45a9-9720-fead2199dc15","local_time":"20190702000925","is_ascension_mode":true,"campfire_choices":[{"data":"Dualcast","floor":7,"key":"SMITH"},{"data":"Go for the Eyes","floor":12,"key":"SMITH"},{"data":"Capacitor","floor":15,"key":"SMITH"},{"data":"Loop","floor":23,"key":"SMITH"},{"data":"Consume","floor":29,"key":"SMITH"},{"data":"Seek","floor":32,"key":"SMITH"}],"neow_cost":"TEN_PERCENT_HP_LOSS","seed_source_timestamp":18151380562251,"circlet_count":0,"master_deck":["Defend_B","Defend_B","Defend_B","Defend_B","Zap+1","Dualcast+1","Secret Technique","Trip","Consume+1","Ball Lightning","BootSequence","Gash","Self Repair","Gash","Go for the Eyes+1","Capacitor+1","Steam","Electrodynamics","Bite","Bite","Bite","Bite","Bite","Loop+1","Steam","Cold Snap+1","Steam+1","Seek+1","Hologram+1"],"relics":["Cracked Core","Boot","Mercury Hourglass","Omamori","Cursed Key","Red Mask"],"potions_floor_usage":[16,16,18,18,33,33,33],"damage_taken":[{"damage":0,"enemies":"Cultist","floor":1,"turns":3},{"damage":5,"enemies":"Small Slimes","floor":2,"turns":2},{"damage":43,"enemies":"Lagavulin","floor":6,"turns":7},{"damage":20,"enemies":"3 Sentries","floor":8,"turns":6},{"damage":0,"enemies":"Jaw Worm","floor":10,"turns":3},{"damage":4,"enemies":"Red Slaver","floor":11,"turns":4},{"damage":11,"enemies":"The Guardian","floor":16,"turns":9},{"damage":4,"enemies":"3 Byrds","floor":18,"turns":2},{"damage":7,"enemies":"Chosen","floor":21,"turns":4},{"damage":34,"enemies":"Shelled Parasite and Fungi","floor":24,"turns":6},{"damage":2,"enemies":"Chosen and Byrds","floor":25,"turns":4},{"damage":16,"enemies":"Centurion and Healer","floor":27,"turns":4},{"damage":2,"enemies":"Masked Bandits","floor":30,"turns":3},{"damage":5,"enemies":"Cultist and Chosen","floor":31,"turns":5},{"damage":66,"enemies":"Collector","floor":33,"turns":6}],"seed_played":"5277442243972522000","potions_obtained":[{"floor":2,"key":"PowerPotion"},{"floor":6,"key":"LiquidBronze"},{"floor":11,"key":"Regen Potion"},{"floor":16,"key":"GamblersBrew"},{"floor":18,"key":"LiquidBronze"},{"floor":27,"key":"Explosive Potion"},{"floor":30,"key":"Poison Potion"}],"is_trial":false,"path_per_floor":["M","M","?","$","?","E","R","E","T","M","M","R","$","?","R","B",null,"M","?","?","M","$","R","M","M","T","M","?","R","?","M","R","B"],"character_chosen":"DEFECT","items_purchased":["BootSequence","Capacitor","Steam"],"campfire_rested":0,"item_purchase_floors":[4,13,13],"current_hp_per_floor":[68,63,68,68,68,25,25,5,5,12,15,15,15,15,15,26,61,57,51,51,51,51,51,30,43,43,42,42,42,42,51,51,0],"gold":353,"neow_bonus":"RANDOM_COLORLESS_2","is_prod":false,"is_daily":false,"chose_seed":false,"campfire_upgraded":6,"win_rate":0,"timestamp":1561993765,"path_taken":["M","?","?","$","?","E","R","E","T","M","?","R","$","?","R","BOSS","M","?","?","M","?","R","M","?","T","M","?","R","?","M","R","BOSS"],"build_version":"2019-01-23","purchased_purges":0,"victory":false,"max_hp_per_floor":[68,68,73,73,73,73,73,73,73,73,73,73,73,73,73,73,73,73,51,51,51,51,51,51,51,51,51,51,51,51,51,51,51],"card_choices":[{"not_picked":["Redo","Go for the Eyes"],"picked":"Consume","floor":1},{"not_picked":["Steam Power","Redo"],"picked":"Ball Lightning","floor":2},{"not_picked":["Barrage","Scrape"],"picked":"Gash","floor":6},{"not_picked":["Steam","Stack"],"picked":"Self Repair","floor":8},{"not_picked":["Blizzard","Chill"],"picked":"Gash","floor":10},{"not_picked":["Blizzard","Stack"],"picked":"Go for the Eyes","floor":11},{"not_picked":["Multi-Cast","Core Surge"],"picked":"Electrodynamics","floor":16},{"not_picked":["Redo","Chaos","Turbo"],"picked":"SKIP","floor":18},{"not_picked":["Cold Snap","Heatsinks+1"],"picked":"Loop","floor":21},{"not_picked":["Beam Cell","Blizzard"],"picked":"Steam","floor":24},{"not_picked":["Melter","Barrage+1"],"picked":"Cold Snap+1","floor":25},{"not_picked":["Hologram","Reinforced Body"],"picked":"Steam+1","floor":27},{"not_picked":["Gash","Turbo"],"picked":"Seek","floor":30},{"not_picked":["Beam Cell","Rebound"],"picked":"Hologram+1","floor":31}],"player_experience":124645,"relics_obtained":[{"floor":6,"key":"Boot"},{"floor":8,"key":"Mercury Hourglass"},{"floor":9,"key":"Omamori"},{"floor":30,"key":"Red Mask"}],"event_choices":[{"damage_healed":0,"gold_gain":0,"player_choice":"Donut","damage_taken":0,"max_hp_gain":5,"max_hp_loss":0,"event_name":"Big Fish","floor":3,"gold_loss":0},{"damage_healed":0,"gold_gain":0,"player_choice":"Upgraded","damage_taken":0,"max_hp_gain":0,"max_hp_loss":0,"event_name":"Upgrade Shrine","floor":5,"gold_loss":0,"cards_upgraded":["Zap"]},{"damage_healed":0,"gold_gain":0,"player_choice":"Cursed","damage_taken":0,"max_hp_gain":0,"max_hp_loss":0,"event_name":"Wheel of Change","floor":14,"gold_loss":0,"cards_obtained":["Decay"]},{"damage_healed":0,"gold_gain":0,"player_choice":"Became a vampire","damage_taken":0,"max_hp_gain":0,"max_hp_loss":22,"event_name":"Vampires","floor":19,"gold_loss":0,"cards_obtained":["Bite","Bite","Bite","Bite","Bite"]},{"damage_healed":0,"gold_gain":0,"player_choice":"Ignored","damage_taken":0,"max_hp_gain":0,"max_hp_loss":0,"event_name":"Ghosts","floor":20,"gold_loss":0},{"damage_healed":0,"gold_gain":0,"player_choice":"Ignored","damage_taken":0,"max_hp_gain":0,"max_hp_loss":0,"event_name":"The Mausoleum","floor":28,"gold_loss":0},{"damage_healed":0,"gold_gain":0,"player_choice":"Fought Bandits","damage_taken":0,"max_hp_gain":0,"max_hp_loss":0,"event_name":"Masked Bandits","floor":30,"gold_loss":0}],"is_beta":false,"boss_relics":[{"not_picked":["Coffee Dripper","Snecko Eye"],"picked":"Cursed Key"}],"items_purged_floors":[],"is_endless":false,"potions_floor_spawned":[2,6,11,16,18,27,30],"killed_by":"Collector","ascension_level":7}