{"gold_per_floor":[149,168,168,15,39,72,26,62,88,124,124,138,138,138,138,263,263,277,296,296,317,232,271,271,26,49,103,103,137,165,202,214,349,361,393,112,0,0,0,0,43,43,67,98,114,114,114,127,127,127],"floor_reached":51,"playtime":3963,"items_purged":["Strike_R","Strike_R","Strike_R"],"score":876,"play_id":"07db10a2-7498-4060-bda2-fdecf3f5f405","local_time":"20190810140822","is_ascension_mode":true,"campfire_choices":[{"data":"Shrug It Off","floor":13,"key":"SMITH"},{"data":"Inflame","floor":15,"key":"SMITH"},{"data":"Body Slam","floor":24,"key":"SMITH"},{"data":"Juggernaut","floor":28,"key":"SMITH"},{"data":"Wild Strike","floor":32,"key":"SMITH"},{"data":"Reaper","floor":40,"key":"SMITH"},{"data":"Headbutt","floor":42,"key":"SMITH"},{"data":"Body Slam","floor":46,"key":"SMITH"},{"floor":49,"key":"REST"}],"neow_cost":"NONE","seed_source_timestamp":389945339075213,"circlet_count":0,"master_deck":["Strike_R","Defend_R","Defend_R","Defend_R+1","Defend_R+1","Wild Strike+1","Rampage+1","Headbutt+1","Shrug It Off+1","Reaper+1","Inflame+1","Offering+1","True Grit+1","Shrug It Off+1","Body Slam+1","Juggernaut+1","Evolve+1","Offering+1","Battle Trance+1","Inflame+1","Battle Trance+1","Shrug It Off+1","Disarm+1","Dropkick","Body Slam+1","Clothesline+1"],"relics":["Burning Blood","Tiny Chest","Golden Idol","Bag of Marbles","War Paint","Red Skull","Toxic Egg 2","Sozu","Nloth\u0027s Gift","Mummified Hand","Self Forming Clay","Happy Flower","Anchor","MawBank","Mark of Pain","Red Mask","Calipers","Oddly Smooth Stone","Pen Nib"],"potions_floor_usage":[6,6,8],"damage_taken":[{"damage":1,"enemies":"Cultist","floor":1,"turns":4},{"damage":4,"enemies":"2 Louse","floor":2,"turns":3},{"damage":1,"enemies":"Jaw Worm","floor":5,"turns":3},{"damage":29,"enemies":"3 Sentries","floor":6,"turns":9},{"damage":27,"enemies":"Gremlin Nob","floor":8,"turns":4},{"damage":22,"enemies":"3 Sentries","floor":10,"turns":7},{"damage":1,"enemies":"3 Louse","floor":12,"turns":3},{"damage":19,"enemies":"Slime Boss","floor":16,"turns":7},{"damage":6,"enemies":"Chosen","floor":18,"turns":3},{"damage":20,"enemies":"Spheric Guardian","floor":19,"turns":4},{"damage":10,"enemies":"3 Cultists","floor":21,"turns":6},{"damage":25,"enemies":"Book of Stabbing","floor":23,"turns":4},{"damage":28,"enemies":"Gremlin Leader","floor":29,"turns":5},{"damage":9,"enemies":"Snecko","floor":30,"turns":4},{"damage":6,"enemies":"Chosen and Byrds","floor":31,"turns":4},{"damage":25,"enemies":"Collector","floor":33,"turns":7},{"damage":0,"enemies":"Orb Walker","floor":35,"turns":3},{"damage":12,"enemies":"Nemesis","floor":41,"turns":5},{"damage":12,"enemies":"Giant Head","floor":44,"turns":4},{"damage":12,"enemies":"3 Darklings","floor":45,"turns":4},{"damage":21,"enemies":"Writhing Mass","floor":48,"turns":3},{"damage":12,"enemies":"Time Eater","floor":50,"turns":8}],"seed_played":"4141449275668690143","potions_obtained":[{"floor":2,"key":"SkillPotion"},{"floor":5,"key":"BloodPotion"},{"floor":6,"key":"Regen Potion"},{"floor":8,"key":"LiquidBronze"},{"floor":12,"key":"Poison Potion"}],"is_trial":false,"path_per_floor":["M","M","?","$","M","E","$","E","T","E","?","M","R","T","R","B",null,"M","M","?","M","?","E","R","$","T","T","R","E","M","M","R","B",null,"M","$","?","?","?","R","E","R","T","E","M","R","$","M","R","B",null],"character_chosen":"IRONCLAD","items_purchased":["Rampage","Shrug It Off","Juggernaut","Inflame","Battle Trance+1","Shrug It Off+1"],"campfire_rested":1,"item_purchase_floors":[4,7,25,36,36,36],"current_hp_per_floor":[80,80,60,60,65,62,62,50,50,46,46,51,51,51,51,60,80,80,66,66,76,76,67,67,67,67,67,67,63,70,80,80,75,80,80,80,80,80,80,80,75,75,75,80,74,74,74,59,80,80],"gold":127,"neow_bonus":"RANDOM_COMMON_RELIC","is_prod":false,"is_daily":false,"chose_seed":false,"campfire_upgraded":8,"win_rate":0,"timestamp":1565460502,"path_taken":["M","?","?","?","M","E","$","E","T","E","?","M","R","?","R","BOSS","M","M","?","?","?","E","R","$","T","?","R","E","M","M","R","BOSS","M","$","?","?","?","R","E","R","T","E","?","R","$","M","R","BOSS"],"build_version":"2019-07-17","purchased_purges":3,"victory":true,"max_hp_per_floor":[80,80,80,80,80,80,80,80,80,80,80,80,80,80,80,80,80,80,80,80,80,80,80,80,80,80,80,80,80,80,80,80,80,80,80,80,80,80,80,80,80,80,80,80,80,80,80,80,80,80],"card_choices":[{"not_picked":["Twin Strike","Sword Boomerang","True Grit"],"picked":"SKIP","floor":1},{"not_picked":["Clash","Armaments"],"picked":"Wild Strike","floor":2},{"not_picked":["Iron Wave","Whirlwind"],"picked":"Headbutt","floor":5},{"not_picked":["Clothesline","Headbutt","Flex"],"picked":"SKIP","floor":6},{"not_picked":["Power Through","Anger"],"picked":"Reaper","floor":8},{"not_picked":["Thunderclap","Warcry"],"picked":"Inflame","floor":10},{"not_picked":["Armaments","Dual Wield","Berserk"],"picked":"SKIP","floor":12},{"not_picked":["Bludgeon","Fiend Fire"],"picked":"Offering+1","floor":16},{"not_picked":["Cleave","Reckless Charge+1"],"picked":"True Grit+1","floor":18},{"not_picked":["Iron Wave","Perfected Strike","Cleave"],"picked":"SKIP","floor":19},{"not_picked":["Headbutt","Cleave"],"picked":"Shrug It Off+1","floor":21},{"not_picked":["True Grit+1","Anger"],"picked":"Body Slam","floor":23},{"not_picked":["Anger","Thunderclap","Feed"],"picked":"SKIP","floor":29},{"not_picked":["Warcry+1","Wild Strike"],"picked":"Evolve+1","floor":30},{"not_picked":["Cleave","Fiend Fire","Perfected Strike"],"picked":"SKIP","floor":31},{"not_picked":["Limit Break+1","Fiend Fire"],"picked":"Offering+1","floor":33},{"not_picked":["Armaments+1","Pommel Strike"],"picked":"Battle Trance+1","floor":35},{"not_picked":["Sword Boomerang","Power Through+1"],"picked":"Disarm+1","floor":41},{"not_picked":["Immolate","Anger"],"picked":"Dropkick","floor":44},{"not_picked":["Pommel Strike","Perfected Strike"],"picked":"Body Slam","floor":45},{"not_picked":["Perfected Strike+1","Headbutt+1"],"picked":"Clothesline+1","floor":48}],"player_experience":146029,"relics_obtained":[{"floor":6,"key":"Whetstone"},{"floor":8,"key":"Bag of Marbles"},{"floor":9,"key":"War Paint"},{"floor":10,"key":"Red Skull"},{"floor":14,"key":"Toxic Egg 2"},{"floor":23,"key":"Self Forming Clay"},{"floor":26,"key":"Happy Flower"},{"floor":27,"key":"Anchor"},{"floor":29,"key":"MawBank"},{"floor":41,"key":"Calipers"},{"floor":43,"key":"Oddly Smooth Stone"},{"floor":44,"key":"Pen Nib"}],"event_choices":[{"damage_healed":0,"gold_gain":0,"player_choice":"Take Damage","damage_taken":20,"relics_obtained":["Golden Idol"],"max_hp_gain":0,"max_hp_loss":0,"event_name":"Golden Idol","floor":3,"gold_loss":0},{"cards_removed":["Strike_R"],"damage_healed":0,"gold_gain":0,"player_choice":"Forget","damage_taken":0,"max_hp_gain":0,"max_hp_loss":0,"event_name":"Living Wall","floor":11,"gold_loss":0},{"damage_healed":0,"gold_gain":0,"player_choice":"Traded Relic","damage_taken":0,"relics_obtained":["Nloth\u0027s Gift"],"max_hp_gain":0,"max_hp_loss":0,"event_name":"N\u0027loth","floor":20,"relics_lost":["Whetstone"],"gold_loss":0},{"damage_healed":0,"gold_gain":0,"player_choice":"Obtained Relic","damage_taken":0,"relics_obtained":["Mummified Hand"],"max_hp_gain":0,"max_hp_loss":0,"event_name":"Addict","floor":22,"gold_loss":85},{"damage_healed":0,"gold_gain":0,"player_choice":"Paid","damage_taken":0,"relics_obtained":["Red Mask"],"max_hp_gain":0,"max_hp_loss":0,"event_name":"Tomb of Lord Red Mask","floor":37,"gold_loss":112},{"cards_removed":["Bash"],"damage_healed":0,"gold_gain":0,"player_choice":"Removed Attack","damage_taken":0,"max_hp_gain":0,"max_hp_loss":0,"event_name":"Falling","floor":38,"gold_loss":0},{"damage_healed":0,"gold_gain":0,"player_choice":"Upgraded","damage_taken":0,"max_hp_gain":0,"max_hp_loss":0,"event_name":"Upgrade Shrine","floor":39,"gold_loss":0,"cards_upgraded":["Inflame"]}],"is_beta":false,"boss_relics":[{"not_picked":["Tiny House","Pandora\u0027s Box"],"picked":"Sozu"},{"not_picked":["Philosopher\u0027s Stone","Cursed Key"],"picked":"Mark of Pain"}],"items_purged_floors":[4,25,36],"is_endless":false,"potions_floor_spawned":[2,5,6,8,12,21,29,30,31,35,44,48],"ascension_level":1}