{"gold_per_floor":[116,116,41,61,61,61,9,35,35,63,74,29,29,29,29,133,133,149,149,149,149],"floor_reached":21,"playtime":499,"items_purged":["Defend_B"],"score":347,"play_id":"72d6b5dd-ca2d-45a9-96e5-6803493f737e","local_time":"20190802065656","is_ascension_mode":true,"campfire_choices":[{"data":"Zap","floor":6,"key":"SMITH"},{"data":"Dualcast","floor":13,"key":"SMITH"},{"floor":15,"key":"REST"}],"neow_cost":"NONE","seed_source_timestamp":271920926344475,"circlet_count":0,"master_deck":["AscendersBane","Defend_B","Defend_B","Zap+1","Dualcast+1","Gash","Electrodynamics","FTL","Skim","Gash","Bite","Bite","Bite","Bite","Bite"],"relics":["Cracked Core","NeowsBlessing","Bag of Marbles","Kunai","Inserter"],"potions_floor_usage":[10],"damage_taken":[{"damage":0,"enemies":"Small Slimes","floor":1,"turns":1},{"damage":0,"enemies":"Jaw Worm","floor":4,"turns":1},{"damage":0,"enemies":"Gremlin Nob","floor":8,"turns":1},{"damage":35,"enemies":"Lagavulin","floor":10,"turns":6},{"damage":0,"enemies":"Cultist","floor":11,"turns":2},{"damage":42,"enemies":"The Guardian","floor":16,"turns":10},{"damage":34,"enemies":"2 Thieves","floor":18,"turns":3},{"damage":21,"enemies":"Shell Parasite","floor":21,"turns":3}],"seed_played":"391049391590450306","potions_obtained":[{"floor":8,"key":"FearPotion"},{"floor":18,"key":"Ancient Potion"}],"is_trial":false,"path_per_floor":["M","?","$","M","$","R","$","E","T","E","M","$","R","?","R","B",null,"M","?","?","M"],"character_chosen":"DEFECT","items_purchased":["Gash","Gash"],"campfire_rested":1,"item_purchase_floors":[7,12],"current_hp_per_floor":[68,68,68,68,68,68,68,68,68,33,33,33,33,26,48,6,58,24,24,24,13],"gold":149,"neow_bonus":"THREE_ENEMY_KILL","is_prod":false,"is_daily":false,"chose_seed":false,"campfire_upgraded":2,"win_rate":0,"timestamp":1564696616,"path_taken":["M","?","?","?","$","R","$","E","T","E","M","?","R","?","R","BOSS","M","?","?","M"],"build_version":"2019-07-17","purchased_purges":1,"victory":false,"max_hp_per_floor":[75,75,75,75,75,75,75,75,75,75,75,75,75,75,75,75,75,75,52,52,52],"card_choices":[{"not_picked":["Ball Lightning","Coolheaded","Rebound"],"picked":"SKIP","floor":1},{"not_picked":["Genetic Algorithm","Fusion","Redo"],"picked":"SKIP","floor":4},{"not_picked":["Chaos","Lockon"],"picked":"Electrodynamics","floor":8},{"not_picked":["BootSequence","Turbo"],"picked":"FTL","floor":10},{"not_picked":["Stack","Self Repair"],"picked":"Skim","floor":11},{"not_picked":["Hologram+1","Sweeping Beam+1","Compile Driver"],"picked":"SKIP","floor":18}],"player_experience":197780,"relics_obtained":[{"floor":8,"key":"Bag of Marbles"},{"floor":10,"key":"Kunai"}],"event_choices":[{"cards_removed":["Defend_B"],"damage_healed":0,"gold_gain":0,"player_choice":"Forget","damage_taken":0,"max_hp_gain":0,"max_hp_loss":0,"event_name":"Living Wall","floor":2,"gold_loss":0},{"cards_removed":["Strike_B"],"damage_healed":0,"gold_gain":0,"player_choice":"Card Removal","damage_taken":7,"max_hp_gain":0,"max_hp_loss":0,"event_name":"Golden Wing","floor":14,"gold_loss":0},{"damage_healed":0,"gold_gain":0,"player_choice":"Became a vampire","damage_taken":0,"max_hp_gain":0,"max_hp_loss":23,"event_name":"Vampires","floor":19,"gold_loss":0,"cards_obtained":["Bite","Bite","Bite","Bite","Bite"]},{"damage_healed":0,"gold_gain":0,"player_choice":"Ignored","damage_taken":0,"max_hp_gain":0,"max_hp_loss":0,"event_name":"Ghosts","floor":20,"gold_loss":0}],"is_beta":false,"boss_relics":[{"not_picked":["Snecko Eye","Coffee Dripper"],"picked":"Inserter"}],"items_purged_floors":[3],"is_endless":false,"potions_floor_spawned":[8,18],"killed_by":"Shell Parasite","ascension_level":11}