{"gold_per_floor":[114,127,127,142,154,154,165,165,165,165,185,185],"floor_reached":12,"playtime":243,"items_purged":[],"score":76,"play_id":"f23a35ad-4275-46f1-aa58-e7328336fa4d","local_time":"20190808140908","is_ascension_mode":true,"campfire_choices":[{"data":"Go for the Eyes","floor":6,"key":"SMITH"},{"data":"Reinforced Body","floor":8,"key":"SMITH"},{"data":"Zap","floor":10,"key":"SMITH"}],"neow_cost":"NONE","seed_source_timestamp":78811216786297,"circlet_count":0,"master_deck":["Strike_B","Strike_B","Strike_B","Strike_B","Defend_B","Defend_B","Zap+1","Dualcast","Gash","Go for the Eyes+1","Reinforced Body+1"],"relics":["Empty Cage","Pantograph"],"potions_floor_usage":[3],"damage_taken":[{"damage":0,"enemies":"Small Slimes","floor":1,"turns":3},{"damage":4,"enemies":"Cultist","floor":2,"turns":4},{"damage":8,"enemies":"Jaw Worm","floor":4,"turns":3},{"damage":8,"enemies":"2 Fungi Beasts","floor":5,"turns":3},{"damage":0,"enemies":"Large Slime","floor":7,"turns":4},{"damage":14,"enemies":"Lots of Slimes","floor":11,"turns":4},{"damage":0,"enemies":"3 Sentries","floor":12,"turns":1}],"seed_played":"8992726983788998274","potions_obtained":[{"floor":2,"key":"Swift Potion"},{"floor":3,"key":"Fruit Juice"},{"floor":3,"key":"Strength Potion"},{"floor":3,"key":"Weak Potion"}],"is_trial":false,"path_per_floor":["M","M","?","M","M","R","M","R","T","R","M","E"],"character_chosen":"DEFECT","items_purchased":[],"campfire_rested":0,"item_purchase_floors":[],"current_hp_per_floor":[75,71,76,68,60,60,60,60,60,60,46,46],"gold":185,"neow_bonus":"BOSS_RELIC","is_prod":false,"is_daily":false,"chose_seed":false,"campfire_upgraded":3,"win_rate":0,"timestamp":1565240948,"path_taken":["M","M","?","?","M","R","M","R","T","R","M","E"],"build_version":"2019-07-17","purchased_purges":0,"victory":false,"max_hp_per_floor":[75,75,80,80,80,80,80,80,80,80,80,80],"card_choices":[{"not_picked":["Rebound","Blizzard","Lockon"],"picked":"SKIP","floor":1},{"not_picked":["Go for the Eyes","Stack"],"picked":"Gash","floor":2},{"not_picked":["Streamline","White Noise"],"picked":"Go for the Eyes","floor":4},{"not_picked":["Rebound","Streamline","Barrage"],"picked":"SKIP","floor":5},{"not_picked":["Redo","Streamline"],"picked":"Reinforced Body","floor":7},{"not_picked":["Compile Driver","Stack","Sweeping Beam"],"picked":"SKIP","floor":11}],"player_experience":300764,"relics_obtained":[{"floor":9,"key":"Pantograph"}],"event_choices":[{"damage_healed":0,"gold_gain":0,"player_choice":"Got Potions","damage_taken":0,"max_hp_gain":0,"max_hp_loss":0,"event_name":"Lab","floor":3,"gold_loss":0}],"is_beta":false,"boss_relics":[],"items_purged_floors":[],"is_endless":false,"potions_floor_spawned":[2,4,7],"killed_by":"3 Sentries","ascension_level":1}