{"gold_per_floor":[114,133,133,58,58,58,101,125,125,125,0,23,23,23,23,23],"floor_reached":16,"playtime":428,"items_purged":["Strike_B"],"score":168,"play_id":"a9c0ed59-34d7-45a4-9eba-6b365f8a5c84","local_time":"20190805092650","is_ascension_mode":true,"campfire_choices":[{"floor":6,"key":"REST"},{"floor":10,"key":"REST"},{"data":"Coolheaded","floor":13,"key":"SMITH"},{"floor":15,"key":"REST"}],"neow_cost":"PERCENT_DAMAGE","seed_source_timestamp":5194343020734,"circlet_count":0,"master_deck":["AscendersBane","Strike_B","Strike_B","Defend_B","Defend_B","Defend_B","Defend_B","Zap","Dualcast","Gash","Reboot","Gash","Capacitor","Coolheaded+1"],"special_seed":0,"relics":["Cracked Core","Gambling Chip","Golden Idol","Gremlin Horn","Potion Belt","Question Card"],"potions_floor_usage":[7],"damage_taken":[{"damage":1.0,"enemies":"Cultist","floor":1.0,"turns":3.0},{"damage":4.0,"enemies":"Small Slimes","floor":2.0,"turns":4.0},{"damage":48,"enemies":"3 Sentries","floor":7,"turns":11},{"damage":1,"enemies":"Jaw Worm","floor":12,"turns":4},{"damage":44,"enemies":"Slime Boss","floor":16,"turns":9}],"seed_played":"-7086784769498680796","potions_obtained":[{"floor":1.0,"key":"Block Potion"}],"is_trial":false,"path_per_floor":["M","M","?","$","?","R","E","T","T","R","$","M","R","$","R","B"],"character_chosen":"DEFECT","items_purchased":["Gash","Capacitor"],"campfire_rested":3,"item_purchase_floors":[11,11],"current_hp_per_floor":[45,41,34,34,34,53,5,5,5,24,24,23,23,23,42,0],"gold":23,"neow_bonus":"ONE_RARE_RELIC","is_prod":false,"is_daily":false,"chose_seed":false,"campfire_upgraded":1,"win_rate":0,"timestamp":1564964810,"path_taken":["M","?","?","$","?","R","E","?","T","R","$","?","R","?","R","BOSS"],"build_version":"2019-07-17","purchased_purges":1,"victory":false,"max_hp_per_floor":[71,71,71,71,64,64,64,64,64,64,64,64,64,64,64,64],"card_choices":[{"not_picked":["Steam","Redo","Fusion"],"picked":"SKIP","floor":1.0},{"not_picked":["Rebound","Hologram"],"picked":"Gash","floor":2.0},{"not_picked":["Redo","Turbo"],"picked":"Reboot","floor":7},{"not_picked":["Barrage","Rebound","Ball Lightning"],"picked":"Coolheaded","floor":12}],"player_experience":234724,"relics_obtained":[{"floor":7,"key":"Gremlin Horn"},{"floor":8,"key":"Potion Belt"},{"floor":9,"key":"Question Card"}],"event_choices":[{"cards_removed":["Strike_B"],"damage_healed":0.0,"max_hp_gain":0.0,"max_hp_loss":0.0,"gold_gain":0.0,"event_name":"Golden Wing","player_choice":"Card Removal","floor":3.0,"gold_loss":0.0,"damage_taken":7.0},{"damage_healed":0,"gold_gain":0,"player_choice":"Lose Max HP","damage_taken":0,"relics_obtained":["Golden Idol"],"max_hp_gain":0,"max_hp_loss":7,"event_name":"Golden Idol","floor":5,"gold_loss":0}],"is_beta":false,"boss_relics":[],"items_purged_floors":[4],"is_endless":false,"potions_floor_spawned":[1],"killed_by":"Slime Boss","ascension_level":15}