{"gold_per_floor":[114,127,145,62,212,212,31,45,45,45,80,80,137,137,137,212,212,223,239,239,259,277,306,306,334,357,377,388,39,39,65,65,142,142,158,158,33,49,62,62,92,92,117,117,144,155,5,40,40,40,40,40,40,40,40],"floor_reached":55,"playtime":2365,"items_purged":["Doubt","Bite","Shame","Decay"],"score":2121,"play_id":"20a14f24-5acc-4e88-b88e-6fba22be777d","local_time":"20190706170355","is_ascension_mode":true,"campfire_choices":[{"data":"Defragment","floor":6,"key":"SMITH"},{"data":"Defragment","floor":10,"key":"SMITH"},{"floor":12,"key":"REST"},{"floor":15,"key":"REST"},{"floor":32,"key":"REST"},{"data":"Parasite","floor":40,"key":"PURGE"},{"floor":42,"key":"RECALL"},{"floor":49,"key":"REST"},{"data":"Defend_B","floor":53,"key":"PURGE"}],"neow_cost":"TEN_PERCENT_HP_LOSS","seed_source_timestamp":9474002162093,"circlet_count":0,"master_deck":["AscendersBane","Defend_B","Defend_B","Defend_B","Dualcast","Core Surge+1","Darkness","Genetic Algorithm","Defragment+1","Defragment+1","Cold Snap+1","Chill","Compile Driver","Glacier","Creative AI","Coolheaded","Ball Lightning+1","Bite","Bite","Bite","Bite","Hologram+1","Coolheaded+1","Storm","Force Field","Capacitor","Seek","BootSequence+1","Coolheaded"],"relics":["Cracked Core","Bottled Flame","Gremlin Horn","Tiny Chest","Fusion Hammer","Du-Vu Doll","Art of War","DataDisk","Oddly Smooth Stone","Letter Opener","Cursed Key","Peace Pipe","Whetstone","Mango","Blood Vial"],"potions_floor_usage":[16,23,25,25,35,48,48],"damage_taken":[{"damage":0,"enemies":"Cultist","floor":1,"turns":3},{"damage":0,"enemies":"Small Slimes","floor":2,"turns":4},{"damage":7,"enemies":"2 Louse","floor":3,"turns":3},{"damage":11,"enemies":"Looter","floor":8,"turns":4},{"damage":29,"enemies":"3 Sentries","floor":11,"turns":8},{"damage":23,"enemies":"Gremlin Nob","floor":13,"turns":7},{"damage":8,"enemies":"Hexaghost","floor":16,"turns":10},{"damage":6,"enemies":"2 Thieves","floor":18,"turns":5},{"damage":6,"enemies":"Spheric Guardian","floor":19,"turns":4},{"damage":3,"enemies":"Centurion and Healer","floor":21,"turns":8},{"damage":20,"enemies":"Snake Plant","floor":22,"turns":11},{"damage":17,"enemies":"Gremlin Leader","floor":23,"turns":9},{"damage":22,"enemies":"Slavers","floor":25,"turns":7},{"damage":3,"enemies":"Cultist and Chosen","floor":27,"turns":6},{"damage":12,"enemies":"Centurion and Healer","floor":28,"turns":9},{"damage":24,"enemies":"Gremlin Leader","floor":31,"turns":9},{"damage":38,"enemies":"Collector","floor":33,"turns":11},{"damage":41,"enemies":"3 Darklings","floor":35,"turns":12},{"damage":6,"enemies":"Orb Walker","floor":38,"turns":4},{"damage":23,"enemies":"Writhing Mass","floor":39,"turns":9},{"damage":0,"enemies":"Giant Head","floor":41,"turns":8},{"damage":4,"enemies":"Nemesis","floor":45,"turns":7},{"damage":59,"enemies":"Jaw Worm Horde","floor":46,"turns":8},{"damage":0,"enemies":"Reptomancer","floor":48,"turns":6},{"damage":5,"enemies":"Donu and Deca","floor":50,"turns":10},{"damage":16,"enemies":"Time Eater","floor":51,"turns":12},{"damage":74,"enemies":"Shield and Spear","floor":55,"turns":8}],"seed_played":"6771233357452971400","potions_obtained":[{"floor":2,"key":"Ancient Potion"},{"floor":8,"key":"LiquidBronze"},{"floor":16,"key":"AttackPotion"},{"floor":18,"key":"FocusPotion"},{"floor":23,"key":"SpeedPotion"},{"floor":28,"key":"Regen Potion"},{"floor":33,"key":"Explosive Potion"},{"floor":39,"key":"PowerPotion"},{"floor":48,"key":"Strength Potion"}],"is_trial":false,"path_per_floor":["M","M","M","$","?","R","$","M","T","R","E","R","E","?","R","B",null,"M","M","?","M","M","E","?","E","T","M","M","$","?","E","R","B",null,"M","T","$","M","M","R","E","R","T","?","E","M","$","E","R","B","B",null,"R","$","E"],"character_chosen":"DEFECT","items_purchased":["Defragment","Cold Snap","Chill","Storm","Oddly Smooth Stone"],"campfire_rested":4,"item_purchase_floors":[4,7,7,29,29],"current_hp_per_floor":[64,64,57,57,57,57,57,46,46,46,17,36,13,8,27,19,53,47,41,41,44,42,44,44,32,32,41,44,44,44,29,42,26,40,44,44,44,44,41,41,41,41,41,41,55,14,14,28,44,55,43,52,52,52,0],"gold":40,"neow_bonus":"THREE_RARE_CARDS","is_prod":false,"is_daily":false,"chose_seed":false,"campfire_upgraded":2,"win_rate":0,"timestamp":1562425435,"path_taken":["M","M","M","?","?","R","$","M","T","R","E","R","E","?","R","BOSS","M","M","?","M","M","E","?","E","T","M","M","$","?","E","R","BOSS","M","?","$","M","M","R","E","R","T","?","E","M","$","E","R","BOSS","BOSS","R","$","E"],"build_version":"2019-07-03","purchased_purges":4,"victory":false,"max_hp_per_floor":[64,64,64,64,64,64,64,64,64,64,64,64,64,64,64,64,64,64,64,44,44,44,44,44,44,44,44,44,44,44,44,44,44,44,44,44,44,44,44,41,41,41,41,41,55,55,55,55,55,55,55,55,55,55,55],"card_choices":[{"not_picked":["Rainbow","Thunder Strike"],"picked":"Core Surge","floor":0},{"not_picked":["Streamline","Beam Cell"],"picked":"Darkness","floor":1},{"not_picked":["Coolheaded","Gash"],"picked":"Genetic Algorithm","floor":2},{"not_picked":["Chaos","Hologram"],"picked":"Defragment","floor":3},{"not_picked":["Steam","Steam Power"],"picked":"Compile Driver","floor":8},{"not_picked":["Go for the Eyes","Fusion"],"picked":"Glacier","floor":11},{"not_picked":["Leap","Beam Cell","Streamline"],"picked":"SKIP","floor":13},{"not_picked":["Rainbow","Core Surge"],"picked":"Creative AI","floor":16},{"not_picked":["Turbo","Steam"],"picked":"Coolheaded","floor":18},{"not_picked":["Steam Power","Chaos"],"picked":"Ball Lightning+1","floor":19},{"not_picked":["Conserve Battery","Streamline","Defragment"],"picked":"SKIP","floor":21},{"not_picked":["Beam Cell","Stack"],"picked":"Hologram+1","floor":22},{"not_picked":["Darkness","Hologram","Creative AI"],"picked":"SKIP","floor":23},{"not_picked":["Turbo","Ball Lightning","Hologram"],"picked":"SKIP","floor":25},{"not_picked":["Steam","Consume"],"picked":"Coolheaded+1","floor":27},{"not_picked":["Heatsinks","Gash","Hello World"],"picked":"SKIP","floor":28},{"not_picked":["Force Field","Beam Cell"],"picked":"Capacitor","floor":31},{"not_picked":["Electrodynamics","Thunder Strike"],"picked":"Seek","floor":33},{"not_picked":["Stack","Turbo","Cold Snap"],"picked":"SKIP","floor":35},{"not_picked":["Ball Lightning","Conserve Battery","Recycle"],"picked":"SKIP","floor":38},{"not_picked":["Double Energy","Barrage","Beam Cell"],"picked":"SKIP","floor":39},{"not_picked":["Conserve Battery+1","Defragment","Reprogram"],"picked":"SKIP","floor":41},{"not_picked":["Hyperbeam","Stack","Barrage+1"],"picked":"SKIP","floor":45},{"not_picked":["Redo","Go for the Eyes"],"picked":"BootSequence+1","floor":46},{"not_picked":["Cold Snap+1","Coolheaded","Leap"],"picked":"SKIP","floor":48},{"not_picked":["Cold Snap+1","Leap"],"picked":"Coolheaded","floor":48}],"player_experience":1819860,"relics_obtained":[{"floor":9,"key":"Bottled Flame"},{"floor":11,"key":"Gremlin Horn"},{"floor":13,"key":"Tiny Chest"},{"floor":23,"key":"Du-Vu Doll"},{"floor":25,"key":"Art of War"},{"floor":26,"key":"DataDisk"},{"floor":31,"key":"Letter Opener"},{"floor":36,"key":"Peace Pipe"},{"floor":41,"key":"Whetstone"},{"floor":45,"key":"Mango"},{"floor":48,"key":"Blood Vial"}],"event_choices":[{"damage_healed":0,"gold_gain":150,"player_choice":"AGREE","damage_taken":0,"max_hp_gain":0,"max_hp_loss":0,"event_name":"Liars Game","floor":5,"gold_loss":0,"cards_obtained":["Doubt"]},{"damage_healed":0,"gold_gain":0,"player_choice":"Fled","damage_taken":5,"max_hp_gain":0,"max_hp_loss":0,"event_name":"Scrap Ooze","floor":14,"gold_loss":0},{"damage_healed":0,"gold_gain":0,"player_choice":"Became a vampire","damage_taken":0,"max_hp_gain":0,"max_hp_loss":20,"event_name":"Vampires","floor":20,"gold_loss":0,"cards_obtained":["Bite","Bite","Bite","Bite","Bite"]},{"damage_healed":0,"gold_gain":0,"player_choice":"Ignored","damage_taken":0,"max_hp_gain":0,"max_hp_loss":0,"event_name":"The Mausoleum","floor":24,"gold_loss":0},{"damage_healed":0,"gold_gain":0,"cards_transformed":["Zap"],"player_choice":"Transformed","damage_taken":0,"max_hp_gain":0,"max_hp_loss":0,"event_name":"Transmorgrifier","floor":30,"gold_loss":0,"cards_obtained":["Force Field"]},{"damage_healed":0,"gold_gain":0,"cards_transformed":["Normality"],"player_choice":"Transformed","damage_taken":0,"max_hp_gain":0,"max_hp_loss":0,"event_name":"Transmorgrifier","floor":44,"gold_loss":0,"cards_obtained":["Decay"]}],"is_beta":true,"boss_relics":[{"not_picked":["Runic Pyramid","White Beast Statue"],"picked":"Fusion Hammer"},{"not_picked":["Eternal Feather","Runic Dome"],"picked":"Cursed Key"}],"items_purged_floors":[7,29,37,47],"is_endless":false,"potions_floor_spawned":[2,8,13,16,18,21,23,28,33,39,45,48],"killed_by":"Shield and Spear","ascension_level":20}