{"gold_per_floor":[114,131,231,247,263,263,280,307,361,116,116,116,116,126,126,230,230,243,89,89],"floor_reached":20,"playtime":956,"items_purged":[],"score":199,"play_id":"d5baecfc-d9cd-4b96-8190-0d6d4f02927e","local_time":"20190728132902","daily_mods":["Chimera","Hoarder","Terminal"],"is_ascension_mode":false,"campfire_choices":[{"data":"Bash","floor":6,"key":"SMITH"},{"data":"Venomology","floor":11,"key":"SMITH"},{"data":"Flying Knee","floor":13,"key":"SMITH"},{"data":"Venomology","floor":15,"key":"SMITH"}],"neow_cost":"","seed_source_timestamp":0,"circlet_count":0,"master_deck":["Bash+1","Survivor","Zap","Flying Knee","Flying Knee","Flying Knee+1","Deflect","Deflect","Deflect","Venomology+1","Venomology+1","Venomology","Die Die Die","Die Die Die","Die Die Die","Flechettes","Flechettes","Flechettes","Blade Dance","Blade Dance","Blade Dance","Malaise","Malaise","Malaise","Glass Knife","Glass Knife","Glass Knife","Prepared","Prepared","Prepared","Slice","Slice","Slice","Dodge and Roll+1","Dodge and Roll+1","Dodge and Roll+1"],"relics":["Ring of the Snake","Pantograph","Potion Belt","Bronze Scales","Pear","Pandora\u0027s Box","Oddly Smooth Stone"],"potions_floor_usage":[7,7,8,8,8,10,14,16,16,16,16,18,18],"damage_taken":[{"damage":0,"enemies":"Small Slimes","floor":1,"turns":5},{"damage":0,"enemies":"Jaw Worm","floor":2,"turns":3},{"damage":0,"enemies":"Cultist","floor":4,"turns":3},{"damage":0,"enemies":"Blue Slaver","floor":5,"turns":4},{"damage":6,"enemies":"Large Slime","floor":7,"turns":6},{"damage":15,"enemies":"3 Sentries","floor":8,"turns":9},{"damage":0,"enemies":"2 Fungi Beasts","floor":14,"turns":2},{"damage":5,"enemies":"Hexaghost","floor":16,"turns":9},{"damage":15,"enemies":"2 Thieves","floor":18,"turns":4},{"damage":15,"enemies":"Spheric Guardian","floor":20,"turns":4}],"seed_played":"4019923943337237906","potions_obtained":[{"floor":2,"key":"GhostInAJar"},{"floor":4,"key":"SpeedPotion"},{"floor":5,"key":"Regen Potion"},{"floor":14,"key":"SpeedPotion"}],"is_trial":true,"path_per_floor":["M","M","?","M","M","R","M","E","T","$","R","T","R","M","R","B",null,"M","$","M"],"character_chosen":"THE_SILENT","items_purchased":["Fruit Juice","Bronze Scales","Oddly Smooth Stone"],"campfire_rested":0,"item_purchase_floors":[10,10,19],"current_hp_per_floor":[68,67,66,65,64,63,57,51,51,56,56,66,66,66,66,64,67,52,52,37],"gold":89,"neow_bonus":"","is_prod":false,"is_daily":false,"chose_seed":false,"campfire_upgraded":4,"win_rate":0,"timestamp":1564338542,"path_taken":["M","?","?","?","M","R","M","E","T","$","R","?","R","M","R","BOSS","M","$","M"],"build_version":"2019-07-17","purchased_purges":0,"victory":false,"max_hp_per_floor":[68,67,66,65,64,63,62,61,60,64,63,72,71,70,69,68,67,66,65,65],"card_choices":[{"not_picked":["Quick Slash","Cloak And Dagger"],"picked":"Flying Knee","floor":1},{"not_picked":["Finisher","Riddle With Holes"],"picked":"Deflect","floor":2},{"not_picked":["Flying Knee","Heel Hook","PiercingWail"],"picked":"SKIP","floor":4},{"not_picked":["Acrobatics","Bane"],"picked":"Venomology","floor":5},{"not_picked":["Sucker Punch","Flechettes","Well Laid Plans"],"picked":"SKIP","floor":7},{"not_picked":["Flechettes","Flying Knee","Quick Slash"],"picked":"SKIP","floor":8},{"not_picked":["Dodge and Roll","PiercingWail","Poisoned Stab"],"picked":"SKIP","floor":14},{"not_picked":["Wraith Form v2","Glass Knife"],"picked":"Die Die Die","floor":16},{"not_picked":["Distraction","Prepared"],"picked":"Dodge and Roll+1","floor":18}],"player_experience":434233,"relics_obtained":[{"floor":8,"key":"Pantograph"},{"floor":9,"key":"Potion Belt"},{"floor":12,"key":"Pear"}],"event_choices":[{"damage_healed":0,"gold_gain":100,"player_choice":"Pray","damage_taken":0,"max_hp_gain":0,"max_hp_loss":0,"event_name":"Golden Shrine","floor":3,"gold_loss":0}],"is_beta":false,"boss_relics":[{"not_picked":["Runic Pyramid","HoveringKite"],"picked":"Pandora\u0027s Box"}],"items_purged_floors":[],"is_endless":false,"potions_floor_spawned":[2,4,5,14],"killed_by":"Spheric Guardian","ascension_level":0}