{"gold_per_floor":[211,211,231,17,17,17,47,47,127,152,152,167,167,178,178,250,250,265,7,22,55,55,55,84,84],"floor_reached":25,"playtime":725,"items_purged":["Strike_B","Strike_B"],"score":454,"play_id":"0aa6e1e5-f32c-4a13-9c5c-709b1302edaa","local_time":"20190725205653","is_ascension_mode":true,"campfire_choices":[{"data":"Darkness","floor":6.0,"key":"SMITH"},{"data":"Dualcast","floor":11.0,"key":"SMITH"},{"data":"Zap","floor":13.0,"key":"SMITH"},{"data":"Ball Lightning","floor":15.0,"key":"SMITH"},{"floor":23,"key":"REST"}],"neow_cost":"NONE","seed_source_timestamp":2316302723985,"circlet_count":0,"master_deck":["AscendersBane","Strike_B","Defend_B","Defend_B","Defend_B","Defend_B","Zap+1","Dualcast+1","Compile Driver","Darkness+1","Undo","Glacier","Genetic Algorithm","Ball Lightning+1","Electrodynamics","Genetic Algorithm","Parasite","All For One","Fusion","Darkness+1"],"special_seed":0,"relics":["Cracked Core","Pantograph","StoneCalendar","Cables","Bag of Marbles","Black Star","Bag of Preparation","Red Mask","Lantern","Toxic Egg 2"],"potions_floor_usage":[],"damage_taken":[{"damage":1.0,"enemies":"Cultist","floor":1.0,"turns":4.0},{"damage":7.0,"enemies":"Jaw Worm","floor":3.0,"turns":3.0},{"damage":5.0,"enemies":"Lagavulin","floor":7.0,"turns":6.0},{"damage":10.0,"enemies":"3 Sentries","floor":10.0,"turns":7.0},{"damage":0.0,"enemies":"2 Louse","floor":12.0,"turns":3.0},{"damage":46.0,"enemies":"Gremlin Gang","floor":14.0,"turns":6.0},{"damage":20.0,"enemies":"Slime Boss","floor":16.0,"turns":7.0},{"damage":13.0,"enemies":"Spheric Guardian","floor":18.0,"turns":5.0},{"damage":0.0,"enemies":"Chosen","floor":20.0,"turns":3.0},{"damage":23.0,"enemies":"Masked Bandits","floor":21.0,"turns":4.0},{"damage":26,"enemies":"Slavers","floor":24,"turns":5},{"damage":17,"enemies":"Snecko","floor":25,"turns":5}],"seed_played":"3385472823938569694","potions_obtained":[{"floor":1.0,"key":"SkillPotion"},{"floor":14.0,"key":"SkillPotion"},{"floor":18.0,"key":"Poison Potion"},{"floor":24,"key":"Strength Potion"}],"is_trial":false,"path_per_floor":["M","T","M","$","?","R","E","?","T","E","R","M","R","M","R","B",null,"M","$","M","?","?","R","E","M"],"character_chosen":"DEFECT","items_purchased":["Undo","Fire Potion","Bag of Preparation"],"campfire_rested":1,"item_purchase_floors":[4,4,19],"current_hp_per_floor":[63,63,56,56,49,49,44,71,71,61,61,61,61,15,15,20,58,45,45,45,22,22,43,17,0],"gold":84,"neow_bonus":"HUNDRED_GOLD","is_prod":false,"is_daily":false,"chose_seed":false,"campfire_upgraded":4,"win_rate":0,"timestamp":1564081013,"path_taken":["M","?","M","$","?","R","E","?","T","E","R","M","R","?","R","BOSS","M","$","M","?","?","R","E","?"],"build_version":"2019-07-18","purchased_purges":2,"victory":false,"max_hp_per_floor":[71,71,71,71,71,71,71,71,71,71,71,71,71,71,71,71,71,71,71,71,71,71,71,71,71],"card_choices":[{"not_picked":["Redo","Beam Cell"],"picked":"Compile Driver","floor":1.0},{"not_picked":["Go for the Eyes","Conserve Battery"],"picked":"Darkness","floor":3.0},{"not_picked":["Blizzard","Meteor Strike","Tempest"],"picked":"SKIP","floor":7.0},{"not_picked":["Compile Driver","Seek"],"picked":"Glacier","floor":10.0},{"not_picked":["Cold Snap","Skim"],"picked":"Genetic Algorithm","floor":12.0},{"not_picked":["Scrape","Coolheaded"],"picked":"Ball Lightning","floor":14.0},{"not_picked":["Core Surge","Thunder Strike"],"picked":"Electrodynamics","floor":16.0},{"not_picked":["Streamline","Ball Lightning"],"picked":"Genetic Algorithm","floor":18.0},{"not_picked":["Beam Cell","Meteor Strike","White Noise"],"picked":"SKIP","floor":20.0},{"not_picked":["Compile Driver","White Noise"],"picked":"Darkness","floor":24}],"player_experience":1917749,"relics_obtained":[{"floor":2.0,"key":"Pantograph"},{"floor":7.0,"key":"StoneCalendar"},{"floor":9.0,"key":"Cables"},{"floor":10.0,"key":"Bag of Marbles"},{"floor":21.0,"key":"Red Mask"},{"floor":24,"key":"Lantern"},{"floor":24,"key":"Toxic Egg 2"}],"event_choices":[{"cards_removed":["Strike_B"],"damage_healed":0.0,"max_hp_gain":0.0,"max_hp_loss":0.0,"gold_gain":0.0,"event_name":"Golden Wing","player_choice":"Card Removal","floor":5.0,"gold_loss":0.0,"damage_taken":7.0},{"damage_healed":27.0,"max_hp_gain":0.0,"max_hp_loss":0.0,"gold_gain":0.0,"event_name":"Wheel of Change","player_choice":"Full Heal","floor":8.0,"gold_loss":0.0,"damage_taken":0.0},{"damage_healed":0.0,"max_hp_gain":0.0,"max_hp_loss":0.0,"gold_gain":0.0,"event_name":"Masked Bandits","player_choice":"Fought Bandits","floor":21.0,"gold_loss":0.0,"damage_taken":0.0},{"damage_healed":0,"gold_gain":0,"player_choice":"3 cards matched","damage_taken":0,"max_hp_gain":0,"max_hp_loss":0,"event_name":"Match and Keep!","floor":22,"gold_loss":0,"cards_obtained":["Parasite","All For One","Fusion"]}],"is_beta":true,"boss_relics":[{"not_picked":["FrozenCore","Cursed Key"],"picked":"Black Star"}],"items_purged_floors":[4,19],"is_endless":false,"potions_floor_spawned":[1,14,18,24],"killed_by":"Snecko","ascension_level":20}