{"gold_per_floor":[17,37,37,37,53,53,85,12,87,121,121,139,171,121,121,222,222,236,253,22,22,22,22,50,50,50,50,62,62,62],"floor_reached":30,"playtime":1539,"items_purged":["Strike_B"],"score":370,"play_id":"5d445fa5-8762-4b40-b872-724f2322ce2e","local_time":"20190731150323","is_ascension_mode":true,"campfire_choices":[{"data":"Conserve Battery","floor":6.0,"key":"SMITH"},{"floor":11.0,"key":"REST"},{"floor":15.0,"key":"REST"},{"floor":23,"key":"REST"},{"floor":25,"key":"REST"},{"data":"Dualcast","floor":27,"key":"SMITH"}],"neow_cost":"NO_GOLD","seed_source_timestamp":127198165486342,"circlet_count":0,"master_deck":["Strike_B","Strike_B","Defend_B","Defend_B","Zap","Dualcast+1","Leap+1","Conserve Battery+1","Electrodynamics","Capacitor","Barrage","Biased Cognition","Go for the Eyes","Redo","Consume","Cold Snap+1","Self Repair"],"special_seed":0,"relics":["Cracked Core","Bag of Marbles","Kunai","Dodecahedron","Oddly Smooth Stone","Orrery","Anchor","NlothsMask","Torii"],"potions_floor_usage":[24,24,28],"damage_taken":[{"damage":9.0,"enemies":"Jaw Worm","floor":1.0,"turns":3.0},{"damage":1.0,"enemies":"Cultist","floor":2.0,"turns":3.0},{"damage":0.0,"enemies":"Small Slimes","floor":5.0,"turns":3.0},{"damage":27.0,"enemies":"Lagavulin","floor":7.0,"turns":10.0},{"damage":19.0,"enemies":"3 Sentries","floor":10.0,"turns":5.0},{"damage":20.0,"enemies":"Exordium Wildlife","floor":12.0,"turns":6.0},{"damage":18.0,"enemies":"Lagavulin","floor":13.0,"turns":7.0},{"damage":26.0,"enemies":"Hexaghost","floor":16.0,"turns":11.0},{"damage":24,"enemies":"Shell Parasite","floor":18,"turns":7},{"damage":23,"enemies":"3 Byrds","floor":19,"turns":3},{"damage":20,"enemies":"Gremlin Leader","floor":24,"turns":5},{"damage":18,"enemies":"Cultist and Chosen","floor":28,"turns":6},{"damage":31,"enemies":"Slavers","floor":30,"turns":3}],"seed_played":"-2570063810092684917","potions_obtained":[{"floor":1.0,"key":"Explosive Potion"},{"floor":10.0,"key":"Regen Potion"},{"floor":12.0,"key":"FocusPotion"},{"floor":13.0,"key":"SteroidPotion"},{"floor":16.0,"key":"Fire Potion"}],"is_trial":false,"path_per_floor":["M","M","?","$","M","R","E","$","T","E","R","M","E","?","R","B",null,"M","M","$","?","$","R","E","R","T","R","M","$","E"],"character_chosen":"DEFECT","items_purchased":["Capacitor","Anchor"],"campfire_rested":4,"item_purchase_floors":[8,20],"current_hp_per_floor":[59,58,58,58,58,58,31,31,31,12,34,29,11,11,33,7,58,34,11,11,11,11,33,13,35,35,35,24,24,0],"gold":62,"neow_bonus":"REMOVE_TWO","is_prod":false,"is_daily":false,"chose_seed":false,"campfire_upgraded":2,"win_rate":0,"timestamp":1564553003,"path_taken":["M","M","?","$","M","R","E","$","T","E","R","?","E","?","R","BOSS","M","M","$","?","$","R","E","R","T","R","M","?","E"],"build_version":"2019-07-17","purchased_purges":1,"victory":false,"max_hp_per_floor":[75,75,75,75,75,75,75,75,75,75,75,75,75,75,75,75,75,75,75,75,75,75,75,75,75,75,75,75,75,75],"card_choices":[{"not_picked":["Fusion","Tempest","Gash"],"picked":"SKIP","floor":1.0},{"not_picked":["Coolheaded","Hologram"],"picked":"Leap","floor":2.0},{"not_picked":["Turbo","Compile Driver"],"picked":"Conserve Battery","floor":5.0},{"not_picked":["Chill","Go for the Eyes"],"picked":"Electrodynamics","floor":7.0},{"not_picked":["Streamline","Doom and Gloom"],"picked":"Barrage","floor":10.0},{"not_picked":["Streamline","Beam Cell","Steam"],"picked":"SKIP","floor":12.0},{"not_picked":["Leap","Beam Cell","Coolheaded"],"picked":"SKIP","floor":13.0},{"not_picked":["Reboot","Fission"],"picked":"Biased Cognition","floor":16.0},{"not_picked":["Compile Driver","Blizzard"],"picked":"Go for the Eyes","floor":17},{"not_picked":["Steam Power","Coolheaded"],"picked":"Redo","floor":17},{"not_picked":["Reprogram+1","Seek"],"picked":"Consume","floor":18},{"not_picked":["Storm","Go for the Eyes"],"picked":"Cold Snap+1","floor":19},{"not_picked":["Fusion","Redo+1"],"picked":"Self Repair","floor":24},{"not_picked":["Turbo","Beam Cell","Hologram"],"picked":"SKIP","floor":28}],"player_experience":166158,"relics_obtained":[{"floor":7.0,"key":"Bag of Marbles"},{"floor":9.0,"key":"Kunai"},{"floor":10.0,"key":"Dodecahedron"},{"floor":13.0,"key":"Oddly Smooth Stone"},{"floor":24,"key":"Torii"}],"event_choices":[{"damage_healed":0.0,"max_hp_gain":0.0,"max_hp_loss":0.0,"gold_gain":0.0,"event_name":"Accursed Blacksmith","player_choice":"Forge","floor":3.0,"gold_loss":0.0,"damage_taken":0.0,"cards_upgraded":["Leap"]},{"cards_removed":["Strike_B"],"damage_healed":0.0,"max_hp_gain":0.0,"max_hp_loss":0.0,"gold_gain":0.0,"event_name":"The Cleric","player_choice":"Card Removal","floor":14.0,"gold_loss":50.0,"damage_taken":0.0},{"damage_healed":0,"gold_gain":0,"player_choice":"Trade","damage_taken":0,"relics_obtained":["NlothsMask"],"max_hp_gain":0,"max_hp_loss":0,"event_name":"FaceTrader","floor":21,"gold_loss":0}],"is_beta":false,"boss_relics":[{"not_picked":["Lizard Tail","Snecko Eye"],"picked":"Orrery"}],"items_purged_floors":[20],"is_endless":false,"potions_floor_spawned":[1,10,12,13,16,19],"killed_by":"Slavers","ascension_level":8}