{"gold_per_floor":[110,26,26,26,43,43,77,77,103,136,215,215,226,226,226,302,302,312,150,75,125,139,139,139,150,150,150,50,50,68,85,85,158,158,178,178,178,178,188,188,188],"floor_reached":41,"playtime":1459,"items_purged":["Defend_B","Strike_B"],"score":798,"play_id":"07bece4e-e1cc-498e-9449-fa12b00cccaa","local_time":"20190806144048","is_ascension_mode":true,"campfire_choices":[{"data":"Coolheaded","floor":6,"key":"SMITH"},{"data":"Loop","floor":8,"key":"SMITH"},{"data":"Dualcast","floor":12,"key":"SMITH"},{"data":"Zap","floor":15,"key":"SMITH"},{"data":"Defragment","floor":23,"key":"SMITH"},{"floor":27,"key":"REST"},{"data":"Seek","floor":29,"key":"SMITH"},{"data":"Loop","floor":32,"key":"SMITH"},{"data":"Madness","floor":40,"key":"SMITH"}],"neow_cost":"NONE","seed_source_timestamp":18863037226167,"circlet_count":0,"master_deck":["AscendersBane","Strike_B","Strike_B","Defend_B","Defend_B","Zap+1","Dualcast+1","Coolheaded+1","Gash","Ball Lightning","Loop+1","Seek+1","Glacier+1","Defragment+1","Loop+1","Core Surge","Self Repair","Madness+1","Madness","Force Field"],"relics":["Cracked Core","NeowsBlessing","Dead Branch","Bird Faced Urn","DataDisk","Ginger","Inserter","Darkstone Periapt","Coffee Dripper"],"potions_floor_usage":[10,18,39,41,41],"damage_taken":[{"damage":0,"enemies":"Cultist","floor":1,"turns":1},{"damage":0,"enemies":"Small Slimes","floor":5,"turns":1},{"damage":0,"enemies":"Gremlin Nob","floor":7,"turns":1},{"damage":14,"enemies":"3 Sentries","floor":10,"turns":6},{"damage":7,"enemies":"Jaw Worm","floor":13,"turns":2},{"damage":9,"enemies":"The Guardian","floor":16,"turns":9},{"damage":4,"enemies":"3 Byrds","floor":18,"turns":4},{"damage":21,"enemies":"Shell Parasite","floor":22,"turns":5},{"damage":0,"enemies":"Snake Plant","floor":25,"turns":5},{"damage":0,"enemies":"Snecko","floor":30,"turns":5},{"damage":0,"enemies":"Cultist and Chosen","floor":31,"turns":6},{"damage":1,"enemies":"Champ","floor":33,"turns":11},{"damage":1,"enemies":"3 Shapes","floor":35,"turns":5},{"damage":44,"enemies":"3 Darklings","floor":39,"turns":7},{"damage":47,"enemies":"Reptomancer","floor":41,"turns":3}],"seed_played":"-5974711674919688746","potions_obtained":[{"floor":1,"key":"Explosive Potion"},{"floor":10,"key":"Explosive Potion"},{"floor":25,"key":"Swift Potion"},{"floor":33,"key":"Fire Potion"},{"floor":39,"key":"Weak Potion"}],"is_trial":false,"path_per_floor":["M","$","?","$","M","R","E","R","T","E","T","R","M","?","R","B",null,"M","$","?","?","M","R","?","M","T","R","$","R","M","M","R","B",null,"M","?","?","?","M","R","E"],"character_chosen":"DEFECT","items_purchased":["Gash","Ball Lightning","Defragment"],"campfire_rested":1,"item_purchase_floors":[2,2,19],"current_hp_per_floor":[64,64,59,59,59,59,59,59,59,47,47,47,40,33,33,28,60,58,58,58,58,41,41,21,25,25,47,47,47,51,61,61,66,74,76,76,62,62,35,35,0],"gold":188,"neow_bonus":"THREE_ENEMY_KILL","is_prod":false,"is_daily":false,"chose_seed":false,"campfire_upgraded":8,"win_rate":0,"timestamp":1565070048,"path_taken":["M","?","?","$","M","R","E","R","T","E","?","R","?","?","R","BOSS","M","$","?","?","M","R","?","M","T","R","$","R","M","M","R","BOSS","M","?","?","?","M","R","E"],"build_version":"2019-07-17","purchased_purges":2,"victory":false,"max_hp_per_floor":[71,71,71,71,71,71,71,71,71,71,71,71,71,71,71,71,71,71,71,71,71,71,71,76,76,76,76,76,76,76,76,76,76,76,76,76,76,76,76,76,76],"card_choices":[{"not_picked":["Fusion","Turbo"],"picked":"Coolheaded","floor":1},{"not_picked":["Redo","Stack","Rebound"],"picked":"SKIP","floor":5},{"not_picked":["Melter","Thunder Strike"],"picked":"Loop","floor":7},{"not_picked":["Auto Shields","Turbo","FTL"],"picked":"SKIP","floor":10},{"not_picked":["Leap","Hologram","Sweeping Beam"],"picked":"SKIP","floor":13},{"not_picked":["Meteor Strike","Machine Learning"],"picked":"Seek","floor":16},{"not_picked":["Barrage","Go for the Eyes"],"picked":"Glacier+1","floor":18},{"not_picked":["Beam Cell","Conserve Battery","Stack+1"],"picked":"SKIP","floor":22},{"not_picked":["Sweeping Beam","Steam","Cold Snap"],"picked":"SKIP","floor":25},{"not_picked":["Stack","Sweeping Beam","Tempest"],"picked":"SKIP","floor":30},{"not_picked":["Self Repair","Stack"],"picked":"Loop","floor":31},{"not_picked":["Multi-Cast","Meteor Strike"],"picked":"Core Surge","floor":33},{"not_picked":["Melter","Barrage"],"picked":"Self Repair","floor":35},{"not_picked":["Static Discharge","Hologram"],"picked":"Force Field","floor":39}],"player_experience":259326,"relics_obtained":[{"floor":7,"key":"Bird Faced Urn"},{"floor":9,"key":"DataDisk"},{"floor":10,"key":"Ginger"},{"floor":26,"key":"Darkstone Periapt"}],"event_choices":[{"damage_healed":0,"gold_gain":0,"player_choice":"Success","damage_taken":5,"relics_obtained":["Dead Branch"],"max_hp_gain":0,"max_hp_loss":0,"event_name":"Scrap Ooze","floor":3,"gold_loss":0},{"cards_removed":["Defend_B"],"damage_healed":0,"gold_gain":0,"player_choice":"Card Removal","damage_taken":7,"max_hp_gain":0,"max_hp_loss":0,"event_name":"Golden Wing","floor":14,"gold_loss":0},{"cards_removed":["Strike_B"],"damage_healed":0,"gold_gain":0,"player_choice":"Gave Gold","damage_taken":0,"max_hp_gain":0,"max_hp_loss":0,"event_name":"Beggar","floor":20,"gold_loss":75},{"damage_healed":0,"gold_gain":50,"player_choice":"Stole From Cult","damage_taken":0,"max_hp_gain":0,"max_hp_loss":0,"event_name":"Nest","floor":21,"gold_loss":0},{"damage_healed":0,"gold_gain":0,"player_choice":"Shed Blood","damage_taken":25,"max_hp_gain":5,"max_hp_loss":0,"event_name":"Forgotten Altar","floor":24,"gold_loss":0},{"damage_healed":0,"gold_gain":0,"player_choice":"Ignored","damage_taken":0,"max_hp_gain":0,"max_hp_loss":0,"event_name":"Tomb of Lord Red Mask","floor":36,"gold_loss":0},{"damage_healed":0,"gold_gain":0,"player_choice":"Embrace Madness","damage_taken":14,"max_hp_gain":0,"max_hp_loss":0,"event_name":"Winding Halls","floor":37,"gold_loss":0,"cards_obtained":["Madness","Madness"]},{"damage_healed":0,"gold_gain":0,"player_choice":"Ignored","damage_taken":0,"max_hp_gain":0,"max_hp_loss":0,"event_name":"Mysterious Sphere","floor":38,"gold_loss":0}],"is_beta":false,"boss_relics":[{"not_picked":["Tiny House","Cursed Key"],"picked":"Inserter"},{"not_picked":["Lizard Tail","Empty Cage"],"picked":"Coffee Dripper"}],"items_purged_floors":[19,28],"is_endless":false,"potions_floor_spawned":[1,10,25,33,39],"killed_by":"Reptomancer","ascension_level":18}