{"gold_per_floor":[117,127,142,158,170,170,199,199,199,199,230,230,262,262,262,336,336,350,350,350,350,370,370,397,409,435,435,145,145,175,204,204,204],"floor_reached":33,"playtime":1340,"items_purged":["Strike_B+1"],"score":602,"play_id":"555e91aa-6aaf-4158-b970-9c5cb1a1951d","local_time":"20190809194431","is_ascension_mode":true,"campfire_choices":[{"data":"Sunder","floor":6.0,"key":"SMITH"},{"data":"Hologram","floor":8.0,"key":"SMITH"},{"data":"Ball Lightning","floor":10.0,"key":"SMITH"},{"data":"Buffer","floor":12.0,"key":"SMITH"},{"data":"Coolheaded","floor":15.0,"key":"SMITH"},{"floor":23,"key":"REST"},{"floor":27,"key":"REST"},{"data":"Glacier","floor":29,"key":"SMITH"},{"floor":32,"key":"REST"}],"neow_cost":"TEN_PERCENT_HP_LOSS","seed_source_timestamp":176056701442,"circlet_count":0,"master_deck":["AscendersBane","Strike_B+1","Strike_B+1","Strike_B+1","Defend_B+1","Defend_B+1","Defend_B+1","Defend_B+1","Zap","Dualcast","Ball Lightning+1","Conserve Battery+1","Glacier+1","Sunder+1","Hologram+1","Sweeping Beam","Buffer+1","Coolheaded+1","Seek+1","Compile Driver+1","Coolheaded+1","Seek+1","Darkness+1","Darkness+1","Conserve Battery+1"],"special_seed":0,"relics":["Cracked Core","Emotion Chip","Mango","Oddly Smooth Stone","Smiling Mask","Darkstone Periapt","Snecko Eye","Toxic Egg 2","Happy Flower","War Paint","Regal Pillow","Red Mask","PreservedInsect"],"potions_floor_usage":[18,24,31,31],"damage_taken":[{"damage":1.0,"enemies":"Cultist","floor":1.0,"turns":3.0},{"damage":3.0,"enemies":"Small Slimes","floor":2.0,"turns":2.0},{"damage":0.0,"enemies":"Jaw Worm","floor":3.0,"turns":3.0},{"damage":0.0,"enemies":"Blue Slaver","floor":4.0,"turns":5.0},{"damage":12.0,"enemies":"Exordium Thugs","floor":5.0,"turns":4.0},{"damage":3.0,"enemies":"3 Sentries","floor":7.0,"turns":5.0},{"damage":7.0,"enemies":"Lagavulin","floor":11.0,"turns":9.0},{"damage":10.0,"enemies":"3 Sentries","floor":13.0,"turns":5.0},{"damage":30.0,"enemies":"Slime Boss","floor":16.0,"turns":12.0},{"damage":10,"enemies":"3 Byrds","floor":18,"turns":4},{"damage":0,"enemies":"Chosen","floor":22,"turns":4},{"damage":25,"enemies":"Slavers","floor":24,"turns":7},{"damage":0,"enemies":"Centurion and Healer","floor":25,"turns":6},{"damage":0,"enemies":"Masked Bandits","floor":30,"turns":5},{"damage":13,"enemies":"Gremlin Leader","floor":31,"turns":10},{"damage":86,"enemies":"Automaton","floor":33,"turns":10}],"seed_played":"2259413832237900123","potions_obtained":[{"floor":2.0,"key":"Block Potion"},{"floor":4.0,"key":"LiquidBronze"},{"floor":16.0,"key":"Energy Potion"},{"floor":22,"key":"Poison Potion"},{"floor":25,"key":"Block Potion"}],"is_trial":false,"path_per_floor":["M","M","M","M","M","R","E","R","T","R","E","R","E","?","R","B",null,"M","?","?","T","M","R","E","M","T","R","$","R","?","E","R","B"],"character_chosen":"DEFECT","items_purchased":["Darkness+1","Regal Pillow"],"campfire_rested":3,"item_purchase_floors":[28,28],"current_hp_per_floor":[63,60,60,60,48,48,59,59,59,59,52,52,42,42,42,12,62,52,52,30,30,30,54,29,29,29,53,53,53,53,40,79,0],"gold":204,"neow_bonus":"ONE_RARE_RELIC","is_prod":false,"is_daily":false,"chose_seed":false,"campfire_upgraded":6,"win_rate":0,"timestamp":1565372671,"path_taken":["M","M","?","M","M","R","E","R","T","R","E","R","E","?","R","BOSS","M","?","?","?","?","R","E","M","T","R","$","R","?","E","R","BOSS"],"build_version":"2019-07-18","purchased_purges":1,"victory":false,"max_hp_per_floor":[64,64,64,64,64,64,78,78,78,78,78,78,78,78,78,78,78,78,78,83,83,83,83,83,83,83,83,83,83,83,83,83,83],"card_choices":[{"not_picked":["Hologram","BootSequence"],"picked":"Ball Lightning","floor":1.0},{"not_picked":["Lockon","Sweeping Beam"],"picked":"Conserve Battery","floor":2.0},{"not_picked":["Reprogram","Recycle"],"picked":"Glacier","floor":3.0},{"not_picked":["Go for the Eyes","Redo"],"picked":"Sunder","floor":4.0},{"not_picked":["Redo","Turbo"],"picked":"Hologram","floor":5.0},{"not_picked":["Turbo","Leap"],"picked":"Sweeping Beam","floor":7.0},{"not_picked":["Beam Cell","Go for the Eyes"],"picked":"Buffer","floor":11.0},{"not_picked":["Undo","Gash"],"picked":"Coolheaded","floor":13.0},{"not_picked":["Machine Learning","Buffer"],"picked":"Seek","floor":16.0},{"not_picked":["Auto Shields","Ball Lightning"],"picked":"Compile Driver+1","floor":18},{"not_picked":["Ball Lightning","Barrage","FTL"],"picked":"SKIP","floor":22},{"not_picked":["Rebound+1","Blizzard"],"picked":"Coolheaded+1","floor":24},{"not_picked":["Ball Lightning","BootSequence+1"],"picked":"Seek+1","floor":25},{"not_picked":["Stack+1","Sweeping Beam"],"picked":"Darkness+1","floor":30},{"not_picked":["Stack+1","Chaos+1"],"picked":"Conserve Battery+1","floor":31}],"player_experience":1968783,"relics_obtained":[{"floor":7.0,"key":"Mango"},{"floor":9.0,"key":"Oddly Smooth Stone"},{"floor":11.0,"key":"Smiling Mask"},{"floor":13.0,"key":"Darkstone Periapt"},{"floor":21,"key":"Toxic Egg 2"},{"floor":24,"key":"Happy Flower"},{"floor":26,"key":"War Paint"},{"floor":30,"key":"Red Mask"},{"floor":31,"key":"PreservedInsect"}],"event_choices":[{"damage_healed":0.0,"max_hp_gain":0.0,"max_hp_loss":0.0,"gold_gain":0.0,"event_name":"Liars Game","player_choice":"Ignored","floor":14.0,"gold_loss":0.0,"damage_taken":0.0},{"damage_healed":0,"gold_gain":0,"player_choice":"Simplicity","damage_taken":0,"max_hp_gain":0,"max_hp_loss":0,"event_name":"Back to Basics","floor":19,"gold_loss":0,"cards_upgraded":["Strike_B","Strike_B","Strike_B","Strike_B","Defend_B","Defend_B","Defend_B","Defend_B"]},{"damage_healed":0,"gold_gain":0,"player_choice":"Shed Blood","damage_taken":27,"max_hp_gain":5,"max_hp_loss":0,"event_name":"Forgotten Altar","floor":20,"gold_loss":0},{"damage_healed":0,"gold_gain":0,"player_choice":"Fought Bandits","damage_taken":0,"max_hp_gain":0,"max_hp_loss":0,"event_name":"Masked Bandits","floor":30,"gold_loss":0}],"is_beta":true,"boss_relics":[{"not_picked":["Fusion Hammer","Pandora\u0027s Box"],"picked":"Snecko Eye"}],"items_purged_floors":[28],"is_endless":false,"potions_floor_spawned":[2,4,11,13,16,22,25],"killed_by":"Automaton","ascension_level":20}