{"gold_per_floor":[212,137,149,149,163,163,204,225,302,302],"floor_reached":10,"playtime":245,"items_purged":[],"score":136,"play_id":"9100d752-9e55-4b7e-803f-447d50fb4317","local_time":"20190712212825","is_ascension_mode":true,"campfire_choices":[{"data":"Rip and Tear","floor":6,"key":"SMITH"}],"neow_cost":"NONE","seed_source_timestamp":3180682846838,"circlet_count":0,"master_deck":["AscendersBane","Strike_B","Strike_B","Strike_B","Defend_B","Defend_B","Defend_B","Defend_B","Zap","Dualcast","FTL","Sweeping Beam","Rip and Tear+1","Ball Lightning"],"relics":["Cracked Core","Golden Idol","Ice Cream","Sundial"],"potions_floor_usage":[6,7],"damage_taken":[{"damage":4,"enemies":"Jaw Worm","floor":1,"turns":4},{"damage":0,"enemies":"Small Slimes","floor":3,"turns":4},{"damage":0,"enemies":"Cultist","floor":5,"turns":3},{"damage":23,"enemies":"Lagavulin","floor":7,"turns":5},{"damage":17,"enemies":"Gremlin Gang","floor":8,"turns":3},{"damage":43,"enemies":"Gremlin Nob","floor":10,"turns":3}],"seed_played":"-6559915300362250182","potions_obtained":[{"floor":1,"key":"EssenceOfSteel"},{"floor":5,"key":"Fruit Juice"}],"is_trial":false,"path_per_floor":["M","?","M","?","M","R","E","M","T","E"],"character_chosen":"DEFECT","items_purchased":[],"campfire_rested":0,"item_purchase_floors":[],"current_hp_per_floor":[60,60,60,60,60,65,42,25,25,0],"gold":302,"neow_bonus":"HUNDRED_GOLD","is_prod":false,"is_daily":false,"chose_seed":false,"campfire_upgraded":1,"win_rate":0,"timestamp":1562959705,"path_taken":["M","?","M","?","M","R","E","M","T","E"],"build_version":"2019-07-10","purchased_purges":0,"victory":false,"max_hp_per_floor":[71,71,71,64,64,69,69,69,69,69],"card_choices":[{"not_picked":["Blizzard","Reprogram"],"picked":"FTL","floor":1},{"not_picked":["Conserve Battery","White Noise"],"picked":"Sweeping Beam","floor":3},{"not_picked":["Darkness","Blizzard"],"picked":"Rip and Tear","floor":5},{"not_picked":["Leap","Beam Cell"],"picked":"Ball Lightning","floor":7},{"not_picked":["Lockon","Gash","Storm"],"picked":"SKIP","floor":8}],"player_experience":1842297,"relics_obtained":[{"floor":7,"key":"Ice Cream"},{"floor":9,"key":"Sundial"}],"event_choices":[{"cards_removed":["Strike_B"],"damage_healed":0,"gold_gain":0,"player_choice":"Card Removal","damage_taken":0,"max_hp_gain":0,"max_hp_loss":0,"event_name":"The Cleric","floor":2,"gold_loss":75},{"damage_healed":0,"gold_gain":0,"player_choice":"Lose Max HP","damage_taken":0,"relics_obtained":["Golden Idol"],"max_hp_gain":0,"max_hp_loss":7,"event_name":"Golden Idol","floor":4,"gold_loss":0}],"is_beta":true,"boss_relics":[],"items_purged_floors":[],"is_endless":false,"potions_floor_spawned":[1,5],"killed_by":"Gremlin Nob","ascension_level":20}