{"gold_per_floor":[109,120,120,195,52,52,72,111,167,167],"floor_reached":10,"playtime":659,"items_purged":["Injury"],"score":132,"play_id":"1fc8dbb7-d97c-4b35-8239-6a20b9e5996d","local_time":"20190730221214","is_ascension_mode":true,"campfire_choices":[{"floor":6.0,"key":"REST"}],"neow_cost":"NONE","seed_source_timestamp":947640425759857,"circlet_count":0,"master_deck":["AscendersBane","Strike_G","Strike_G","Strike_G","Strike_G","Strike_G","Defend_G","Defend_G","Defend_G","Defend_G","Defend_G","Survivor","Neutralize","PiercingWail","Bane","Footwork","Slice","Noxious Fumes","Leg Sweep"],"special_seed":0,"relics":["Ring of the Snake","Smiling Mask","Golden Idol","Potion Belt","Tiny Chest"],"potions_floor_usage":[10],"damage_taken":[{"damage":13.0,"enemies":"Jaw Worm","floor":1.0,"turns":6.0},{"damage":0.0,"enemies":"Small Slimes","floor":2.0,"turns":6.0},{"damage":0.0,"enemies":"2 Louse","floor":7.0,"turns":3.0},{"damage":43,"enemies":"Lagavulin","floor":8,"turns":10},{"damage":16,"enemies":"3 Sentries","floor":10,"turns":4}],"seed_played":"7723460845606983692","potions_obtained":[{"floor":2.0,"key":"LiquidBronze"}],"is_trial":false,"path_per_floor":["M","M","?","?","$","R","M","E","T","E"],"character_chosen":"THE_SILENT","items_purchased":["Footwork","Slice"],"campfire_rested":1,"item_purchase_floors":[5,5],"current_hp_per_floor":[46,46,46,35,35,54,54,11,11,0],"gold":167,"neow_bonus":"RANDOM_COMMON_RELIC","is_prod":false,"is_daily":false,"chose_seed":false,"campfire_upgraded":0,"win_rate":0,"timestamp":1564513934,"path_taken":["M","M","?","?","$","R","M","E","T","E"],"build_version":"2019-07-17","purchased_purges":1,"victory":false,"max_hp_per_floor":[66,66,66,66,66,66,66,66,66,66],"card_choices":[{"not_picked":["Backflip","Terror"],"picked":"PiercingWail","floor":1.0},{"not_picked":["Catalyst","Backflip"],"picked":"Bane","floor":2.0},{"not_picked":["Skewer","Acrobatics"],"picked":"Noxious Fumes","floor":7.0},{"not_picked":["Blade Dance","Blur"],"picked":"Leg Sweep","floor":8}],"player_experience":1118590,"relics_obtained":[{"floor":8,"key":"Potion Belt"},{"floor":9,"key":"Tiny Chest"}],"event_choices":[{"damage_healed":0.0,"max_hp_gain":0.0,"max_hp_loss":0.0,"gold_gain":0.0,"event_name":"Golden Idol","player_choice":"Take Wound","floor":3.0,"gold_loss":0.0,"damage_taken":0.0,"relics_obtained":["Golden Idol"],"cards_obtained":["Injury"]},{"damage_healed":0.0,"max_hp_gain":0.0,"max_hp_loss":0.0,"gold_gain":75.0,"event_name":"World of Goop","player_choice":"Gather Gold","floor":4.0,"gold_loss":0.0,"damage_taken":11.0}],"is_beta":false,"boss_relics":[],"items_purged_floors":[5],"is_endless":false,"potions_floor_spawned":[2],"killed_by":"3 Sentries","ascension_level":20}