{"gold_per_floor":[118,118,38,50,50,83,83,83,160,11,11,11,11,27,27,125,125,139,114,114,10,10],"floor_reached":22,"playtime":534,"items_purged":["Defend_B"],"score":415,"play_id":"74e877cd-859e-48d7-ab21-64a117116e53","local_time":"20190806141127","is_ascension_mode":true,"campfire_choices":[{"data":"Loop","floor":8.0,"key":"SMITH"},{"data":"Zap","floor":11,"key":"SMITH"},{"data":"Capacitor","floor":15,"key":"SMITH"}],"neow_cost":"NONE","seed_source_timestamp":17993801974265,"circlet_count":0,"master_deck":["AscendersBane","Defend_B","Defend_B","Defend_B","Zap+1","Dualcast","Melter+1","Loop+1","Gash","Capacitor+1","Core Surge","Cold Snap","Seek","Cold Snap","Bite","Bite","Bite","Bite","Bite","Barrage"],"special_seed":0,"relics":["Cracked Core","NeowsBlessing","Golden Idol","Ornamental Fan","Inserter"],"potions_floor_usage":[19],"damage_taken":[{"damage":0.0,"enemies":"Jaw Worm","floor":1.0,"turns":1.0},{"damage":0.0,"enemies":"Cultist","floor":4.0,"turns":1.0},{"damage":0.0,"enemies":"Lagavulin","floor":6.0,"turns":1.0},{"damage":0,"enemies":"2 Louse","floor":14,"turns":2},{"damage":52,"enemies":"Hexaghost","floor":16,"turns":12},{"damage":12,"enemies":"Chosen","floor":18,"turns":5},{"damage":13,"enemies":"2 Thieves","floor":19,"turns":4},{"damage":41,"enemies":"Chosen and Byrds","floor":22,"turns":4}],"seed_played":"5212918973187862189","potions_obtained":[{"floor":16,"key":"Dexterity Potion"},{"floor":18,"key":"Poison Potion"}],"is_trial":false,"path_per_floor":["M","?","$","M","?","E","?","R","T","$","R","$","?","M","R","B",null,"M","M","?","$","M"],"character_chosen":"DEFECT","items_purchased":["Loop","Core Surge","Barrage"],"campfire_rested":0,"item_purchase_floors":[3,10,21],"current_hp_per_floor":[64,64,64,64,64,64,64,64,64,64,64,64,69,69,69,17,56,44,31,31,31,0],"gold":10,"neow_bonus":"THREE_ENEMY_KILL","is_prod":false,"is_daily":false,"chose_seed":false,"campfire_upgraded":3,"win_rate":0,"timestamp":1565068287,"path_taken":["M","?","?","M","?","E","?","R","T","$","R","?","?","M","R","BOSS","M","M","?","$","M"],"build_version":"2019-07-17","purchased_purges":1,"victory":false,"max_hp_per_floor":[71,71,71,71,71,71,64,64,64,64,64,64,69,69,69,69,69,69,69,48,48,48],"card_choices":[{"not_picked":["Leap","Chaos"],"picked":"Melter","floor":1.0},{"not_picked":["Go for the Eyes","Tempest"],"picked":"Gash","floor":4.0},{"not_picked":["Beam Cell","Tempest"],"picked":"Capacitor","floor":6.0},{"not_picked":["Double Energy","Compile Driver"],"picked":"Cold Snap","floor":14},{"not_picked":["Fission","Multi-Cast"],"picked":"Seek","floor":16},{"not_picked":["Compile Driver+1","Streamline"],"picked":"Cold Snap","floor":18},{"not_picked":["Steam","Force Field","Rip and Tear"],"picked":"SKIP","floor":19}],"player_experience":258512,"relics_obtained":[{"floor":9.0,"key":"Ornamental Fan"}],"event_choices":[{"damage_healed":0.0,"max_hp_gain":0.0,"max_hp_loss":0.0,"gold_gain":0.0,"event_name":"Upgrade Shrine","player_choice":"Upgraded","floor":2.0,"gold_loss":0.0,"damage_taken":0.0,"cards_upgraded":["Melter"]},{"damage_healed":0.0,"max_hp_gain":0.0,"max_hp_loss":0.0,"gold_gain":0.0,"event_name":"The Cleric","player_choice":"Leave","floor":5.0,"gold_loss":0.0,"damage_taken":0.0},{"damage_healed":0.0,"max_hp_gain":0.0,"max_hp_loss":7.0,"gold_gain":0.0,"event_name":"Golden Idol","player_choice":"Lose Max HP","floor":7.0,"gold_loss":0.0,"damage_taken":0.0,"relics_obtained":["Golden Idol"]},{"damage_healed":0,"gold_gain":0,"player_choice":"Donut","damage_taken":0,"max_hp_gain":5,"max_hp_loss":0,"event_name":"Big Fish","floor":13,"gold_loss":0},{"damage_healed":0,"gold_gain":0,"player_choice":"Became a vampire","damage_taken":0,"max_hp_gain":0,"max_hp_loss":21,"event_name":"Vampires","floor":20,"gold_loss":0,"cards_obtained":["Bite","Bite","Bite","Bite","Bite"]}],"is_beta":false,"boss_relics":[{"not_picked":["Pandora\u0027s Box","Black Star"],"picked":"Inserter"}],"items_purged_floors":[21],"is_endless":false,"potions_floor_spawned":[16,18],"killed_by":"Chosen and Byrds","ascension_level":18}