{"gold_per_floor":[118,293,293,243,7,7,35,35,62,393,224,224,249,266,266,337,337,348,1,14,14,34,34,34],"floor_reached":24,"playtime":732,"items_purged":["Defend_B","Strike_B","Defend_B"],"score":371,"play_id":"824da13c-2184-4d3c-a3dd-852018650c16","local_time":"20190804161522","is_ascension_mode":true,"campfire_choices":[{"data":"Dualcast","floor":6,"key":"SMITH"},{"data":"Defragment","floor":12,"key":"SMITH"},{"data":"White Noise","floor":15,"key":"SMITH"},{"floor":23,"key":"REST"}],"neow_cost":"NONE","seed_source_timestamp":89899032968952,"circlet_count":0,"master_deck":["AscendersBane","Strike_B+1","Defend_B+1","Zap+1","Dualcast+1","Ball Lightning","Defragment+1","White Noise+1","Echo Form","Defragment","Gash","Cold Snap","Conserve Battery","Skim","Gash","All For One","Fission"],"relics":["Cracked Core","NeowsBlessing","Membership Card","Odd Mushroom","Vajra","Old Coin","Whetstone","DataDisk","Orrery","Pantograph","PreservedInsect"],"potions_floor_usage":[13,13],"damage_taken":[{"damage":0,"enemies":"Small Slimes","floor":1,"turns":1},{"damage":0,"enemies":"The Mushroom Lair","floor":7,"turns":1},{"damage":0,"enemies":"Lagavulin","floor":10,"turns":1},{"damage":6,"enemies":"3 Sentries","floor":13,"turns":5},{"damage":0,"enemies":"2 Louse","floor":14,"turns":2},{"damage":46,"enemies":"Slime Boss","floor":16,"turns":8},{"damage":34,"enemies":"2 Thieves","floor":18,"turns":3},{"damage":6,"enemies":"Spheric Guardian","floor":20,"turns":3},{"damage":15,"enemies":"Cultist and Chosen","floor":22,"turns":5},{"damage":34,"enemies":"Slavers","floor":24,"turns":1}],"seed_played":"-3156406863134339270","potions_obtained":[{"floor":1,"key":"Block Potion"},{"floor":10,"key":"EssenceOfSteel"},{"floor":16,"key":"SmokeBomb"},{"floor":22,"key":"Explosive Potion"}],"is_trial":false,"path_per_floor":["M","?","?","?","$","R","?","?","T","E","$","R","E","M","R","B",null,"M","$","M","?","M","R","E"],"character_chosen":"DEFECT","items_purchased":["Membership Card","Defragment","Whetstone","Pantograph","PreservedInsect","Conserve Battery","Skim","Gash"],"campfire_rested":1,"item_purchase_floors":[5,11,11,19,19,19,19,19],"current_hp_per_floor":[68,68,53,53,53,53,53,53,53,53,53,53,47,47,47,1,57,23,23,17,17,2,24,0],"gold":34,"neow_bonus":"THREE_ENEMY_KILL","is_prod":false,"is_daily":false,"chose_seed":false,"campfire_upgraded":3,"win_rate":0,"timestamp":1564902922,"path_taken":["M","?","?","?","$","R","?","?","T","E","$","R","E","M","R","BOSS","M","?","M","?","M","R","E"],"build_version":"2019-07-17","purchased_purges":3,"victory":false,"max_hp_per_floor":[75,75,75,75,75,75,75,75,75,75,75,75,75,75,75,75,75,75,75,75,75,75,75,75],"card_choices":[{"not_picked":["Reinforced Body","Fusion","Consume"],"picked":"SKIP","floor":1},{"not_picked":["Melter","Sweeping Beam"],"picked":"Ball Lightning","floor":10},{"not_picked":["Steam Power","Go for the Eyes","Steam"],"picked":"SKIP","floor":13},{"not_picked":["Rebound","Ball Lightning"],"picked":"White Noise","floor":14},{"not_picked":["Biased Cognition","Reboot"],"picked":"Echo Form","floor":16},{"not_picked":["Steam","Electrodynamics"],"picked":"Defragment","floor":17},{"not_picked":["Double Energy","FTL"],"picked":"Gash","floor":17},{"not_picked":["Ball Lightning","Steam"],"picked":"Cold Snap","floor":17},{"not_picked":["Consume","Rebound+1","Leap"],"picked":"SKIP","floor":18},{"not_picked":["Leap","Stack","Darkness"],"picked":"SKIP","floor":20},{"not_picked":["Sweeping Beam","Barrage","Steam+1"],"picked":"SKIP","floor":22}],"player_experience":222788,"relics_obtained":[{"floor":7,"key":"Odd Mushroom"},{"floor":9,"key":"Vajra"},{"floor":10,"key":"Old Coin"},{"floor":13,"key":"DataDisk"}],"event_choices":[{"damage_healed":0,"gold_gain":175,"player_choice":"AGREE","damage_taken":0,"max_hp_gain":0,"max_hp_loss":0,"event_name":"Liars Game","floor":2,"gold_loss":0,"cards_obtained":["Doubt"]},{"damage_healed":0,"gold_gain":0,"player_choice":"Entered Light","damage_taken":15,"max_hp_gain":0,"max_hp_loss":0,"event_name":"Shining Light","floor":3,"gold_loss":0,"cards_upgraded":["Defend_B","Zap"]},{"cards_removed":["Doubt"],"damage_healed":0,"gold_gain":0,"player_choice":"Card Removal","damage_taken":0,"max_hp_gain":0,"max_hp_loss":0,"event_name":"The Cleric","floor":4,"gold_loss":50},{"damage_healed":0,"gold_gain":0,"player_choice":"Fought Mushrooms","damage_taken":0,"max_hp_gain":0,"max_hp_loss":0,"event_name":"Mushrooms","floor":7,"gold_loss":0},{"cards_removed":["Strike_B"],"damage_healed":0,"gold_gain":0,"player_choice":"Offered Basic","damage_taken":0,"max_hp_gain":0,"max_hp_loss":0,"event_name":"Bonfire Elementals","floor":8,"gold_loss":0},{"damage_healed":0,"gold_gain":0,"cards_transformed":["Defend_B","Strike_B"],"player_choice":"Became Test Subject","damage_taken":0,"max_hp_gain":0,"max_hp_loss":0,"event_name":"Drug Dealer","floor":21,"gold_loss":0,"cards_obtained":["All For One","Fission"]}],"is_beta":false,"boss_relics":[{"not_picked":["Runic Pyramid","Lizard Tail"],"picked":"Orrery"}],"items_purged_floors":[5,11,19],"is_endless":false,"potions_floor_spawned":[1,10,16,22],"killed_by":"Slavers","ascension_level":13}