{"gold_per_floor":[17,33,33,48,48,48,60,60,60,60,76,106,31,41,41,118,118,137,227,244,257,257],"floor_reached":22,"playtime":822,"items_purged":["Strike_B"],"score":367,"play_id":"4f5bdb38-e1b9-4c94-b12b-3cf60799fed7","local_time":"20190806220358","is_ascension_mode":true,"campfire_choices":[{"data":"Sunder","floor":6,"key":"SMITH"},{"floor":8,"key":"REST"},{"floor":15,"key":"REST"}],"neow_cost":"NO_GOLD","seed_source_timestamp":46091034357286,"circlet_count":0,"master_deck":["AscendersBane","Strike_B","Strike_B","Defend_B","Defend_B","Defend_B","Zap","Dualcast+1","Reinforced Body+1","Sunder+1","Echo Form","Gash","Conserve Battery","Electrodynamics","Beam Cell+1","Go for the Eyes+1"],"relics":["Cracked Core","Ginger","Omamori","Darkstone Periapt","Cursed Key"],"potions_floor_usage":[11,18,20,22],"damage_taken":[{"damage":1,"enemies":"Cultist","floor":1,"turns":3},{"damage":4,"enemies":"Jaw Worm","floor":2,"turns":4},{"damage":7,"enemies":"2 Louse","floor":4,"turns":3},{"damage":10,"enemies":"Large Slime","floor":7,"turns":4},{"damage":9,"enemies":"Exordium Thugs","floor":11,"turns":5},{"damage":16,"enemies":"Lagavulin","floor":12,"turns":6},{"damage":0,"enemies":"Exordium Wildlife","floor":14,"turns":2},{"damage":30,"enemies":"Slime Boss","floor":16,"turns":9},{"damage":20,"enemies":"3 Byrds","floor":18,"turns":3},{"damage":14,"enemies":"Shell Parasite","floor":20,"turns":2},{"damage":7,"enemies":"3 Cultists","floor":21,"turns":3},{"damage":14,"enemies":"Shelled Parasite and Fungi","floor":22,"turns":2}],"seed_played":"-2008448732667591413","potions_obtained":[{"floor":2,"key":"SpeedPotion"},{"floor":11,"key":"Poison Potion"},{"floor":12,"key":"Regen Potion"},{"floor":18,"key":"GamblersBrew"}],"is_trial":false,"path_per_floor":["M","M","?","M","?","R","M","R","T","?","M","E","$","M","R","B",null,"M","?","M","M","M"],"character_chosen":"DEFECT","items_purchased":[],"campfire_rested":2,"item_purchase_floors":[],"current_hp_per_floor":[63,59,59,52,31,31,21,42,42,42,33,17,17,17,38,8,55,40,26,12,5,0],"gold":257,"neow_bonus":"ONE_RARE_RELIC","is_prod":false,"is_daily":false,"chose_seed":false,"campfire_upgraded":1,"win_rate":0,"timestamp":1565096638,"path_taken":["M","?","?","?","?","R","M","R","T","?","M","E","$","?","R","BOSS","M","?","M","M","?"],"build_version":"2019-07-17","purchased_purges":1,"victory":false,"max_hp_per_floor":[71,71,71,71,71,71,71,71,71,71,71,71,71,71,71,71,71,71,71,71,71,71],"card_choices":[{"not_picked":["Conserve Battery","Doom and Gloom"],"picked":"Reinforced Body","floor":1},{"not_picked":["Aggregate","Gash"],"picked":"Sunder","floor":2},{"not_picked":["Hello World","Compile Driver"],"picked":"Gash","floor":4},{"not_picked":["Sweeping Beam","Streamline"],"picked":"Conserve Battery","floor":7},{"not_picked":["Compile Driver","Melter","Stack"],"picked":"SKIP","floor":11},{"not_picked":["Barrage","Fission","Heatsinks"],"picked":"SKIP","floor":12},{"not_picked":["Stack","Ball Lightning","Hologram"],"picked":"SKIP","floor":14},{"not_picked":["Biased Cognition","Machine Learning"],"picked":"Electrodynamics","floor":16},{"not_picked":["Streamline","Compile Driver","Static Discharge"],"picked":"SKIP","floor":18},{"not_picked":["Hologram","Fusion"],"picked":"Beam Cell+1","floor":20},{"not_picked":["Compile Driver","Steam Power"],"picked":"Go for the Eyes+1","floor":21}],"player_experience":265591,"relics_obtained":[{"floor":9,"key":"Omamori"},{"floor":12,"key":"Darkstone Periapt"}],"event_choices":[{"damage_healed":0,"gold_gain":0,"cards_transformed":["Defend_B"],"player_choice":"Transformed","damage_taken":0,"max_hp_gain":0,"max_hp_loss":0,"event_name":"Transmorgrifier","floor":3,"gold_loss":0,"cards_obtained":["Echo Form"]},{"damage_healed":0,"gold_gain":0,"player_choice":"Entered Light","damage_taken":21,"max_hp_gain":0,"max_hp_loss":0,"event_name":"Shining Light","floor":5,"gold_loss":0,"cards_upgraded":["Dualcast","Reinforced Body"]},{"cards_removed":["Strike_B"],"damage_healed":0,"gold_gain":0,"player_choice":"Offered Basic","damage_taken":0,"max_hp_gain":0,"max_hp_loss":0,"event_name":"Bonfire Elementals","floor":10,"gold_loss":0},{"damage_healed":0,"gold_gain":90,"player_choice":"GOLD ","damage_taken":14,"max_hp_gain":0,"max_hp_loss":0,"event_name":"Knowing Skull","floor":19,"potions_obtained":[],"gold_loss":0,"cards_obtained":[]}],"is_beta":false,"boss_relics":[{"not_picked":["White Beast Statue","Fusion Hammer"],"picked":"Cursed Key"}],"items_purged_floors":[13],"is_endless":false,"potions_floor_spawned":[2,11,12,18],"killed_by":"Shelled Parasite and Fungi","ascension_level":19}