{"gold_per_floor":[369,388,338,23,23,23,6,33,33,48,59,70,70,70],"floor_reached":14,"playtime":815,"items_purged":[],"score":99,"play_id":"1906b559-1515-4122-939a-088cd3545e92","local_time":"20190805231446","is_ascension_mode":true,"campfire_choices":[{"data":"Defragment","floor":6,"key":"SMITH"},{"floor":13,"key":"REST"}],"neow_cost":"TEN_PERCENT_HP_LOSS","seed_source_timestamp":68382745443000,"circlet_count":0,"master_deck":["Strike_B","Strike_B","Strike_B","Defend_B","Defend_B","Defend_B","Defend_B","Zap+1","Dualcast+1","Go for the Eyes","Rip and Tear","Amplify","Defragment+1","Capacitor","Beam Cell","Capacitor","Redo","Seek"],"relics":["Cracked Core","Membership Card","Smiling Mask","Matryoshka","War Paint","Bottled Tornado"],"potions_floor_usage":[],"damage_taken":[{"damage":5,"enemies":"2 Louse","floor":1,"turns":3},{"damage":7,"enemies":"Jaw Worm","floor":2,"turns":3},{"damage":28,"enemies":"Gremlin Nob","floor":8,"turns":4},{"damage":0,"enemies":"Cultist","floor":10,"turns":3},{"damage":9,"enemies":"Looter","floor":11,"turns":3},{"damage":5,"enemies":"Red Slaver","floor":12,"turns":2},{"damage":27,"enemies":"Large Slime","floor":14,"turns":5}],"seed_played":"-3271373299456482059","potions_obtained":[{"floor":8,"key":"FocusPotion"},{"floor":11,"key":"SteroidPotion"}],"is_trial":false,"path_per_floor":["M","M","?","$","?","R","$","E","T","M","M","M","R","M"],"character_chosen":"DEFECT","items_purchased":["Membership Card","Amplify","Defragment","Capacitor"],"campfire_rested":1,"item_purchase_floors":[4,4,4,7],"current_hp_per_floor":[63,56,56,56,44,44,44,16,16,16,7,2,22,0],"gold":70,"neow_bonus":"TWO_FIFTY_GOLD","is_prod":false,"is_daily":false,"chose_seed":false,"campfire_upgraded":1,"win_rate":0,"timestamp":1565014486,"path_taken":["M","M","?","$","?","R","$","E","T","M","M","M","R","M"],"build_version":"2019-07-17","purchased_purges":0,"victory":false,"max_hp_per_floor":[68,68,68,68,68,68,68,68,68,68,68,68,68,68],"card_choices":[{"not_picked":["Ball Lightning","Cold Snap"],"picked":"Go for the Eyes","floor":1},{"not_picked":["Barrage","Redo"],"picked":"Rip and Tear","floor":2},{"not_picked":["Gash","Compile Driver"],"picked":"Beam Cell","floor":8},{"not_picked":["Redo","Hologram"],"picked":"Capacitor","floor":10},{"not_picked":["Steam Power","Compile Driver"],"picked":"Redo","floor":11},{"not_picked":["Steam","Beam Cell"],"picked":"Seek","floor":12}],"player_experience":171920,"relics_obtained":[{"floor":8,"key":"Matryoshka"},{"floor":9,"key":"War Paint"},{"floor":9,"key":"Bottled Tornado"}],"event_choices":[{"cards_removed":["Strike_B"],"damage_healed":0,"gold_gain":0,"player_choice":"Card Removal","damage_taken":0,"max_hp_gain":0,"max_hp_loss":0,"event_name":"The Cleric","floor":3,"gold_loss":50},{"damage_healed":0,"gold_gain":0,"player_choice":"Success","damage_taken":12,"relics_obtained":["Smiling Mask"],"max_hp_gain":0,"max_hp_loss":0,"event_name":"Scrap Ooze","floor":5,"gold_loss":0}],"is_beta":false,"boss_relics":[],"items_purged_floors":[],"is_endless":false,"potions_floor_spawned":[8,11],"killed_by":"Large Slime","ascension_level":2}