{"gold_per_floor":[116,128,128,142,142,142,169,169,220,246,533,556,568],"floor_reached":13,"playtime":244,"items_purged":[],"score":170,"play_id":"cd4a756c-d69c-4c18-a634-e37fc90a02d9","local_time":"20190712234340","is_ascension_mode":true,"campfire_choices":[{"data":"Zap","floor":6,"key":"SMITH"},{"data":"Electrodynamics","floor":8,"key":"SMITH"}],"neow_cost":"TEN_PERCENT_HP_LOSS","seed_source_timestamp":11298107699294,"circlet_count":0,"master_deck":["AscendersBane","Strike_B","Strike_B","Strike_B+1","Strike_B","Defend_B","Defend_B+1","Defend_B","Defend_B","Zap+1","Dualcast","Electrodynamics+1","Auto Shields","Sunder+1","Capacitor","Static Discharge","Compile Driver"],"relics":["Cracked Core","Omamori","MawBank"],"potions_floor_usage":[7,10,12],"damage_taken":[{"damage":1,"enemies":"Cultist","floor":1,"turns":3},{"damage":2,"enemies":"2 Louse","floor":2,"turns":2},{"damage":7,"enemies":"Jaw Worm","floor":4,"turns":3},{"damage":6,"enemies":"Lagavulin","floor":7,"turns":5},{"damage":0,"enemies":"Looter","floor":10,"turns":3},{"damage":9,"enemies":"Exordium Thugs","floor":12,"turns":4},{"damage":28,"enemies":"Gremlin Nob","floor":13,"turns":3}],"seed_played":"8014575617542270753","potions_obtained":[{"floor":1,"key":"Block Potion"},{"floor":2,"key":"Poison Potion"},{"floor":7,"key":"SteroidPotion"},{"floor":10,"key":"Fruit Juice"}],"is_trial":false,"path_per_floor":["M","M","?","M","?","R","E","R","T","M","?","M","E"],"character_chosen":"DEFECT","items_purchased":[],"campfire_rested":0,"item_purchase_floors":[],"current_hp_per_floor":[63,61,42,35,35,35,29,29,29,34,34,25,0],"gold":568,"neow_bonus":"THREE_RARE_CARDS","is_prod":false,"is_daily":false,"chose_seed":false,"campfire_upgraded":2,"win_rate":0,"timestamp":1562967820,"path_taken":["M","M","?","M","?","R","E","R","T","M","?","M","E"],"build_version":"2019-07-10","purchased_purges":0,"victory":false,"max_hp_per_floor":[64,64,64,64,64,64,64,64,64,69,69,69,69],"card_choices":[{"not_picked":["Machine Learning","Creative AI"],"picked":"Electrodynamics","floor":0},{"not_picked":["Heatsinks","Streamline","Beam Cell"],"picked":"SKIP","floor":1},{"not_picked":["Fusion","BootSequence"],"picked":"Auto Shields","floor":2},{"not_picked":["Go for the Eyes","Coolheaded"],"picked":"Sunder","floor":4},{"not_picked":["Hello World","Compile Driver"],"picked":"Capacitor","floor":7},{"not_picked":["Leap","Reinforced Body"],"picked":"Static Discharge","floor":10},{"not_picked":["Reprogram","Barrage"],"picked":"Compile Driver","floor":12}],"player_experience":1846702,"relics_obtained":[{"floor":7,"key":"Omamori"},{"floor":9,"key":"MawBank"}],"event_choices":[{"damage_healed":0,"gold_gain":0,"player_choice":"Entered Light","damage_taken":19,"max_hp_gain":0,"max_hp_loss":0,"event_name":"Shining Light","floor":3,"gold_loss":0,"cards_upgraded":["Strike_B","Defend_B"]},{"damage_healed":0,"gold_gain":0,"player_choice":"Grow","damage_taken":0,"max_hp_gain":0,"max_hp_loss":0,"event_name":"Living Wall","floor":5,"gold_loss":0,"cards_upgraded":["Sunder"]},{"damage_healed":0,"gold_gain":275,"player_choice":"Desecrate","damage_taken":0,"max_hp_gain":0,"max_hp_loss":0,"event_name":"Golden Shrine","floor":11,"gold_loss":0,"cards_obtained":["Regret"]}],"is_beta":true,"boss_relics":[],"items_purged_floors":[],"is_endless":false,"potions_floor_spawned":[1,2,7,10],"killed_by":"Gremlin Nob","ascension_level":20}