{"gold_per_floor":[119,149,149,149,159,159,193,206,230,44,44,61,87,97,97,193,193,203,220,231,263,362,362,94,112,112,127,152,67,92,92,92,189,189,200,422,522,533,533,558,574,603,603,603,622,653,41,41,41,41,41,41,0,26,26],"floor_reached":55,"playtime":7918,"items_purged":["Regret","Strike_B","Decay"],"score":997,"play_id":"55381c71-5eca-4275-b9e5-13e26fc70dd4","local_time":"20190805214401","is_ascension_mode":true,"campfire_choices":[{"data":"Zap","floor":6,"key":"SMITH"},{"data":"Coolheaded","floor":11,"key":"SMITH"},{"data":"Redo","floor":15,"key":"SMITH"},{"data":"Biased Cognition","floor":23,"key":"SMITH"},{"data":"Capacitor","floor":32,"key":"SMITH"},{"data":"Biased Cognition","floor":44,"key":"SMITH"},{"floor":49,"key":"RECALL"},{"data":"Coolheaded","floor":52,"key":"SMITH"}],"neow_cost":"NONE","seed_source_timestamp":55829854941800,"circlet_count":0,"master_deck":["Strike_B","Strike_B+1","Strike_B","Defend_B","Defend_B","Defend_B","Defend_B","Zap+1","Dualcast+1","Coolheaded+1","Glacier","Cold Snap","BootSequence","The Bomb","Undo","Self Repair","Redo+1","Biased Cognition+1","Coolheaded+1","Core Surge","Chill+1","Coolheaded+1","Blizzard","Injury","Capacitor+1","Biased Cognition+1","Coolheaded+1","Conserve Battery+1","White Noise","Blizzard+1","White Noise+1","Redo+1","Parasite","Hologram+1"],"relics":["Cracked Core","NeowsBlessing","Tiny Chest","The Courier","MawBank","Anchor","Cursed Key","Red Mask","Oddly Smooth Stone","Calipers","Gambling Chip","Prayer Wheel","Bronze Scales","Mummified Hand","Orrery","Nunchaku","Pantograph","Juzu Bracelet","Potion Belt","War Paint","Mango","Bottled Flame"],"potions_floor_usage":[16,16,30,33,37,40,50,55,55,55],"damage_taken":[{"damage":0,"enemies":"Jaw Worm","floor":1,"turns":1},{"damage":0,"enemies":"2 Louse","floor":5,"turns":1},{"damage":0,"enemies":"Lagavulin","floor":7,"turns":1},{"damage":2,"enemies":"Cultist","floor":8,"turns":3},{"damage":1,"enemies":"Large Slime","floor":12,"turns":5},{"damage":4,"enemies":"Gremlin Nob","floor":13,"turns":5},{"damage":0,"enemies":"Exordium Wildlife","floor":14,"turns":5},{"damage":9,"enemies":"The Guardian","floor":16,"turns":12},{"damage":19,"enemies":"Chosen","floor":18,"turns":6},{"damage":11,"enemies":"3 Byrds","floor":19,"turns":4},{"damage":3,"enemies":"3 Cultists","floor":20,"turns":6},{"damage":6,"enemies":"Masked Bandits","floor":21,"turns":6},{"damage":0,"enemies":"Snake Plant","floor":25,"turns":5},{"damage":0,"enemies":"Snecko","floor":27,"turns":8},{"damage":0,"enemies":"Gremlin Leader","floor":28,"turns":11},{"damage":10,"enemies":"Slavers","floor":30,"turns":7},{"damage":0,"enemies":"Automaton","floor":33,"turns":15},{"damage":0,"enemies":"3 Shapes","floor":35,"turns":3},{"damage":0,"enemies":"Mind Bloom Boss Battle","floor":37,"turns":9},{"damage":0,"enemies":"Orb Walker","floor":38,"turns":6},{"damage":37,"enemies":"Reptomancer","floor":40,"turns":9},{"damage":0,"enemies":"3 Darklings","floor":41,"turns":3},{"damage":0,"enemies":"Giant Head","floor":42,"turns":12},{"damage":0,"enemies":"Transient","floor":45,"turns":5},{"damage":47,"enemies":"Reptomancer","floor":46,"turns":6},{"damage":18,"enemies":"Time Eater","floor":50,"turns":12},{"damage":41,"enemies":"Shield and Spear","floor":54,"turns":7},{"damage":94,"enemies":"The Heart","floor":55,"turns":8}],"seed_played":"-2264281476272168263","potions_obtained":[{"floor":8,"key":"PowerPotion"},{"floor":12,"key":"Fruit Juice"},{"floor":14,"key":"Ancient Potion"},{"floor":18,"key":"EssenceOfSteel"},{"floor":19,"key":"Fruit Juice"},{"floor":27,"key":"Weak Potion"},{"floor":33,"key":"Regen Potion"},{"floor":38,"key":"FearPotion"},{"floor":42,"key":"Strength Potion"},{"floor":45,"key":"SteroidPotion"},{"floor":46,"key":"FearPotion"}],"is_trial":false,"path_per_floor":["M","?","?","?","M","R","E","M","T","$","R","M","E","M","R","B",null,"M","M","M","?","?","R","$","M","T","M","E","?","E","T","R","B",null,"M","?","?","M","?","E","M","E","T","R","M","E","$","?","R","B",null,"R","$","E","B"],"character_chosen":"DEFECT","items_purchased":["The Bomb","Coolheaded","Oddly Smooth Stone","Blizzard","War Paint","Fire Potion","GamblersBrew","Dexterity Potion","Mango","SpeedPotion"],"campfire_rested":0,"item_purchase_floors":[10,24,24,24,47,47,47,47,47,53],"current_hp_per_floor":[75,75,60,60,60,60,60,58,58,58,58,57,53,60,60,63,80,68,64,68,69,69,69,69,76,76,80,80,80,75,75,75,82,85,85,85,85,85,85,70,77,84,84,84,85,45,59,59,59,73,99,99,99,65,0],"gold":26,"neow_bonus":"THREE_ENEMY_KILL","is_prod":false,"is_daily":false,"chose_seed":false,"campfire_upgraded":7,"win_rate":0,"timestamp":1565009041,"path_taken":["M","?","?","?","M","R","E","M","T","$","R","M","E","M","R","BOSS","M","M","?","?","?","R","$","?","T","M","E","?","E","?","R","BOSS","M","?","?","M","?","E","M","E","T","R","M","E","$","?","R","BOSS","R","$","E","BOSS"],"build_version":"2019-07-17","purchased_purges":3,"victory":false,"max_hp_per_floor":[75,75,75,75,75,75,75,75,75,75,75,75,75,75,75,80,80,80,80,80,80,80,80,80,80,80,80,80,80,85,85,85,85,85,85,85,85,85,85,85,85,85,85,85,85,85,99,99,99,99,99,99,99,99,99],"card_choices":[{"not_picked":["Turbo","Scrape"],"picked":"Coolheaded","floor":1},{"not_picked":["Compile Driver","Ball Lightning"],"picked":"Glacier","floor":5},{"not_picked":["Undo","Compile Driver"],"picked":"Cold Snap","floor":7},{"not_picked":["Rebound","Sweeping Beam"],"picked":"BootSequence","floor":8},{"not_picked":["Force Field","Recycle"],"picked":"Undo","floor":12},{"not_picked":["Steam","Conserve Battery"],"picked":"Self Repair","floor":13},{"not_picked":["Conserve Battery","Barrage"],"picked":"Redo","floor":14},{"not_picked":["Hyperbeam","Creative AI"],"picked":"Biased Cognition","floor":16},{"not_picked":["Gash","Cold Snap"],"picked":"Coolheaded","floor":18},{"not_picked":["Lockon","Redo"],"picked":"Core Surge","floor":19},{"not_picked":["Compile Driver","Barrage"],"picked":"Chill","floor":20},{"not_picked":["Compile Driver","Gash+1","Storm+1"],"picked":"SKIP","floor":25},{"not_picked":["Steam","BootSequence"],"picked":"Capacitor","floor":27},{"not_picked":["Go for the Eyes","Leap"],"picked":"Biased Cognition","floor":28},{"not_picked":["Stack+1","Rip and Tear","Compile Driver"],"picked":"SKIP","floor":30},{"not_picked":["Hello World","Rip and Tear"],"picked":"Coolheaded+1","floor":34},{"not_picked":["Coolheaded","Aggregate+1"],"picked":"Conserve Battery+1","floor":34},{"not_picked":["Consume+1","Turbo","Recycle"],"picked":"SKIP","floor":35},{"not_picked":["Genetic Algorithm+1","Cold Snap+1","Steam Power"],"picked":"SKIP","floor":35},{"not_picked":["Tempest","Rip and Tear+1"],"picked":"White Noise","floor":37},{"not_picked":["White Noise+1","Reboot"],"picked":"Blizzard+1","floor":38},{"not_picked":["FTL+1","Self Repair","Darkness+1"],"picked":"SKIP","floor":38},{"not_picked":["Genetic Algorithm","Steam+1","Hologram"],"picked":"SKIP","floor":40},{"not_picked":["Stack","Ball Lightning+1"],"picked":"White Noise+1","floor":41},{"not_picked":["BootSequence","Hologram","Turbo+1"],"picked":"SKIP","floor":41},{"not_picked":["Rainbow","Lockon+1"],"picked":"Redo+1","floor":42},{"not_picked":["Beam Cell","Compile Driver+1"],"picked":"Hologram","floor":45},{"not_picked":["Auto Shields+1","Redo+1","Blizzard"],"picked":"SKIP","floor":45},{"not_picked":["Creative AI","Darkness","Ball Lightning"],"picked":"SKIP","floor":46},{"not_picked":["Ball Lightning+1","Rip and Tear+1","Cold Snap+1"],"picked":"SKIP","floor":54}],"player_experience":164002,"relics_obtained":[{"floor":7,"key":"The Courier"},{"floor":9,"key":"MawBank"},{"floor":13,"key":"Anchor"},{"floor":21,"key":"Red Mask"},{"floor":26,"key":"Calipers"},{"floor":28,"key":"Gambling Chip"},{"floor":30,"key":"Bronze Scales"},{"floor":31,"key":"Mummified Hand"},{"floor":37,"key":"Nunchaku"},{"floor":40,"key":"Pantograph"},{"floor":42,"key":"Juzu Bracelet"},{"floor":46,"key":"Potion Belt"},{"floor":54,"key":"Bottled Flame"}],"event_choices":[{"damage_healed":0,"gold_gain":0,"player_choice":"Box","damage_taken":0,"relics_obtained":["Tiny Chest"],"max_hp_gain":0,"max_hp_loss":0,"event_name":"Big Fish","floor":2,"gold_loss":0,"cards_obtained":["Regret"]},{"damage_healed":0,"gold_gain":0,"player_choice":"Entered Light","damage_taken":15,"max_hp_gain":0,"max_hp_loss":0,"event_name":"Shining Light","floor":3,"gold_loss":0,"cards_upgraded":["Dualcast","Strike_B"]},{"damage_healed":0,"gold_gain":0,"player_choice":"Bought 0 Potions","damage_taken":0,"max_hp_gain":0,"max_hp_loss":0,"event_name":"The Woman in Blue","floor":4,"gold_loss":0},{"damage_healed":0,"gold_gain":0,"player_choice":"Fought Bandits","damage_taken":0,"max_hp_gain":0,"max_hp_loss":0,"event_name":"Masked Bandits","floor":21,"gold_loss":0},{"damage_healed":0,"gold_gain":99,"player_choice":"Stole From Cult","damage_taken":0,"max_hp_gain":0,"max_hp_loss":0,"event_name":"Nest","floor":22,"gold_loss":0},{"damage_healed":0,"gold_gain":0,"player_choice":"Obtained Relic","damage_taken":0,"relics_obtained":["Prayer Wheel"],"max_hp_gain":0,"max_hp_loss":0,"event_name":"Addict","floor":29,"gold_loss":85},{"damage_healed":0,"gold_gain":222,"player_choice":"Wore Mask","damage_taken":0,"max_hp_gain":0,"max_hp_loss":0,"event_name":"Tomb of Lord Red Mask","floor":36,"gold_loss":0},{"damage_healed":0,"gold_gain":0,"player_choice":"Fight","damage_taken":0,"max_hp_gain":0,"max_hp_loss":0,"event_name":"MindBloom","floor":37,"gold_loss":0},{"damage_healed":0,"gold_gain":0,"player_choice":"Memory 1","damage_taken":0,"max_hp_gain":0,"max_hp_loss":0,"event_name":"SensoryStone","floor":39,"gold_loss":0},{"damage_healed":0,"gold_gain":0,"player_choice":"Upgraded","damage_taken":0,"max_hp_gain":0,"max_hp_loss":0,"event_name":"Upgrade Shrine","floor":48,"gold_loss":0,"cards_upgraded":["Coolheaded"]}],"is_beta":false,"boss_relics":[{"not_picked":["Busted Crown","Eternal Feather"],"picked":"Cursed Key"},{"not_picked":["Sozu","Velvet Choker"],"picked":"Orrery"}],"items_purged_floors":[10,24,47],"is_endless":false,"potions_floor_spawned":[8,12,14,18,19,27,33,38,42,45,46],"killed_by":"The Heart","ascension_level":1}