{"gold_per_floor":[116,191,205,205,216,216,246,246,271,271,271,291,291,308,308,407,407,419,436,436,154,173,173,187,187,214,214,214],"floor_reached":28,"playtime":1292,"items_purged":["Defend_B"],"score":330,"play_id":"3e4c1840-61e0-4ead-8e6e-a89168276e62","local_time":"20190731143611","is_ascension_mode":true,"campfire_choices":[{"data":"Loop","floor":6,"key":"SMITH"},{"data":"Dualcast","floor":11,"key":"SMITH"},{"floor":15,"key":"REST"},{"data":"White Noise","floor":23,"key":"SMITH"},{"data":"Echo Form","floor":25,"key":"SMITH"},{"data":"Amplify","floor":27,"key":"SMITH"}],"neow_cost":"NONE","seed_source_timestamp":125882716343979,"circlet_count":0,"master_deck":["Defend_B+1","Defend_B","Defend_B","Zap+1","Dualcast+1","Chaos+1","Loop+1","Barrage","Amplify+1","White Noise+1","Echo Form+1","Self Repair+1","Bite","Bite","Bite","Bite","Bite"],"relics":["Cracked Core","NeowsBlessing","War Paint","Thread and Needle","DataDisk","Philosopher\u0027s Stone","ClockworkSouvenir"],"potions_floor_usage":[12,16,22,24,28,28],"damage_taken":[{"damage":0,"enemies":"Small Slimes","floor":1,"turns":1},{"damage":0,"enemies":"2 Louse","floor":3,"turns":1},{"damage":0,"enemies":"Cultist","floor":5,"turns":1},{"damage":12,"enemies":"3 Sentries","floor":7,"turns":7},{"damage":0,"enemies":"3 Louse","floor":12,"turns":3},{"damage":0,"enemies":"Looter","floor":14,"turns":3},{"damage":32,"enemies":"The Guardian","floor":16,"turns":9},{"damage":11,"enemies":"3 Byrds","floor":18,"turns":6},{"damage":12,"enemies":"Spheric Guardian","floor":19,"turns":4},{"damage":18,"enemies":"Centurion and Healer","floor":22,"turns":5},{"damage":26,"enemies":"Snake Plant","floor":24,"turns":4},{"damage":65,"enemies":"Slavers","floor":28,"turns":3}],"seed_played":"-5675535859096821979","potions_obtained":[{"floor":3,"key":"LiquidBronze"},{"floor":7,"key":"SkillPotion"},{"floor":12,"key":"FocusPotion"},{"floor":16,"key":"Energy Potion"},{"floor":19,"key":"Dexterity Potion"},{"floor":22,"key":"EssenceOfSteel"}],"is_trial":false,"path_per_floor":["M","?","M","?","M","R","E","?","T","?","R","M","?","M","R","B",null,"M","M","?","$","M","R","M","R","T","R","E"],"character_chosen":"DEFECT","items_purchased":["ClockworkSouvenir"],"campfire_rested":1,"item_purchase_floors":[21],"current_hp_per_floor":[68,57,57,57,57,57,45,45,45,30,30,30,23,23,45,13,60,49,37,37,37,45,45,47,47,47,47,0],"gold":214,"neow_bonus":"THREE_ENEMY_KILL","is_prod":false,"is_daily":false,"chose_seed":false,"campfire_upgraded":5,"win_rate":0,"timestamp":1564551371,"path_taken":["M","?","M","?","?","R","E","?","T","?","R","M","?","M","R","BOSS","M","M","?","$","M","R","M","R","T","R","E"],"build_version":"2019-07-17","purchased_purges":1,"victory":false,"max_hp_per_floor":[75,75,75,75,75,75,75,75,75,75,75,75,75,75,75,75,75,75,75,52,52,52,52,52,52,52,52,52],"card_choices":[{"not_picked":["Ball Lightning","Sweeping Beam"],"picked":"Chaos","floor":1},{"not_picked":["Gash","BootSequence"],"picked":"Loop","floor":3},{"not_picked":["Stack","Beam Cell","Ball Lightning"],"picked":"SKIP","floor":5},{"not_picked":["Force Field","Doom and Gloom"],"picked":"Barrage","floor":7},{"not_picked":["Blizzard","Ball Lightning"],"picked":"Amplify","floor":12},{"not_picked":["Hologram","Sweeping Beam"],"picked":"White Noise","floor":14},{"not_picked":["Buffer","Core Surge"],"picked":"Echo Form","floor":16},{"not_picked":["Steam","Sunder+1","Beam Cell+1"],"picked":"SKIP","floor":18},{"not_picked":["Hologram","Leap"],"picked":"Self Repair+1","floor":19},{"not_picked":["Aggregate+1","Hologram","Melter"],"picked":"SKIP","floor":22},{"not_picked":["Compile Driver","Doom and Gloom","Coolheaded"],"picked":"SKIP","floor":24}],"player_experience":164866,"relics_obtained":[{"floor":4,"key":"War Paint"},{"floor":7,"key":"Thread and Needle"},{"floor":9,"key":"DataDisk"}],"event_choices":[{"damage_healed":0,"gold_gain":75,"player_choice":"Gather Gold","damage_taken":11,"max_hp_gain":0,"max_hp_loss":0,"event_name":"World of Goop","floor":2,"gold_loss":0},{"damage_healed":0,"gold_gain":0,"player_choice":"Relic","damage_taken":0,"max_hp_gain":0,"max_hp_loss":0,"event_name":"Wheel of Change","floor":4,"gold_loss":0},{"damage_healed":0,"gold_gain":0,"player_choice":"Searched \u00271\u0027 times","damage_taken":0,"max_hp_gain":0,"max_hp_loss":0,"event_name":"Dead Adventurer","floor":8,"gold_loss":0},{"damage_healed":0,"gold_gain":0,"player_choice":"Entered Light","damage_taken":15,"max_hp_gain":0,"max_hp_loss":0,"event_name":"Shining Light","floor":10,"gold_loss":0,"cards_upgraded":["Defend_B","Strike_B"]},{"cards_removed":["Strike_B"],"damage_healed":0,"gold_gain":0,"player_choice":"Card Removal","damage_taken":7,"max_hp_gain":0,"max_hp_loss":0,"event_name":"Golden Wing","floor":13,"gold_loss":0},{"damage_healed":0,"gold_gain":0,"player_choice":"Became a vampire","damage_taken":0,"max_hp_gain":0,"max_hp_loss":23,"event_name":"Vampires","floor":20,"gold_loss":0,"cards_obtained":["Bite","Bite","Bite","Bite","Bite"]}],"is_beta":false,"boss_relics":[{"not_picked":["Sozu","Ectoplasm"],"picked":"Philosopher\u0027s Stone"}],"items_purged_floors":[21],"is_endless":false,"potions_floor_spawned":[3,7,12,16,19,22],"killed_by":"Slavers","ascension_level":8}