{"gold_per_floor":[114,129,129,153,23,48,60,105,117,161,173,185,197,42,42,42],"floor_reached":16,"playtime":324,"items_purged":[],"score":228,"play_id":"f649191e-bb3f-4c43-b9bf-4bb37ffbccd2","local_time":"20190727194356","is_ascension_mode":true,"campfire_choices":[{"floor":7,"key":"REST"},{"data":"Static Discharge","floor":13,"key":"SMITH"},{"data":"Darkness","floor":15,"key":"SMITH"}],"neow_cost":"TEN_PERCENT_HP_LOSS","seed_source_timestamp":21884241496027,"circlet_count":0,"master_deck":["AscendersBane","Strike_B","Strike_B","Strike_B","Strike_B","Defend_B","Defend_B","Defend_B","Defend_B","Zap","Dualcast","Hologram","Static Discharge+1","FTL","Sweeping Beam","Darkness+1","Cold Snap","Electrodynamics"],"relics":["Cracked Core","Dead Branch","Omamori","MawBank","Mummified Hand","Blue Candle","Sundial","Mercury Hourglass","Bronze Scales"],"potions_floor_usage":[8],"damage_taken":[{"damage":11,"enemies":"Cultist","floor":1,"turns":4},{"damage":2,"enemies":"Jaw Worm","floor":2,"turns":3},{"damage":19,"enemies":"Lagavulin","floor":6,"turns":6},{"damage":7,"enemies":"3 Sentries","floor":8,"turns":2},{"damage":15,"enemies":"Lagavulin","floor":10,"turns":5},{"damage":33,"enemies":"Hexaghost","floor":16,"turns":7}],"seed_played":"7886645802620499866","potions_obtained":[{"floor":1,"key":"AttackPotion"}],"is_trial":false,"path_per_floor":["M","M","?","T","$","E","R","E","T","E","$","?","R","$","R","B"],"character_chosen":"DEFECT","items_purchased":["FTL","Sweeping Beam","Bronze Scales"],"campfire_rested":1,"item_purchase_floors":[5,5,14],"current_hp_per_floor":[53,51,56,56,56,37,57,50,50,35,35,30,30,30,30,0],"gold":42,"neow_bonus":"ONE_RARE_RELIC","is_prod":false,"is_daily":false,"chose_seed":false,"campfire_upgraded":2,"win_rate":0,"timestamp":1564249436,"path_taken":["M","M","?","?","$","E","R","E","T","E","$","?","R","$","R","BOSS"],"build_version":"2019-07-18","purchased_purges":0,"victory":false,"max_hp_per_floor":[64,64,69,69,69,69,69,69,69,69,69,69,69,69,69,69],"card_choices":[{"not_picked":["Consume","Loop"],"picked":"Hologram","floor":1},{"not_picked":["Redo","Turbo"],"picked":"Static Discharge","floor":2},{"not_picked":["Conserve Battery","Melter"],"picked":"Darkness","floor":6},{"not_picked":["Stack","Streamline"],"picked":"Cold Snap","floor":8},{"not_picked":["Biased Cognition","FTL"],"picked":"Electrodynamics","floor":10}],"player_experience":1926925,"relics_obtained":[{"floor":4,"key":"Omamori"},{"floor":6,"key":"MawBank"},{"floor":8,"key":"Mummified Hand"},{"floor":9,"key":"Blue Candle"},{"floor":10,"key":"Sundial"}],"event_choices":[{"damage_healed":0,"gold_gain":0,"player_choice":"Donut","damage_taken":0,"max_hp_gain":5,"max_hp_loss":0,"event_name":"Big Fish","floor":3,"gold_loss":0},{"damage_healed":0,"gold_gain":0,"player_choice":"Success","damage_taken":5,"relics_obtained":["Mercury Hourglass"],"max_hp_gain":0,"max_hp_loss":0,"event_name":"Scrap Ooze","floor":12,"gold_loss":0}],"is_beta":true,"boss_relics":[],"items_purged_floors":[],"is_endless":false,"potions_floor_spawned":[1],"killed_by":"Hexaghost","ascension_level":20}