{"gold_per_floor":[114,41,56,56,56,56,131,161,161,161,161,161,179,197,197,322,322,340,340,320,320,102,102,121,121,121,121,159,200,200,213,213,343,343,356,578,598,530,544,544,877,877,901,538,593,625,446,477,477,477],"floor_reached":51,"playtime":5208,"items_purged":[],"score":1138,"play_id":"da336575-9d5e-41bb-8c6a-b2adc3a3c12d","local_time":"20190803170315","is_ascension_mode":true,"campfire_choices":[{"data":"Neutralize","floor":6.0,"key":"SMITH"},{"data":"Footwork","floor":10.0,"key":"SMITH"},{"floor":12.0,"key":"REST"},{"data":"Cloak And Dagger","floor":15.0,"key":"SMITH"},{"data":"Glass Knife","floor":23.0,"key":"SMITH"},{"data":"Storm of Steel","floor":25.0,"key":"SMITH"},{"floor":27.0,"key":"REST"},{"floor":30.0,"key":"REST"},{"floor":32.0,"key":"REST"},{"floor":40.0,"key":"REST"},{"floor":42.0,"key":"REST"},{"floor":49.0,"key":"REST"}],"neow_cost":"NONE","seed_source_timestamp":388540155462900,"circlet_count":0,"master_deck":["AscendersBane","Strike_G+1","Defend_G+1","Defend_G+1","Defend_G+1","Defend_G+1","Defend_G+1","Survivor","Neutralize+1","Backflip","Footwork+1","Cloak And Dagger+1","Terror","Cloak And Dagger","PiercingWail","Storm of Steel+1","Deflect+1","Burst","Glass Knife+1","Blur+1","Escape Plan+1","Adrenaline","Cloak And Dagger+1","Noxious Fumes","Noxious Fumes","Catalyst","Dodge and Roll+1","Well Laid Plans"],"special_seed":0,"relics":["Ring of the Snake","NeowsBlessing","Oddly Smooth Stone","Matryoshka","Ancient Tea Set","Shuriken","Empty Cage","Question Card","Paper Crane","Red Mask","Orichalcum","Fusion Hammer","Centennial Puzzle","Thread and Needle","StoneCalendar","Lantern","Anchor","Ginger"],"potions_floor_usage":[50,50,50],"damage_taken":[{"damage":0.0,"enemies":"Small Slimes","floor":1.0,"turns":1.0},{"damage":0.0,"enemies":"2 Louse","floor":3.0,"turns":1.0},{"damage":0.0,"enemies":"Gremlin Nob","floor":8.0,"turns":1.0},{"damage":0.0,"enemies":"Jaw Worm","floor":13.0,"turns":4.0},{"damage":0.0,"enemies":"Red Slaver","floor":14.0,"turns":5.0},{"damage":12.0,"enemies":"The Guardian","floor":16.0,"turns":11.0},{"damage":0.0,"enemies":"Shell Parasite","floor":18.0,"turns":8.0},{"damage":16.0,"enemies":"2 Thieves","floor":20.0,"turns":5.0},{"damage":0.0,"enemies":"Centurion and Healer","floor":24.0,"turns":6.0},{"damage":0.0,"enemies":"Masked Bandits","floor":28.0,"turns":4.0},{"damage":28.0,"enemies":"Slavers","floor":29.0,"turns":11.0},{"damage":13.0,"enemies":"Snake Plant","floor":31.0,"turns":6.0},{"damage":17.0,"enemies":"Champ","floor":33.0,"turns":15.0},{"damage":10.0,"enemies":"Orb Walker","floor":35.0,"turns":3.0},{"damage":7.0,"enemies":"3 Shapes","floor":37.0,"turns":9.0},{"damage":8.0,"enemies":"Sphere and 2 Shapes","floor":39.0,"turns":7.0},{"damage":8.0,"enemies":"2 Orb Walkers","floor":45.0,"turns":7.0},{"damage":0.0,"enemies":"Nemesis","floor":46.0,"turns":9.0},{"damage":36.0,"enemies":"Reptomancer","floor":48.0,"turns":6.0},{"damage":43,"enemies":"Time Eater","floor":50,"turns":10}],"seed_played":"6859057130400821896","potions_obtained":[{"floor":1.0,"key":"PowerPotion"},{"floor":3.0,"key":"Poison Potion"},{"floor":16.0,"key":"PowerPotion"},{"floor":29.0,"key":"FearPotion"},{"floor":48.0,"key":"Strength Potion"}],"is_trial":false,"path_per_floor":["M","$","M","?","?","R","?","E","T","R","?","R","M","M","R","B",null,"M","?","M","?","$","R","M","R","T","R","?","E","R","M","R","B",null,"M","?","M","$","M","R","?","R","T","$","?","E","$","E","R","B",null],"character_chosen":"THE_SILENT","items_purchased":["Footwork","Burst","Glass Knife","Noxious Fumes","Catalyst","Thread and Needle","Well Laid Plans","Anchor"],"campfire_rested":7,"item_purchase_floors":[2,22,22,38,44,44,47,47],"current_hp_per_floor":[63,63,63,60,53,53,42,42,42,42,25,46,46,46,46,34,61,61,61,45,45,45,45,45,45,45,66,66,38,59,46,67,50,65,55,55,48,48,40,61,61,70,70,70,62,62,62,26,47,4],"gold":477,"neow_bonus":"THREE_ENEMY_KILL","is_prod":false,"is_daily":false,"chose_seed":false,"campfire_upgraded":5,"win_rate":0,"timestamp":1564866195,"path_taken":["M","$","M","?","?","R","?","E","T","R","?","R","?","M","R","BOSS","M","?","M","?","$","R","?","R","T","R","?","E","R","M","R","BOSS","M","?","M","$","M","R","?","R","T","?","?","E","$","E","R","BOSS"],"build_version":"2019-07-18","purchased_purges":0,"victory":true,"max_hp_per_floor":[70,70,70,70,70,70,70,70,70,70,70,70,70,70,70,70,70,70,70,70,70,70,70,70,70,70,70,70,70,70,70,70,70,70,70,70,70,70,70,70,70,70,70,70,70,70,70,70,70,70],"card_choices":[{"not_picked":["Choke","Outmaneuver"],"picked":"Backflip","floor":1.0},{"not_picked":["Outmaneuver","Deflect"],"picked":"Cloak And Dagger","floor":3.0},{"not_picked":["Endless Agony","Blade Dance"],"picked":"Terror","floor":8.0},{"not_picked":["Deadly Poison","Blade Dance"],"picked":"Cloak And Dagger","floor":13.0},{"not_picked":["Dagger Throw","All Out Attack"],"picked":"PiercingWail","floor":14.0},{"not_picked":["Envenom","Tools of the Trade"],"picked":"Storm of Steel","floor":16.0},{"not_picked":["Dagger Throw","Terror+1"],"picked":"Deflect+1","floor":18.0},{"not_picked":["Flying Knee","Deadly Poison","Quick Slash"],"picked":"SKIP","floor":20.0},{"not_picked":["Dagger Spray","Outmaneuver","Dagger Throw"],"picked":"SKIP","floor":24.0},{"not_picked":["Blade Dance","Deflect","Slice"],"picked":"Blur+1","floor":28.0},{"not_picked":["Setup","Deflect","Backstab+1"],"picked":"Escape Plan+1","floor":29.0},{"not_picked":["Heel Hook+1","Dagger Throw","Concentrate+1","Calculated Gamble"],"picked":"SKIP","floor":31.0},{"not_picked":["Tools of the Trade","Envenom","Die Die Die"],"picked":"Adrenaline","floor":33.0},{"not_picked":["Poisoned Stab","Flying Knee","Blade Dance+1"],"picked":"Cloak And Dagger+1","floor":35.0},{"not_picked":["Choke","Flechettes+1","Bouncing Flask"],"picked":"Noxious Fumes","floor":37.0},{"not_picked":["Underhanded Strike+1","Blade Dance+1","Flechettes+1","Dodge and Roll"],"picked":"SKIP","floor":39.0},{"not_picked":["Prepared+1","Caltrops","Poisoned Stab+1"],"picked":"Dodge and Roll+1","floor":45.0},{"not_picked":["PiercingWail","Setup+1","Eviscerate","Dagger Throw"],"picked":"SKIP","floor":46.0},{"not_picked":["Dagger Throw","Distraction","Heel Hook+1","Underhanded Strike+1"],"picked":"SKIP","floor":48.0}],"player_experience":338508,"relics_obtained":[{"floor":8.0,"key":"Matryoshka"},{"floor":9.0,"key":"Ancient Tea Set"},{"floor":9.0,"key":"Shuriken"},{"floor":26.0,"key":"Question Card"},{"floor":26.0,"key":"Paper Crane"},{"floor":28.0,"key":"Red Mask"},{"floor":29.0,"key":"Orichalcum"},{"floor":43.0,"key":"Centennial Puzzle"},{"floor":45.0,"key":"StoneCalendar"},{"floor":46.0,"key":"Lantern"},{"floor":48.0,"key":"Ginger"}],"event_choices":[{"damage_healed":0.0,"max_hp_gain":0.0,"max_hp_loss":0.0,"gold_gain":0.0,"event_name":"Scrap Ooze","player_choice":"Success","floor":4.0,"gold_loss":0.0,"damage_taken":3.0,"relics_obtained":["Oddly Smooth Stone"]},{"cards_removed":["Strike_G"],"damage_healed":0.0,"max_hp_gain":0.0,"max_hp_loss":0.0,"gold_gain":0.0,"event_name":"Golden Wing","player_choice":"Card Removal","floor":5.0,"gold_loss":0.0,"damage_taken":7.0},{"damage_healed":0.0,"max_hp_gain":0.0,"max_hp_loss":0.0,"gold_gain":75.0,"event_name":"World of Goop","player_choice":"Gather Gold","floor":7.0,"gold_loss":0.0,"damage_taken":11.0},{"damage_healed":0.0,"max_hp_gain":0.0,"max_hp_loss":0.0,"gold_gain":0.0,"event_name":"Golden Idol","player_choice":"Take Damage","floor":11.0,"gold_loss":0.0,"damage_taken":17.0,"relics_obtained":["Golden Idol"]},{"damage_healed":0.0,"max_hp_gain":0.0,"max_hp_loss":0.0,"gold_gain":0.0,"event_name":"Back to Basics","player_choice":"Simplicity","floor":19.0,"gold_loss":0.0,"damage_taken":0.0,"cards_upgraded":["Strike_G","Strike_G","Defend_G","Defend_G","Defend_G","Defend_G","Defend_G"]},{"cards_removed":["Strike_G"],"damage_healed":0.0,"max_hp_gain":0.0,"max_hp_loss":0.0,"gold_gain":0.0,"event_name":"Purifier","player_choice":"Purged","floor":21.0,"gold_loss":0.0,"damage_taken":0.0},{"damage_healed":0.0,"max_hp_gain":0.0,"max_hp_loss":0.0,"gold_gain":0.0,"event_name":"Masked Bandits","player_choice":"Fought Bandits","floor":28.0,"gold_loss":0.0,"damage_taken":0.0},{"damage_healed":0.0,"max_hp_gain":0.0,"max_hp_loss":0.0,"gold_gain":222.0,"event_name":"Tomb of Lord Red Mask","player_choice":"Wore Mask","floor":36.0,"gold_loss":0.0,"damage_taken":0.0},{"damage_healed":0.0,"max_hp_gain":0.0,"max_hp_loss":0.0,"gold_gain":333.0,"event_name":"The Moai Head","player_choice":"Gave Idol","floor":41.0,"relics_lost":["Golden Idol"],"gold_loss":0.0,"damage_taken":0.0},{"damage_healed":0.0,"max_hp_gain":0.0,"max_hp_loss":0.0,"gold_gain":0.0,"event_name":"Mysterious Sphere","player_choice":"Fight","floor":45.0,"gold_loss":0.0,"damage_taken":0.0}],"is_beta":true,"boss_relics":[{"not_picked":["Calling Bell","Busted Crown"],"picked":"Empty Cage"},{"not_picked":["Velvet Choker","Tiny House"],"picked":"Fusion Hammer"}],"items_purged_floors":[],"is_endless":false,"potions_floor_spawned":[1,3,16,29,31,33,45,48],"ascension_level":10}