{"gold_per_floor":[117,128,78,3,16,16,30,56,56,56,66,66,77,102,102,207,207,226,226,245,245,605,605,619,619],"floor_reached":25,"playtime":1048,"items_purged":["Strike_B"],"score":313,"play_id":"40902b66-dcfc-419d-94b8-af6b66917dcd","local_time":"20190702023445","is_ascension_mode":true,"campfire_choices":[{"data":"Zap","floor":6,"key":"SMITH"},{"data":"Steam","floor":10,"key":"SMITH"},{"floor":15,"key":"REST"},{"floor":23,"key":"REST"}],"neow_cost":"NONE","seed_source_timestamp":27195840884110,"circlet_count":0,"master_deck":["Defend_B","Defend_B","Defend_B","Defend_B","Zap+1","Dualcast","Ball Lightning","Electrodynamics","Consume","Steam+1","Leap","Go for the Eyes","Echo Form+1","Buffer+1","Bite","Bite","Bite","Bite","Bite","Beam Cell+1"],"relics":["Oddly Smooth Stone","Gremlin Horn","Bottled Lightning","Frozen Egg 2","Busted Crown","Nloth\u0027s Gift"],"potions_floor_usage":[8,14,24,25],"damage_taken":[{"damage":0,"enemies":"2 Louse","floor":1,"turns":2},{"damage":4,"enemies":"Small Slimes","floor":2,"turns":3},{"damage":0,"enemies":"Cultist","floor":5,"turns":2},{"damage":0,"enemies":"Looter","floor":7,"turns":3},{"damage":34,"enemies":"Gremlin Nob","floor":8,"turns":4},{"damage":0,"enemies":"Lots of Slimes","floor":11,"turns":1},{"damage":8,"enemies":"Red Slaver","floor":13,"turns":3},{"damage":4,"enemies":"Lagavulin","floor":14,"turns":5},{"damage":14,"enemies":"The Guardian","floor":16,"turns":11},{"damage":16,"enemies":"Shell Parasite","floor":18,"turns":8},{"damage":0,"enemies":"Spheric Guardian","floor":20,"turns":5},{"damage":36,"enemies":"Snake Plant","floor":24,"turns":8},{"damage":40,"enemies":"Sentry and Sphere","floor":25,"turns":7}],"seed_played":"-6296107728323381259","potions_obtained":[{"floor":2,"key":"Fruit Juice"},{"floor":7,"key":"Ancient Potion"},{"floor":13,"key":"AttackPotion"},{"floor":16,"key":"EssenceOfSteel"},{"floor":24,"key":"GamblersBrew"}],"is_trial":false,"path_per_floor":["M","M","?","$","M","R","M","E","T","R","M","$","M","E","R","B",null,"M","?","M","?","?","R","M","M"],"character_chosen":"DEFECT","items_purchased":[],"campfire_rested":2,"item_purchase_floors":[],"current_hp_per_floor":[68,64,64,64,64,64,64,35,35,35,35,35,27,23,47,33,68,52,52,52,52,22,38,20,0],"gold":619,"neow_bonus":"RANDOM_COMMON_RELIC","is_prod":false,"is_daily":false,"chose_seed":false,"campfire_upgraded":2,"win_rate":0,"timestamp":1562002485,"path_taken":["M","M","?","$","M","R","M","E","T","R","M","$","M","E","R","BOSS","M","?","?","?","?","R","M","?"],"build_version":"2019-01-23","purchased_purges":1,"victory":false,"max_hp_per_floor":[75,75,75,75,75,75,75,80,80,80,80,80,80,80,80,80,80,80,80,80,56,56,56,56,56],"card_choices":[{"not_picked":["Gash","Beam Cell"],"picked":"Ball Lightning","floor":1},{"not_picked":["Rip and Tear","Sweeping Beam","Streamline"],"picked":"SKIP","floor":2},{"not_picked":["Rebound","Hello World"],"picked":"Electrodynamics","floor":5},{"not_picked":["Cold Snap","Turbo"],"picked":"Consume","floor":7},{"not_picked":["Redo","Storm"],"picked":"Steam","floor":8},{"not_picked":["Force Field","Fusion"],"picked":"Leap","floor":11},{"not_picked":["Lockon","Scrape"],"picked":"Go for the Eyes","floor":13},{"not_picked":["Hello World","Gash"],"picked":"Echo Form","floor":14},{"not_picked":["Multi-Cast","Amplify"],"picked":"Buffer+1","floor":16},{"not_picked":["Fusion"],"picked":"SKIP","floor":18},{"not_picked":["Turbo"],"picked":"SKIP","floor":20},{"not_picked":[],"picked":"Beam Cell+1","floor":24}],"player_experience":133098,"relics_obtained":[{"floor":8,"key":"Gremlin Horn"},{"floor":9,"key":"Bottled Lightning"},{"floor":14,"key":"Frozen Egg 2"}],"event_choices":[{"cards_removed":["Strike_B"],"damage_healed":0,"gold_gain":0,"player_choice":"Card Removal","damage_taken":0,"max_hp_gain":0,"max_hp_loss":0,"event_name":"The Cleric","floor":3,"gold_loss":50},{"damage_healed":0,"gold_gain":0,"player_choice":"Traded Relic","damage_taken":0,"relics_obtained":["Nloth\u0027s Gift"],"max_hp_gain":0,"max_hp_loss":0,"event_name":"N\u0027loth","floor":19,"relics_lost":["Cracked Core"],"gold_loss":0},{"damage_healed":0,"gold_gain":0,"player_choice":"Became a vampire","damage_taken":0,"max_hp_gain":0,"max_hp_loss":24,"event_name":"Vampires","floor":21,"gold_loss":0,"cards_obtained":["Bite","Bite","Bite","Bite","Bite"]},{"damage_healed":0,"gold_gain":360,"player_choice":"GOLD GOLD GOLD GOLD ","damage_taken":30,"max_hp_gain":0,"max_hp_loss":0,"event_name":"Knowing Skull","floor":22,"potions_obtained":[],"gold_loss":0,"cards_obtained":[]}],"is_beta":false,"boss_relics":[{"not_picked":["Tiny House","Empty Cage"],"picked":"Busted Crown"}],"items_purged_floors":[4],"is_endless":false,"potions_floor_spawned":[2,7,13,16,24],"killed_by":"Sentry and Sphere","ascension_level":7}