{"gold_per_floor":[111,125,125,142,155,185,22,22,78,78,92,92,106,106,106,179,179,195,24,0,0,11,11,41,41,41,41,60,77,77,77,77,77],"floor_reached":33,"playtime":1874,"items_purged":["Defend_B"],"score":530,"play_id":"96c74378-52bd-4bef-9b8c-80d3f672ef44","local_time":"20190807005120","is_ascension_mode":true,"campfire_choices":[{"data":"Seek","floor":8.0,"key":"SMITH"},{"data":"Loop","floor":12.0,"key":"SMITH"},{"data":"Dualcast","floor":15.0,"key":"SMITH"},{"data":"Zap","floor":23.0,"key":"SMITH"},{"data":"Go for the Eyes","floor":25.0,"key":"SMITH"},{"data":"Glacier","floor":27.0,"key":"SMITH"},{"data":"Glacier","floor":30.0,"key":"SMITH"},{"data":"Reinforced Body","floor":32,"key":"SMITH"}],"neow_cost":"NONE","seed_source_timestamp":55071566321588,"circlet_count":0,"master_deck":["AscendersBane","Strike_B","Strike_B","Strike_B","Strike_B","Defend_B","Defend_B","Defend_B","Zap+1","Dualcast+1","Reinforced Body+1","Cold Snap","Go for the Eyes+1","Cold Snap","Glacier+1","Seek+1","Loop+1","Parasite","Blizzard","Glacier+1","Electrodynamics","Bandage Up"],"special_seed":0,"relics":["White Beast Statue","Happy Flower","Tiny Chest","Juzu Bracelet","Cursed Key","Strawberry"],"potions_floor_usage":[],"damage_taken":[{"damage":2.0,"enemies":"2 Louse","floor":1.0,"turns":3.0},{"damage":2.0,"enemies":"Jaw Worm","floor":2.0,"turns":6.0},{"damage":10.0,"enemies":"Small Slimes","floor":4.0,"turns":5.0},{"damage":3.0,"enemies":"2 Fungi Beasts","floor":5.0,"turns":4.0},{"damage":31.0,"enemies":"Gremlin Nob","floor":6.0,"turns":6.0},{"damage":4.0,"enemies":"3 Louse","floor":11.0,"turns":5.0},{"damage":1.0,"enemies":"Large Slime","floor":13.0,"turns":7.0},{"damage":4.0,"enemies":"The Guardian","floor":16.0,"turns":18.0},{"damage":5.0,"enemies":"Spheric Guardian","floor":18.0,"turns":8.0},{"damage":0.0,"enemies":"3 Byrds","floor":22.0,"turns":3.0},{"damage":43.0,"enemies":"Gremlin Leader","floor":24.0,"turns":9.0},{"damage":0.0,"enemies":"Snake Plant","floor":28.0,"turns":9.0},{"damage":9.0,"enemies":"Snecko","floor":29.0,"turns":10.0},{"damage":67,"enemies":"Champ","floor":33,"turns":18}],"seed_played":"7156241864845798327","potions_obtained":[{"floor":1.0,"key":"Dexterity Potion"},{"floor":2.0,"key":"AttackPotion"},{"floor":4.0,"key":"Poison Potion"},{"floor":5.0,"key":"Ancient Potion"},{"floor":6.0,"key":"EssenceOfSteel"},{"floor":11.0,"key":"Regen Potion"},{"floor":13.0,"key":"Regen Potion"},{"floor":18.0,"key":"Explosive Potion"},{"floor":22.0,"key":"Fire Potion"},{"floor":24.0,"key":"SpeedPotion"},{"floor":28.0,"key":"Regen Potion"},{"floor":29.0,"key":"FearPotion"}],"is_trial":false,"path_per_floor":["M","M","?","M","M","E","$","R","T","?","M","R","M","?","R","B",null,"M","$","?","$","M","R","E","R","T","R","M","M","R","T","R","B"],"character_chosen":"DEFECT","items_purchased":["Seek","Loop","Bandage Up"],"campfire_rested":0,"item_purchase_floors":[7,7,19],"current_hp_per_floor":[62,60,65,55,52,21,21,21,21,40,36,36,50,45,45,41,67,76,76,76,76,76,76,44,44,44,44,48,58,58,58,58,0],"gold":77,"neow_bonus":"BOSS_RELIC","is_prod":false,"is_daily":false,"chose_seed":false,"campfire_upgraded":8,"win_rate":0,"timestamp":1565106680,"path_taken":["M","M","?","M","M","E","$","R","T","?","?","R","M","?","R","BOSS","M","$","?","?","M","R","E","R","T","R","M","M","R","?","R","BOSS"],"build_version":"2019-07-17","purchased_purges":1,"victory":false,"max_hp_per_floor":[71,71,76,76,76,76,76,76,76,76,76,76,76,76,76,76,76,76,76,76,76,76,76,83,83,83,83,83,83,83,83,83,83],"card_choices":[{"not_picked":["Turbo","Hologram"],"picked":"Reinforced Body","floor":1.0},{"not_picked":["Auto Shields","Melter"],"picked":"Cold Snap","floor":2.0},{"not_picked":["Lockon","Barrage"],"picked":"Go for the Eyes","floor":4.0},{"not_picked":["Leap","Skim"],"picked":"Cold Snap","floor":5.0},{"not_picked":["Steam","Double Energy"],"picked":"Glacier","floor":6.0},{"not_picked":["Go for the Eyes","Steam"],"picked":"Blizzard","floor":11.0},{"not_picked":["Coolheaded","Gash"],"picked":"Glacier","floor":13.0},{"not_picked":["Reboot","Meteor Strike"],"picked":"Electrodynamics","floor":16.0},{"not_picked":["Rebound","Static Discharge","Melter"],"picked":"SKIP","floor":18.0},{"not_picked":["Turbo+1","Compile Driver","Coolheaded"],"picked":"SKIP","floor":22.0},{"not_picked":["Barrage","Force Field","Beam Cell"],"picked":"SKIP","floor":24.0},{"not_picked":["Doom and Gloom","Streamline","FTL"],"picked":"SKIP","floor":28.0},{"not_picked":["Lockon+1","Turbo","Hologram"],"picked":"SKIP","floor":29.0}],"player_experience":272292,"relics_obtained":[{"floor":6.0,"key":"Happy Flower"},{"floor":9.0,"key":"Tiny Chest"},{"floor":24.0,"key":"Strawberry"}],"event_choices":[{"damage_healed":0.0,"max_hp_gain":5.0,"max_hp_loss":0.0,"gold_gain":0.0,"event_name":"Big Fish","player_choice":"Donut","floor":3.0,"gold_loss":0.0,"damage_taken":0.0},{"damage_healed":19.0,"max_hp_gain":0.0,"max_hp_loss":0.0,"gold_gain":0.0,"event_name":"Mushrooms","player_choice":"Healed and dodged fight","floor":10.0,"gold_loss":0.0,"damage_taken":0.0,"cards_obtained":["Parasite"]},{"damage_healed":0.0,"max_hp_gain":0.0,"max_hp_loss":0.0,"gold_gain":0.0,"event_name":"Scrap Ooze","player_choice":"Success","floor":14.0,"gold_loss":0.0,"damage_taken":5.0,"relics_obtained":["Juzu Bracelet"]},{"damage_healed":0.0,"max_hp_gain":0.0,"max_hp_loss":0.0,"gold_gain":0.0,"event_name":"Masked Bandits","player_choice":"Paid Fearfully","floor":20.0,"gold_loss":24.0,"damage_taken":0.0}],"is_beta":false,"boss_relics":[{"not_picked":["Coffee Dripper","Tiny House"],"picked":"Cursed Key"}],"items_purged_floors":[19],"is_endless":false,"potions_floor_spawned":[1,2,4,5,6,11,13,16,18,22,24,28,29],"killed_by":"Champ","ascension_level":20}