{"gold_per_floor":[112,127,127,52,69,69,101,101,101,101,111,111,141,156,156,156],"floor_reached":16,"playtime":609,"items_purged":[],"score":187,"play_id":"4b09b0b7-3200-4b6c-9dc4-4067fb39c78a","local_time":"20190804173046","is_ascension_mode":true,"campfire_choices":[{"data":"Zap","floor":6,"key":"SMITH"},{"data":"Dualcast","floor":8,"key":"SMITH"},{"floor":10,"key":"REST"},{"data":"Defend_B","floor":15,"key":"SMITH"}],"neow_cost":"NONE","seed_source_timestamp":94546296032070,"circlet_count":0,"master_deck":["AscendersBane","Strike_B","Strike_B","Strike_B","Strike_B","Defend_B+1","Defend_B","Defend_B","Defend_B","Zap+1","Dualcast+1","Rip and Tear","Cold Snap","Self Repair+1","BootSequence","Genetic Algorithm","Core Surge","Capacitor+1"],"relics":["White Beast Statue","Frozen Egg 2","Anchor","Matryoshka","Meat on the Bone"],"potions_floor_usage":[7,13,13,16,16],"damage_taken":[{"damage":7,"enemies":"2 Louse","floor":1,"turns":4},{"damage":2,"enemies":"Jaw Worm","floor":2,"turns":3},{"damage":0,"enemies":"Small Slimes","floor":5,"turns":3},{"damage":39,"enemies":"Gremlin Nob","floor":7,"turns":6},{"damage":14,"enemies":"Exordium Thugs","floor":11,"turns":5},{"damage":7,"enemies":"Lagavulin","floor":13,"turns":7},{"damage":13,"enemies":"Blue Slaver","floor":14,"turns":4},{"damage":47,"enemies":"Hexaghost","floor":16,"turns":11}],"seed_played":"-8565885547170001866","potions_obtained":[{"floor":1,"key":"Regen Potion"},{"floor":2,"key":"SpeedPotion"},{"floor":5,"key":"AttackPotion"},{"floor":7,"key":"Block Potion"},{"floor":13,"key":"Dexterity Potion"},{"floor":14,"key":"FocusPotion"}],"is_trial":false,"path_per_floor":["M","M","?","$","M","R","E","R","T","R","M","?","E","M","R","B"],"character_chosen":"DEFECT","items_purchased":["Self Repair+1"],"campfire_rested":1,"item_purchase_floors":[4],"current_hp_per_floor":[57,55,43,43,53,53,24,24,24,45,41,41,59,56,56,9],"gold":156,"neow_bonus":"BOSS_RELIC","is_prod":false,"is_daily":false,"chose_seed":false,"campfire_upgraded":3,"win_rate":0,"timestamp":1564907446,"path_taken":["M","M","?","$","M","R","E","R","T","R","M","?","E","M","R","BOSS"],"build_version":"2019-07-17","purchased_purges":0,"victory":false,"max_hp_per_floor":[71,71,71,71,71,71,71,71,71,71,71,71,71,71,71,71],"card_choices":[{"not_picked":["Go for the Eyes","Turbo"],"picked":"Rip and Tear","floor":1},{"not_picked":["Conserve Battery","Barrage"],"picked":"Cold Snap","floor":2},{"not_picked":["Coolheaded","Go for the Eyes"],"picked":"BootSequence","floor":5},{"not_picked":["Scrape","Steam","Turbo"],"picked":"SKIP","floor":7},{"not_picked":["Barrage","Sweeping Beam"],"picked":"Genetic Algorithm","floor":11},{"not_picked":["Static Discharge+1","Ball Lightning"],"picked":"Core Surge","floor":13},{"not_picked":["Leap","Steam"],"picked":"Capacitor+1","floor":14}],"player_experience":227228,"relics_obtained":[{"floor":7,"key":"Anchor"},{"floor":9,"key":"Matryoshka"},{"floor":13,"key":"Meat on the Bone"}],"event_choices":[{"damage_healed":0,"gold_gain":0,"player_choice":"Success","damage_taken":12,"relics_obtained":["Frozen Egg 2"],"max_hp_gain":0,"max_hp_loss":0,"event_name":"Scrap Ooze","floor":3,"gold_loss":0},{"damage_healed":0,"gold_gain":0,"player_choice":"Ignored","damage_taken":0,"max_hp_gain":0,"max_hp_loss":0,"event_name":"Liars Game","floor":12,"gold_loss":0}],"is_beta":false,"boss_relics":[],"items_purged_floors":[],"is_endless":false,"potions_floor_spawned":[1,2,5,7,11,13,14],"killed_by":"Hexaghost","ascension_level":14}