{"gold_per_floor":[118,133,149,175,194,194,228,107,107,124,156,156,216,33,33,136,136,147,66,66,84,96,96,96,124,124,124,154,168,182,210,210,309,309,329,329,137,102,114,114,144,179,226,226,237,237,237,87,87,87],"floor_reached":51,"playtime":2525,"items_purged":["Strike_B","Strike_B","Strike_B","Injury"],"score":1201,"play_id":"c1857a66-fc1d-415b-b8ae-86cd44d45d35","local_time":"20190714183134","is_ascension_mode":true,"campfire_choices":[{"data":"Go for the Eyes","floor":6,"key":"SMITH"},{"data":"Zap","floor":12,"key":"SMITH"},{"data":"Bandage Up","floor":15,"key":"SMITH"},{"data":"Genetic Algorithm","floor":23,"key":"SMITH"},{"data":"Glacier","floor":27,"key":"SMITH"},{"data":"Leap","floor":32,"key":"SMITH"},{"data":"Buffer","floor":40,"key":"SMITH"},{"floor":44,"key":"REST"},{"floor":47,"key":"REST"},{"floor":49,"key":"REST"}],"neow_cost":"","seed_source_timestamp":271640014524000,"circlet_count":0,"master_deck":["Strike_B+1","Defend_B","Defend_B","Defend_B","Defend_B","Zap+1","Dualcast","Go for the Eyes+1","Sunder+1","Ball Lightning+1","Sweeping Beam+1","Leap+1","Streamline+1","Ball Lightning+1","Cold Snap+1","Cold Snap+1","Bandage Up+1","Hyperbeam+1","Genetic Algorithm+1","Writhe","Conserve Battery+1","Glacier+1","Thunder Strike+1","Skim+1","Beam Cell+1","Core Surge+1","Dramatic Entrance+1","Buffer+1","Lockon+1","Self Repair","Double Energy+1","Parasite"],"relics":["Cracked Core","Torii","Molten Egg 2","DataDisk","Pantograph","StoneCalendar","Ice Cream","Ornamental Fan","Cursed Key","Gambling Chip","Mango","WingedGreaves","Anchor","Bronze Scales","Inserter","Question Card","Juzu Bracelet","Whetstone"],"potions_floor_usage":[10,25,28,31,41,50],"damage_taken":[{"damage":0,"enemies":"Cultist","floor":1,"turns":3},{"damage":0,"enemies":"Small Slimes","floor":2,"turns":1},{"damage":1,"enemies":"Jaw Worm","floor":3,"turns":2},{"damage":1,"enemies":"Exordium Thugs","floor":5,"turns":3},{"damage":8,"enemies":"Gremlin Nob","floor":7,"turns":3},{"damage":0,"enemies":"Looter","floor":10,"turns":1},{"damage":9,"enemies":"3 Sentries","floor":11,"turns":4},{"damage":14,"enemies":"Lagavulin Event","floor":13,"turns":4},{"damage":24,"enemies":"The Guardian","floor":16,"turns":7},{"damage":0,"enemies":"Spheric Guardian","floor":18,"turns":2},{"damage":12,"enemies":"2 Thieves","floor":21,"turns":3},{"damage":9,"enemies":"Snake Plant","floor":22,"turns":3},{"damage":10,"enemies":"Gremlin Leader","floor":25,"turns":4},{"damage":8,"enemies":"Slavers","floor":28,"turns":4},{"damage":0,"enemies":"Cultist and Chosen","floor":29,"turns":5},{"damage":0,"enemies":"Chosen and Byrds","floor":30,"turns":4},{"damage":13,"enemies":"Book of Stabbing","floor":31,"turns":5},{"damage":45,"enemies":"Automaton","floor":33,"turns":9},{"damage":8,"enemies":"3 Darklings","floor":35,"turns":5},{"damage":1,"enemies":"3 Shapes","floor":39,"turns":2},{"damage":20,"enemies":"Reptomancer","floor":41,"turns":6},{"damage":37,"enemies":"Giant Head","floor":42,"turns":10},{"damage":28,"enemies":"Writhing Mass","floor":45,"turns":4},{"damage":66,"enemies":"Time Eater","floor":50,"turns":11}],"seed_played":"-2179725934077179842","potions_obtained":[{"floor":3,"key":"AttackPotion"},{"floor":7,"key":"Explosive Potion"},{"floor":11,"key":"Swift Potion"},{"floor":13,"key":"FocusPotion"},{"floor":39,"key":"AttackPotion"},{"floor":41,"key":"PowerPotion"},{"floor":45,"key":"SmokeBomb"}],"is_trial":false,"path_per_floor":["M","M","M","T","M","R","E","$","T","M","E","R","?","$","R","B",null,"M","$","?","M","M","R","?","E","T","R","E","M","M","E","R","B",null,"M","?","$","$","M","R","E","E","T","R","M","?","R","$","R","B",null],"character_chosen":"DEFECT","items_purchased":["Molten Egg 2","Sunder+1","Ball Lightning+1","Bandage Up","Genetic Algorithm","Lockon+1","Self Repair"],"campfire_rested":3,"item_purchase_floors":[0,0,8,14,19,37,38],"current_hp_per_floor":[59,59,58,58,57,57,49,49,49,49,40,40,26,26,26,33,65,71,71,71,65,62,62,62,72,72,72,64,70,76,69,69,44,78,76,76,76,76,82,82,75,51,51,77,49,49,74,74,85,32],"gold":87,"neow_bonus":"","is_prod":false,"is_daily":false,"chose_seed":false,"campfire_upgraded":7,"win_rate":0,"timestamp":1563147094,"path_taken":["M","?","M","?","M","R","E","$","T","M","E","R","?","?","R","BOSS","M","$","?","M","M","R","?","E","T","R","E","M","?","E","R","BOSS","M","?","?","$","?","R","E","E","T","R","M","?","R","$","R","BOSS"],"build_version":"2019-07-05","purchased_purges":4,"victory":true,"max_hp_per_floor":[75,75,75,75,75,75,75,75,75,75,75,75,75,75,75,75,75,75,75,75,75,75,75,75,89,89,89,89,89,89,89,89,89,89,89,89,89,89,89,89,89,89,89,89,89,85,85,85,85,85],"card_choices":[{"not_picked":["Barrage+1","Coolheaded"],"picked":"Ball Lightning+1","floor":1},{"not_picked":["Gash+1","Barrage+1"],"picked":"Sweeping Beam+1","floor":2},{"not_picked":["White Noise","Rebound+1"],"picked":"Leap","floor":3},{"not_picked":["Coolheaded","Hologram"],"picked":"Streamline+1","floor":5},{"not_picked":["Conserve Battery","Rebound+1","Streamline+1"],"picked":"SKIP","floor":7},{"not_picked":["Go for the Eyes+1","Sunder+1"],"picked":"Cold Snap+1","floor":10},{"not_picked":["Recycle","Barrage+1"],"picked":"Cold Snap+1","floor":11},{"not_picked":["Core Surge+1","Multi-Cast"],"picked":"Hyperbeam+1","floor":16},{"not_picked":["Go for the Eyes+1","FTL+1","Conserve Battery"],"picked":"SKIP","floor":18},{"not_picked":["Hologram","Streamline+1","Rip and Tear+1"],"picked":"SKIP","floor":21},{"not_picked":["Go for the Eyes+1","Compile Driver+1"],"picked":"Conserve Battery+1","floor":22},{"not_picked":["Skim","Cold Snap+1","Steam Power"],"picked":"SKIP","floor":25},{"not_picked":["Redo","Steam"],"picked":"Thunder Strike+1","floor":28},{"not_picked":["Turbo","Hologram"],"picked":"Skim+1","floor":29},{"not_picked":["Undo","Coolheaded","Turbo"],"picked":"SKIP","floor":30},{"not_picked":["Self Repair","Gash+1"],"picked":"Beam Cell+1","floor":31},{"not_picked":["Fission","Biased Cognition"],"picked":"Core Surge+1","floor":33},{"not_picked":["Skim","Beam Cell+1","Rebound+1"],"picked":"SKIP","floor":35},{"not_picked":["Beam Cell+1","Redo+1","Skim"],"picked":"SKIP","floor":39},{"not_picked":["Rebound+1","Fission","Darkness+1"],"picked":"SKIP","floor":41},{"not_picked":["Self Repair","Steam+1","Machine Learning"],"picked":"Double Energy+1","floor":42},{"not_picked":["Conserve Battery+1","Auto Shields+1","Barrage+1","Coolheaded+1"],"picked":"SKIP","floor":45}],"player_experience":412438,"relics_obtained":[{"floor":4,"key":"DataDisk"},{"floor":7,"key":"Pantograph"},{"floor":9,"key":"StoneCalendar"},{"floor":11,"key":"Ice Cream"},{"floor":13,"key":"Ornamental Fan"},{"floor":25,"key":"Mango"},{"floor":26,"key":"WingedGreaves"},{"floor":28,"key":"Anchor"},{"floor":31,"key":"Bronze Scales"},{"floor":41,"key":"Question Card"},{"floor":42,"key":"Juzu Bracelet"},{"floor":43,"key":"Whetstone"}],"event_choices":[{"damage_healed":0,"gold_gain":0,"player_choice":"Searched \u00271\u0027 times","damage_taken":0,"max_hp_gain":0,"max_hp_loss":0,"event_name":"Dead Adventurer","floor":13,"gold_loss":0},{"damage_healed":0,"gold_gain":0,"player_choice":"Opened","damage_taken":0,"relics_obtained":["Gambling Chip"],"max_hp_gain":0,"max_hp_loss":0,"event_name":"The Mausoleum","floor":20,"gold_loss":0,"cards_obtained":["Writhe"]},{"damage_healed":0,"gold_gain":0,"player_choice":"Read","damage_taken":0,"max_hp_gain":0,"max_hp_loss":0,"event_name":"The Library","floor":24,"gold_loss":0,"cards_obtained":["Glacier"]},{"damage_healed":0,"gold_gain":0,"player_choice":"2 cards matched","damage_taken":0,"max_hp_gain":0,"max_hp_loss":0,"event_name":"Match and Keep!","floor":36,"gold_loss":0,"cards_obtained":["Dramatic Entrance","Buffer"]},{"damage_healed":0,"gold_gain":0,"player_choice":"Max HP","damage_taken":0,"max_hp_gain":0,"max_hp_loss":4,"event_name":"Winding Halls","floor":46,"gold_loss":0}],"is_beta":false,"boss_relics":[{"not_picked":["Pandora\u0027s Box","Calling Bell"],"picked":"Cursed Key"},{"not_picked":["Philosopher\u0027s Stone","White Beast Statue"],"picked":"Inserter"}],"items_purged_floors":[8,14,37,48],"is_endless":false,"potions_floor_spawned":[3,7,11,13,18,21,39,41,45],"ascension_level":5}