{"gold_per_floor":[113,113,131,131,7,7,25,25,25,25,66,66,89,128,128,128],"floor_reached":16,"playtime":2709,"items_purged":["Strike_R"],"score":108,"play_id":"79175a0d-2937-46bc-925c-d6044ba9b36c","local_time":"20190709163955","is_ascension_mode":false,"campfire_choices":[{"data":"Bash","floor":6,"key":"SMITH"},{"data":"Body Slam","floor":10,"key":"SMITH"},{"floor":15,"key":"REST"}],"neow_cost":"NONE","seed_source_timestamp":58769631093299,"circlet_count":0,"master_deck":["Strike_R","Strike_R","Defend_R","Defend_R","Defend_R","Defend_R","Bash+1","Twin Strike","Headbutt","Body Slam+1","Whirlwind","Rampage","Iron Wave"],"relics":["Burning Blood","Golden Idol","Bird Faced Urn","Mummified Hand","Matryoshka","PreservedInsect"],"potions_floor_usage":[16,16,16],"damage_taken":[{"damage":9,"enemies":"Jaw Worm","floor":1,"turns":7},{"damage":2,"enemies":"2 Louse","floor":3,"turns":3},{"damage":4,"enemies":"Small Slimes","floor":7,"turns":4},{"damage":21,"enemies":"3 Sentries","floor":11,"turns":8},{"damage":6,"enemies":"Gremlin Gang","floor":13,"turns":5},{"damage":26,"enemies":"Lagavulin","floor":14,"turns":8},{"damage":39,"enemies":"The Guardian","floor":16,"turns":8}],"seed_played":"-6915399437829562865","potions_obtained":[{"floor":1,"key":"SkillPotion"},{"floor":11,"key":"LiquidBronze"},{"floor":14,"key":"AttackPotion"}],"is_trial":false,"path_per_floor":["M","?","M","?","$","R","M","?","T","R","E","?","M","E","R","B"],"character_chosen":"IRONCLAD","items_purchased":["Body Slam"],"campfire_rested":1,"item_purchase_floors":[5],"current_hp_per_floor":[77,74,74,49,49,49,51,51,51,51,36,36,36,16,38,0],"gold":128,"neow_bonus":"REMOVE_CARD","is_prod":false,"is_daily":false,"chose_seed":false,"campfire_upgraded":2,"win_rate":0.0,"timestamp":1562704795,"path_taken":["M","?","M","?","$","R","M","?","T","R","E","?","?","E","R","BOSS"],"build_version":"2019-07-05","purchased_purges":1,"victory":false,"max_hp_per_floor":[80,74,74,74,74,74,74,74,74,74,74,74,74,74,74,74],"card_choices":[{"not_picked":["Rage","Clash"],"picked":"Twin Strike","floor":1},{"not_picked":["Armaments","Warcry"],"picked":"Headbutt","floor":3},{"not_picked":["Sword Boomerang","Shrug It Off"],"picked":"Whirlwind","floor":7},{"not_picked":["Corruption","Armaments"],"picked":"Rampage","floor":11},{"not_picked":["Burning Pact","True Grit"],"picked":"Iron Wave","floor":13},{"not_picked":["Clothesline","Combust","Armaments"],"picked":"SKIP","floor":14}],"player_experience":24373,"relics_obtained":[{"floor":9,"key":"Mummified Hand"},{"floor":11,"key":"Matryoshka"},{"floor":14,"key":"PreservedInsect"}],"event_choices":[{"damage_healed":0,"gold_gain":0,"player_choice":"Lose Max HP","damage_taken":0,"relics_obtained":["Golden Idol"],"max_hp_gain":0,"max_hp_loss":6,"event_name":"Golden Idol","floor":2,"gold_loss":0},{"damage_healed":0,"gold_gain":0,"player_choice":"Success","damage_taken":25,"relics_obtained":["Bird Faced Urn"],"max_hp_gain":0,"max_hp_loss":0,"event_name":"Scrap Ooze","floor":4,"gold_loss":0},{"damage_healed":0,"gold_gain":0,"player_choice":"Ignored","damage_taken":0,"max_hp_gain":0,"max_hp_loss":0,"event_name":"Liars Game","floor":8,"gold_loss":0},{"cards_removed":["Strike_R"],"damage_healed":0,"gold_gain":0,"player_choice":"Offered Basic","damage_taken":0,"max_hp_gain":0,"max_hp_loss":0,"event_name":"Bonfire Elementals","floor":12,"gold_loss":0}],"is_beta":false,"boss_relics":[],"items_purged_floors":[5],"is_endless":false,"potions_floor_spawned":[1,11,14],"killed_by":"The Guardian","ascension_level":0}