{"gold_per_floor":[115,65,65,65,84,117,128,157,157,187,255,255],"floor_reached":12,"playtime":528,"items_purged":[],"score":172,"play_id":"e55f9e11-496a-4fdc-874e-a652cf1eb191","local_time":"20190731140028","is_ascension_mode":true,"campfire_choices":[],"neow_cost":"NONE","seed_source_timestamp":124504003736073,"circlet_count":0,"master_deck":["Strike_B","Strike_B","Strike_B","Strike_B","Defend_B","Defend_B","Defend_B+1","Zap+1","Dualcast","Capacitor","Chill","Melter","Biased Cognition","Defragment","Self Repair"],"relics":["Cracked Core","NeowsBlessing","SsserpentHead","Girya","Gambling Chip","Dead Branch","WingedGreaves"],"potions_floor_usage":[7,10,11],"damage_taken":[{"damage":0,"enemies":"2 Louse","floor":1,"turns":1},{"damage":0,"enemies":"Small Slimes","floor":5,"turns":1},{"damage":0,"enemies":"Lagavulin","floor":6,"turns":1},{"damage":4,"enemies":"Cultist","floor":7,"turns":2},{"damage":36,"enemies":"Gremlin Nob","floor":8,"turns":5},{"damage":2,"enemies":"3 Sentries","floor":10,"turns":5},{"damage":3,"enemies":"3 Louse","floor":11,"turns":3},{"damage":18,"enemies":"Gremlin Nob","floor":12,"turns":2}],"seed_played":"788812607095352043","potions_obtained":[{"floor":1,"key":"LiquidBronze"},{"floor":6,"key":"Explosive Potion"},{"floor":8,"key":"Fire Potion"}],"is_trial":false,"path_per_floor":["M","?","?","?","M","E","M","E","T","E","M","E"],"character_chosen":"DEFECT","items_purchased":[],"campfire_rested":0,"item_purchase_floors":[],"current_hp_per_floor":[68,68,53,53,53,53,49,13,13,11,8,0],"gold":255,"neow_bonus":"THREE_ENEMY_KILL","is_prod":false,"is_daily":false,"chose_seed":false,"campfire_upgraded":0,"win_rate":0,"timestamp":1564549228,"path_taken":["M","?","?","?","M","E","M","E","T","E","?","E"],"build_version":"2019-07-17","purchased_purges":0,"victory":false,"max_hp_per_floor":[75,75,75,75,75,75,75,75,75,75,75,75],"card_choices":[{"not_picked":["Skim","Leap"],"picked":"Capacitor","floor":1},{"not_picked":["Turbo","Force Field"],"picked":"Chill","floor":5},{"not_picked":["Rip and Tear","Compile Driver"],"picked":"Melter","floor":6},{"not_picked":["Rebound","Gash","Go for the Eyes"],"picked":"SKIP","floor":7},{"not_picked":["Force Field","Compile Driver"],"picked":"Biased Cognition","floor":8},{"not_picked":["Leap","Sweeping Beam"],"picked":"Defragment","floor":10},{"not_picked":["Sunder","Stack"],"picked":"Self Repair","floor":11}],"player_experience":163519,"relics_obtained":[{"floor":6,"key":"Girya"},{"floor":8,"key":"Gambling Chip"},{"floor":9,"key":"Dead Branch"},{"floor":10,"key":"WingedGreaves"}],"event_choices":[{"cards_removed":["Defend_B"],"damage_healed":0,"gold_gain":0,"player_choice":"Card Removal","damage_taken":0,"max_hp_gain":0,"max_hp_loss":0,"event_name":"The Cleric","floor":2,"gold_loss":50},{"damage_healed":0,"gold_gain":0,"player_choice":"Entered Light","damage_taken":15,"max_hp_gain":0,"max_hp_loss":0,"event_name":"Shining Light","floor":3,"gold_loss":0,"cards_upgraded":["Zap","Defend_B"]},{"damage_healed":0,"gold_gain":0,"player_choice":"Trade","damage_taken":0,"relics_obtained":["SsserpentHead"],"max_hp_gain":0,"max_hp_loss":0,"event_name":"FaceTrader","floor":4,"gold_loss":0}],"is_beta":false,"boss_relics":[],"items_purged_floors":[],"is_endless":false,"potions_floor_spawned":[1,6,8],"killed_by":"Gremlin Nob","ascension_level":8}