{"gold_per_floor":[112,37,50,65,85,85,110,128,176,188,233,245,257,284,296,382,394,416,428,455,467,490,502,514],"floor_reached":24,"playtime":935,"items_purged":[],"score":416,"play_id":"970b2e25-211c-402d-b3f3-b2585ca6299d","local_time":"20190807001946","is_ascension_mode":true,"campfire_choices":[{"data":"Zap","floor":6,"key":"SMITH"},{"floor":10,"key":"REST"},{"floor":13,"key":"REST"},{"data":"Sunder","floor":15,"key":"SMITH"},{"floor":23,"key":"REST"}],"neow_cost":"NONE","seed_source_timestamp":54125002688003,"circlet_count":0,"master_deck":["AscendersBane","Strike_B","Strike_B","Strike_B","Strike_B","Defend_B","Defend_B","Defend_B","Zap+1","Dualcast","BootSequence","Rip and Tear","Gash","Gash","Coolheaded","Reinforced Body","Sunder+1","Biased Cognition","Necronomicurse","Capacitor"],"relics":["Runic Dome","Blue Candle","MawBank","Singing Bowl","Snecko Eye","Necronomicon"],"potions_floor_usage":[11,16,16,18],"damage_taken":[{"damage":0,"enemies":"Cultist","floor":1,"turns":3},{"damage":9,"enemies":"2 Louse","floor":3,"turns":3},{"damage":7,"enemies":"Small Slimes","floor":4,"turns":4},{"damage":1,"enemies":"Looter","floor":5,"turns":2},{"damage":15,"enemies":"Lagavulin","floor":7,"turns":7},{"damage":8,"enemies":"Large Slime","floor":8,"turns":6},{"damage":35,"enemies":"Gremlin Nob","floor":11,"turns":4},{"damage":6,"enemies":"3 Louse","floor":14,"turns":4},{"damage":17,"enemies":"The Guardian","floor":16,"turns":12},{"damage":28,"enemies":"3 Byrds","floor":18,"turns":6},{"damage":0,"enemies":"Chosen","floor":20,"turns":4},{"damage":20,"enemies":"Sentry and Sphere","floor":22,"turns":6},{"damage":33,"enemies":"Book of Stabbing","floor":24,"turns":4}],"seed_played":"-3817680813804906131","potions_obtained":[{"floor":4,"key":"Fire Potion"},{"floor":7,"key":"SpeedPotion"},{"floor":11,"key":"GamblersBrew"},{"floor":14,"key":"FocusPotion"},{"floor":16,"key":"LiquidBronze"}],"is_trial":false,"path_per_floor":["M","?","M","M","M","R","E","M","T","R","E","?","R","M","R","B",null,"M","?","M","?","M","R","E"],"character_chosen":"DEFECT","items_purchased":[],"campfire_rested":3,"item_purchase_floors":[],"current_hp_per_floor":[64,64,55,48,47,47,32,24,24,45,12,12,33,27,27,10,57,31,10,12,27,7,30,0],"gold":514,"neow_bonus":"BOSS_RELIC","is_prod":false,"is_daily":false,"chose_seed":false,"campfire_upgraded":2,"win_rate":0,"timestamp":1565104786,"path_taken":["M","?","M","M","M","R","E","M","T","R","E","?","R","M","R","BOSS","M","?","M","?","M","R","E"],"build_version":"2019-07-17","purchased_purges":0,"victory":false,"max_hp_per_floor":[71,71,71,71,71,71,71,71,71,71,73,73,73,73,73,73,73,75,75,77,77,77,77,77],"card_choices":[{"not_picked":["Beam Cell","Scrape"],"picked":"BootSequence","floor":1},{"not_picked":["Double Energy","Redo"],"picked":"Rip and Tear","floor":3},{"not_picked":["Ball Lightning","Reprogram"],"picked":"Gash","floor":4},{"not_picked":["Barrage","Coolheaded"],"picked":"Gash","floor":5},{"not_picked":["Melter","Turbo"],"picked":"Coolheaded","floor":7},{"not_picked":["Hologram","Redo"],"picked":"Reinforced Body","floor":8},{"not_picked":["Reprogram","Streamline","Leap"],"picked":"Singing Bowl","floor":11},{"not_picked":["Storm","Go for the Eyes"],"picked":"Sunder","floor":14},{"not_picked":["Hyperbeam","Meteor Strike"],"picked":"Biased Cognition","floor":16},{"not_picked":["Leap","Heatsinks","Go for the Eyes"],"picked":"Singing Bowl","floor":18},{"not_picked":["Cold Snap","Stack","Hologram"],"picked":"Singing Bowl","floor":20},{"not_picked":["Auto Shields","Hologram"],"picked":"Capacitor","floor":22}],"player_experience":271357,"relics_obtained":[{"floor":7,"key":"Blue Candle"},{"floor":9,"key":"MawBank"},{"floor":11,"key":"Singing Bowl"},{"floor":19,"key":"Necronomicon"}],"event_choices":[{"cards_removed":["Defend_B"],"damage_healed":0,"gold_gain":0,"player_choice":"Card Removal","damage_taken":0,"max_hp_gain":0,"max_hp_loss":0,"event_name":"The Cleric","floor":2,"gold_loss":75},{"damage_healed":0,"gold_gain":0,"player_choice":"Ignored","damage_taken":0,"max_hp_gain":0,"max_hp_loss":0,"event_name":"Shining Light","floor":12,"gold_loss":0},{"damage_healed":0,"gold_gain":0,"player_choice":"Obtained Book","damage_taken":21,"max_hp_gain":0,"max_hp_loss":0,"event_name":"Cursed Tome","floor":19,"gold_loss":0},{"damage_healed":15,"gold_gain":0,"player_choice":"Heal","damage_taken":0,"max_hp_gain":0,"max_hp_loss":0,"event_name":"The Library","floor":21,"gold_loss":0}],"is_beta":false,"boss_relics":[{"not_picked":["Nuclear Battery","Black Star"],"picked":"Snecko Eye"}],"items_purged_floors":[],"is_endless":false,"potions_floor_spawned":[4,7,11,14,16],"killed_by":"Book of Stabbing","ascension_level":20}