{"gold_per_floor":[118,131,16,16,16,16,49,49,49,84,84,95,153,186,186,290,290,300,300,300,96,107,107,134,134,134,134,144,162,162,196,196,297,347,362,362,437,449,449,449],"floor_reached":40,"playtime":1993,"items_purged":["Strike_B","Loop"],"score":486,"play_id":"1daf3d0d-9546-48a6-8ae8-70f5bc10e09c","local_time":"20190628220840","is_ascension_mode":true,"campfire_choices":[{"data":"Zap","floor":6,"key":"SMITH"},{"data":"Dualcast","floor":8,"key":"SMITH"},{"floor":11,"key":"RECALL"},{"data":"Gash","floor":15,"key":"SMITH"},{"data":"Force Field","floor":23,"key":"SMITH"},{"data":"Electrodynamics","floor":25,"key":"SMITH"},{"data":"Self Repair","floor":27,"key":"SMITH"},{"data":"Defend_B","floor":32,"key":"SMITH"}],"neow_cost":"NONE","seed_source_timestamp":2837468757794,"circlet_count":0,"master_deck":["Strike_B+1","Strike_B+1","Strike_B+1","Defend_B+1","Zap+1","Dualcast+1","Leap","Sweeping Beam","Melter+1","Gash+1","Self Repair+1","Electrodynamics+1","Self Repair+1","Capacitor+1","Gash+1","Leap","FTL","Force Field+1","Thunder Strike","Loop+1","Ball Lightning","Biased Cognition","Lockon+1"],"relics":["Cracked Core","NeowsBlessing","Whetstone","Dream Catcher","Vajra","Letter Opener","Cursed Key","Smiling Mask","Molten Egg 2","Tiny House"],"potions_floor_usage":[13,24,33,33,40,40],"damage_taken":[{"damage":0,"enemies":"Jaw Worm","floor":1,"turns":1},{"damage":0,"enemies":"Small Slimes","floor":2,"turns":1},{"damage":0,"enemies":"Lagavulin","floor":7,"turns":1},{"damage":4,"enemies":"3 Sentries","floor":10,"turns":5},{"damage":0,"enemies":"2 Louse","floor":12,"turns":1},{"damage":10,"enemies":"Gremlin Nob","floor":13,"turns":3},{"damage":11,"enemies":"Lagavulin","floor":14,"turns":5},{"damage":1,"enemies":"Slime Boss","floor":16,"turns":8},{"damage":0,"enemies":"Chosen","floor":18,"turns":3},{"damage":22,"enemies":"Shell Parasite","floor":22,"turns":4},{"damage":29,"enemies":"Book of Stabbing","floor":24,"turns":5},{"damage":36,"enemies":"Snake Plant","floor":28,"turns":4},{"damage":0,"enemies":"Sentry and Sphere","floor":29,"turns":2},{"damage":9,"enemies":"Gremlin Leader","floor":31,"turns":5},{"damage":34,"enemies":"Automaton","floor":33,"turns":6},{"damage":15,"enemies":"Orb Walker","floor":35,"turns":3},{"damage":36,"enemies":"3 Darklings","floor":38,"turns":5},{"damage":57,"enemies":"Reptomancer","floor":40,"turns":4}],"seed_played":"-4105956991818824951","potions_obtained":[{"floor":2,"key":"Block Potion"},{"floor":12,"key":"Poison Potion"},{"floor":13,"key":"Dexterity Potion"},{"floor":18,"key":"Weak Potion"},{"floor":24,"key":"Swift Potion"},{"floor":28,"key":"SteroidPotion"},{"floor":31,"key":"FocusPotion"},{"floor":34,"key":"Energy Potion"},{"floor":38,"key":"PowerPotion"}],"is_trial":false,"path_per_floor":["M","M","$","?","?","R","E","R","T","E","R","M","?","E","R","B",null,"M","?","?","$","M","R","E","R","T","R","M","M","?","E","R","B",null,"M","?","?","M","?","E"],"character_chosen":"DEFECT","items_purchased":["Melter","Leap","FTL"],"campfire_rested":0,"item_purchase_floors":[3,21,21],"current_hp_per_floor":[75,75,75,60,60,60,60,60,60,56,56,56,46,35,35,41,75,75,75,75,75,70,70,58,58,58,58,42,62,48,59,59,25,85,80,80,72,56,56,0],"gold":449,"neow_bonus":"THREE_ENEMY_KILL","is_prod":false,"is_daily":false,"chose_seed":false,"campfire_upgraded":7,"win_rate":0,"timestamp":1561727320,"path_taken":["M","M","$","?","?","R","E","R","T","E","R","M","?","E","R","BOSS","M","?","?","$","?","R","E","R","T","R","M","M","?","E","R","BOSS","M","?","?","?","?","E"],"build_version":"2019-01-23","purchased_purges":2,"victory":false,"max_hp_per_floor":[75,75,75,75,75,75,75,75,75,75,75,75,75,75,75,75,75,75,75,75,75,75,75,75,75,75,75,75,75,80,80,80,80,85,85,85,85,85,81,81],"card_choices":[{"not_picked":["Recycle","Barrage"],"picked":"Leap","floor":1},{"not_picked":["Skim","Turbo"],"picked":"Sweeping Beam","floor":2},{"not_picked":["Sweeping Beam","Leap","Redo"],"picked":"SKIP","floor":7},{"not_picked":["Compile Driver","Loop","Chill"],"picked":"SKIP","floor":10},{"not_picked":["FTL","Hologram"],"picked":"Gash","floor":12},{"not_picked":["Reboot","Reprogram"],"picked":"Self Repair","floor":14},{"not_picked":["Seek","Core Surge"],"picked":"Electrodynamics","floor":16},{"not_picked":["Reprogram","Reinforced Body"],"picked":"Self Repair+1","floor":18},{"not_picked":["Gash","Compile Driver"],"picked":"Force Field","floor":22},{"not_picked":["Gash","Storm"],"picked":"Thunder Strike","floor":24},{"not_picked":["Storm","Sweeping Beam"],"picked":"Loop+1","floor":28},{"not_picked":["Steam Power","Coolheaded"],"picked":"Ball Lightning","floor":29},{"not_picked":["Sweeping Beam","Chill","Capacitor"],"picked":"SKIP","floor":31},{"not_picked":["Multi-Cast","Reboot"],"picked":"Biased Cognition","floor":33},{"not_picked":["Cold Snap+1","Tempest"],"picked":"Lockon+1","floor":34},{"not_picked":["Hologram+1","Chill+1","Darkness"],"picked":"SKIP","floor":35},{"not_picked":["Steam Power+1","Coolheaded+1","Self Repair"],"picked":"SKIP","floor":38}],"player_experience":53876,"relics_obtained":[{"floor":7,"key":"Whetstone"},{"floor":10,"key":"Dream Catcher"},{"floor":13,"key":"Vajra"},{"floor":14,"key":"Letter Opener"},{"floor":24,"key":"Smiling Mask"},{"floor":31,"key":"Molten Egg 2"}],"event_choices":[{"damage_healed":0,"gold_gain":0,"player_choice":"Entered Light","damage_taken":15,"max_hp_gain":0,"max_hp_loss":0,"event_name":"Shining Light","floor":4,"gold_loss":0,"cards_upgraded":["Strike_B","Melter"]},{"cards_removed":["Defend_B"],"damage_healed":0,"gold_gain":0,"player_choice":"Forget","damage_taken":0,"max_hp_gain":0,"max_hp_loss":0,"event_name":"Living Wall","floor":5,"gold_loss":0},{"damage_healed":0,"gold_gain":0,"player_choice":"Searched \u00271\u0027 times","damage_taken":0,"max_hp_gain":0,"max_hp_loss":0,"event_name":"Dead Adventurer","floor":13,"gold_loss":0},{"damage_healed":0,"gold_gain":0,"cards_transformed":["Defend_B","Defend_B"],"player_choice":"Became Test Subject","damage_taken":0,"max_hp_gain":0,"max_hp_loss":0,"event_name":"Drug Dealer","floor":19,"gold_loss":0,"cards_obtained":["Loop","Capacitor"]},{"damage_healed":0,"gold_gain":0,"player_choice":"Copied","damage_taken":0,"max_hp_gain":0,"max_hp_loss":0,"event_name":"Duplicator","floor":20,"gold_loss":0,"cards_obtained":["Gash"]},{"damage_healed":0,"gold_gain":0,"player_choice":"Shed Blood","damage_taken":19,"max_hp_gain":5,"max_hp_loss":0,"event_name":"Forgotten Altar","floor":30,"gold_loss":0},{"damage_healed":0,"gold_gain":0,"player_choice":"Ignored","damage_taken":0,"max_hp_gain":0,"max_hp_loss":0,"event_name":"Tomb of Lord Red Mask","floor":36,"gold_loss":0},{"damage_healed":0,"gold_gain":75,"player_choice":"Touch","damage_taken":8,"max_hp_gain":0,"max_hp_loss":0,"event_name":"FaceTrader","floor":37,"gold_loss":0},{"damage_healed":0,"gold_gain":0,"player_choice":"Max HP","damage_taken":0,"max_hp_gain":0,"max_hp_loss":4,"event_name":"Winding Halls","floor":39,"gold_loss":0}],"is_beta":false,"boss_relics":[{"not_picked":["Calling Bell","Coffee Dripper"],"picked":"Cursed Key"},{"not_picked":["Busted Crown","Snecko Eye"],"picked":"Tiny House"}],"items_purged_floors":[3,21],"is_endless":false,"potions_floor_spawned":[2,12,13,18,24,28,31,38],"killed_by":"Reptomancer","ascension_level":1}