{"gold_per_floor":[211,230,24,36,68,93,63,112,138,150,150,180,180,238,238,238],"floor_reached":16,"playtime":446,"items_purged":[],"score":260,"play_id":"c4e4c36f-58e2-4e98-a038-fa51bedf4867","local_time":"20190706160245","is_ascension_mode":true,"campfire_choices":[{"floor":15,"key":"REST"}],"neow_cost":"NONE","seed_source_timestamp":7713675643115,"circlet_count":0,"master_deck":["AscendersBane","Strike_B","Strike_B","Strike_B","Strike_B","Defend_B","Defend_B","Defend_B","Defend_B","Zap","Dualcast","Steam","Compile Driver","HandOfGreed+1","Echo Form+1","Cold Snap","Darkness","Defragment"],"special_seed":0,"relics":["Cracked Core","Mercury Hourglass","Potion Belt","Omamori","Bag of Marbles","Art of War"],"potions_floor_usage":[8,8,16],"damage_taken":[{"damage":5.0,"enemies":"Small Slimes","floor":1.0,"turns":3.0},{"damage":1.0,"enemies":"Cultist","floor":2.0,"turns":4.0},{"damage":0.0,"enemies":"Jaw Worm","floor":4.0,"turns":3.0},{"damage":5.0,"enemies":"Blue Slaver","floor":5.0,"turns":3.0},{"damage":19.0,"enemies":"Lagavulin","floor":6.0,"turns":5.0},{"damage":16,"enemies":"3 Sentries","floor":8,"turns":6},{"damage":1,"enemies":"Large Slime","floor":10,"turns":4},{"damage":8,"enemies":"Lagavulin","floor":12,"turns":6},{"damage":13,"enemies":"3 Sentries","floor":14,"turns":6},{"damage":33,"enemies":"Slime Boss","floor":16,"turns":3}],"seed_played":"-2437690721153630069","potions_obtained":[{"floor":2.0,"key":"Fruit Juice"},{"floor":4.0,"key":"Fire Potion"},{"floor":5.0,"key":"FocusPotion"},{"floor":7,"key":"Swift Potion"},{"floor":7,"key":"EssenceOfSteel"},{"floor":14,"key":"Poison Potion"}],"is_trial":false,"path_per_floor":["M","M","$","M","M","E","?","E","T","M","?","E","?","E","R","B"],"character_chosen":"DEFECT","items_purchased":["HandOfGreed"],"campfire_rested":1,"item_purchase_floors":[3],"current_hp_per_floor":[59,63,63,63,58,39,39,23,23,22,47,39,16,3,25,0],"gold":238,"neow_bonus":"HUNDRED_GOLD","is_prod":false,"is_daily":false,"chose_seed":false,"campfire_upgraded":0,"win_rate":0,"timestamp":1562421765,"path_taken":["M","M","$","M","M","E","?","E","T","?","?","E","?","E","R","BOSS"],"build_version":"2019-07-03","purchased_purges":0,"victory":false,"max_hp_per_floor":[71,76,76,76,76,76,76,76,76,76,76,76,76,76,76,76],"card_choices":[{"not_picked":["Stack","Reprogram"],"picked":"Steam","floor":1.0},{"not_picked":["Go for the Eyes","Chaos"],"picked":"Compile Driver","floor":2.0},{"not_picked":["Recycle","Sunder","Stack"],"picked":"SKIP","floor":4.0},{"not_picked":["Consume","White Noise","Gash"],"picked":"SKIP","floor":5.0},{"not_picked":["Beam Cell","Multi-Cast"],"picked":"Echo Form","floor":6.0},{"not_picked":["Steam","Darkness"],"picked":"Cold Snap","floor":8},{"not_picked":["Recycle","Heatsinks"],"picked":"Darkness","floor":10},{"not_picked":["Scrape","Aggregate","Barrage"],"picked":"SKIP","floor":12},{"not_picked":["Compile Driver","Turbo"],"picked":"Defragment","floor":14}],"player_experience":1818211,"relics_obtained":[{"floor":6.0,"key":"Mercury Hourglass"},{"floor":8,"key":"Potion Belt"},{"floor":9,"key":"Omamori"},{"floor":12,"key":"Bag of Marbles"},{"floor":14,"key":"Art of War"}],"event_choices":[{"damage_healed":0,"gold_gain":0,"player_choice":"Bought 2 Potions","damage_taken":0,"max_hp_gain":0,"max_hp_loss":0,"event_name":"The Woman in Blue","floor":7,"gold_loss":0},{"damage_healed":25,"gold_gain":0,"player_choice":"Banana","damage_taken":0,"max_hp_gain":0,"max_hp_loss":0,"event_name":"Big Fish","floor":11,"gold_loss":0},{"damage_healed":0,"gold_gain":0,"player_choice":"Entered Light","damage_taken":23,"max_hp_gain":0,"max_hp_loss":0,"event_name":"Shining Light","floor":13,"gold_loss":0,"cards_upgraded":["HandOfGreed","Echo Form"]}],"is_beta":true,"boss_relics":[],"items_purged_floors":[],"is_endless":false,"potions_floor_spawned":[2,4,5,14],"killed_by":"Slime Boss","ascension_level":20}