{"gold_per_floor":[116,93,193,212,223,223,239,274,274,284,284,284,284,299,299,422,422,422,422,422,422,422,422,422,347,347,347,143,143,143,143,143,143,143,143,143,143,74,74,74,74,74,74,74,74,74,74,74,74,74],"floor_reached":51,"playtime":2072,"items_purged":["Strike_B"],"score":1308,"play_id":"ef2cec08-fc6d-4af3-9829-a571826b5790","local_time":"20190806132935","is_ascension_mode":true,"campfire_choices":[{"data":"Zap","floor":6,"key":"SMITH"},{"floor":12,"key":"REST"},{"data":"Go for the Eyes","floor":15,"key":"SMITH"},{"data":"Buffer","floor":23,"key":"SMITH"},{"data":"Static Discharge","floor":27,"key":"SMITH"},{"data":"Biased Cognition","floor":32,"key":"SMITH"},{"data":"Lockon","floor":40,"key":"SMITH"},{"data":"Dualcast","floor":42,"key":"SMITH"},{"data":"Defragment","floor":47,"key":"SMITH"},{"data":"Ball Lightning","floor":49,"key":"SMITH"}],"neow_cost":"","seed_source_timestamp":245907025159000,"circlet_count":0,"master_deck":["Strike_B","Defend_B","Defend_B","Defend_B","Defend_B","Zap+1","Dualcast+1","Lockon+1","Cold Snap","Rebound","Glacier","Sunder","Ball Lightning+1","Leap","Self Repair+1","Go for the Eyes+1","Buffer+1","Static Discharge+1","Go for the Eyes+1","Sweeping Beam+1","Biased Cognition+1","Thunder Strike+1","Melter+1","Defragment+1","FTL+1"],"relics":["Cracked Core","PreservedInsect","Mercury Hourglass","Dodecahedron","Golden Idol","Ectoplasm","Symbiotic Virus","Molten Egg 2","Juzu Bracelet","Oddly Smooth Stone","Nloth\u0027s Gift","Bottled Lightning","Eternal Feather","Spirit Poop","Bronze Scales","Regal Pillow","Gremlin Horn"],"potions_floor_usage":[18,24,33,33,35,50],"damage_taken":[{"damage":1,"enemies":"Cultist","floor":1,"turns":3},{"damage":8,"enemies":"Small Slimes","floor":4,"turns":3},{"damage":7,"enemies":"Jaw Worm","floor":5,"turns":3},{"damage":12,"enemies":"Lots of Slimes","floor":7,"turns":4},{"damage":6,"enemies":"Gremlin Nob","floor":8,"turns":3},{"damage":0,"enemies":"Large Slime","floor":10,"turns":5},{"damage":4,"enemies":"Looter","floor":14,"turns":3},{"damage":28,"enemies":"The Guardian","floor":16,"turns":12},{"damage":11,"enemies":"Spheric Guardian","floor":18,"turns":5},{"damage":10,"enemies":"Shell Parasite","floor":19,"turns":5},{"damage":22,"enemies":"Snake Plant","floor":22,"turns":3},{"damage":0,"enemies":"Book of Stabbing","floor":24,"turns":4},{"damage":0,"enemies":"Cultist and Chosen","floor":29,"turns":5},{"damage":17,"enemies":"Gremlin Leader","floor":31,"turns":4},{"damage":41,"enemies":"Automaton","floor":33,"turns":11},{"damage":11,"enemies":"3 Darklings","floor":35,"turns":3},{"damage":18,"enemies":"Reptomancer","floor":41,"turns":3},{"damage":4,"enemies":"Nemesis","floor":44,"turns":7},{"damage":0,"enemies":"Orb Walker","floor":48,"turns":2},{"damage":69,"enemies":"Time Eater","floor":50,"turns":9}],"seed_played":"3311787263401737119","potions_obtained":[{"floor":14,"key":"Poison Potion"},{"floor":16,"key":"AttackPotion"},{"floor":18,"key":"FairyPotion"},{"floor":19,"key":"Swift Potion"},{"floor":29,"key":"Regen Potion"},{"floor":33,"key":"SmokeBomb"},{"floor":41,"key":"LiquidBronze"}],"is_trial":false,"path_per_floor":["M","$","?","M","M","R","M","E","T","M","?","R","?","M","R","B",null,"M","M","T","?","M","R","E","?","T","R","$","M","?","E","R","B",null,"M","$","?","$","?","R","E","R","T","E","$","?","R","M","R","B",null],"character_chosen":"DEFECT","items_purchased":["PreservedInsect","Lockon","Rebound","Oddly Smooth Stone","Sweeping Beam+1","Melter+1"],"campfire_rested":1,"item_purchase_floors":[0,0,2,28,28,38],"current_hp_per_floor":[51,51,51,43,36,36,24,18,18,18,18,40,40,46,46,28,63,62,62,62,55,43,43,53,53,53,53,53,63,63,56,56,40,66,65,65,65,65,65,75,57,69,69,75,75,75,75,75,75,16],"gold":74,"neow_bonus":"","is_prod":false,"is_daily":false,"chose_seed":false,"campfire_upgraded":9,"win_rate":0,"timestamp":1565116175,"path_taken":["M","$","?","M","M","R","?","E","T","?","?","R","?","?","R","BOSS","M","M","?","?","?","R","E","?","T","R","$","M","?","E","R","BOSS","M","?","?","$","?","R","E","R","T","E","$","?","R","M","R","BOSS"],"build_version":"2019-07-17","purchased_purges":1,"victory":true,"max_hp_per_floor":[75,75,75,75,75,75,75,75,75,75,75,75,75,75,75,75,75,75,75,75,75,75,75,75,75,75,75,75,75,75,75,75,75,75,75,75,75,75,75,75,75,75,75,75,75,75,75,75,75,75],"card_choices":[{"not_picked":["Beam Cell","Reprogram"],"picked":"Cold Snap","floor":1},{"not_picked":["Aggregate","Redo"],"picked":"Glacier","floor":4},{"not_picked":["Loop","Gash"],"picked":"Sunder","floor":5},{"not_picked":["Storm","Barrage"],"picked":"Ball Lightning","floor":7},{"not_picked":["Sweeping Beam","Scrape"],"picked":"Leap","floor":8},{"not_picked":["Reboot","Fusion"],"picked":"Self Repair","floor":10},{"not_picked":["Self Repair","Reprogram"],"picked":"Go for the Eyes","floor":14},{"not_picked":["Meteor Strike","Core Surge"],"picked":"Buffer","floor":16},{"not_picked":["Barrage","Coolheaded+1","Compile Driver"],"picked":"SKIP","floor":18},{"not_picked":["Leap","Darkness"],"picked":"Static Discharge","floor":19},{"not_picked":["Coolheaded","Buffer"],"picked":"Go for the Eyes+1","floor":22},{"not_picked":["Storm","Conserve Battery+1","Tempest"],"picked":"SKIP","floor":24},{"not_picked":["Force Field","Leap","Go for the Eyes+1"],"picked":"SKIP","floor":29},{"not_picked":["Thunder Strike+1","Lockon+1"],"picked":"Biased Cognition","floor":31},{"not_picked":["All For One+1","Multi-Cast"],"picked":"Thunder Strike+1","floor":33},{"not_picked":["Amplify","Leap","Sweeping Beam+1"],"picked":"SKIP","floor":41},{"not_picked":["Hyperbeam+1","White Noise+1"],"picked":"Defragment","floor":44},{"not_picked":["Loop","Doom and Gloom+1","Lockon+1"],"picked":"SKIP","floor":48}],"player_experience":470818,"relics_obtained":[{"floor":8,"key":"Mercury Hourglass"},{"floor":9,"key":"Dodecahedron"},{"floor":20,"key":"Symbiotic Virus"},{"floor":24,"key":"Molten Egg 2"},{"floor":26,"key":"Juzu Bracelet"},{"floor":31,"key":"Bottled Lightning"},{"floor":41,"key":"Bronze Scales"},{"floor":43,"key":"Regal Pillow"},{"floor":44,"key":"Gremlin Horn"}],"event_choices":[{"damage_healed":0,"gold_gain":100,"player_choice":"Pray","damage_taken":0,"max_hp_gain":0,"max_hp_loss":0,"event_name":"Golden Shrine","floor":3,"gold_loss":0},{"damage_healed":0,"gold_gain":0,"player_choice":"Take Wound","damage_taken":0,"relics_obtained":["Golden Idol"],"max_hp_gain":0,"max_hp_loss":0,"event_name":"Golden Idol","floor":11,"gold_loss":0,"cards_obtained":["Injury"]},{"damage_healed":0,"gold_gain":0,"player_choice":"Forge","damage_taken":0,"max_hp_gain":0,"max_hp_loss":0,"event_name":"Accursed Blacksmith","floor":13,"gold_loss":0,"cards_upgraded":["Self Repair"]},{"damage_healed":0,"gold_gain":0,"player_choice":"Damaged","damage_taken":7,"max_hp_gain":0,"max_hp_loss":0,"event_name":"Wheel of Change","floor":21,"gold_loss":0},{"cards_removed":["Strike_B"],"damage_healed":0,"gold_gain":0,"player_choice":"Gave Gold","damage_taken":0,"max_hp_gain":0,"max_hp_loss":0,"event_name":"Beggar","floor":25,"gold_loss":75},{"damage_healed":0,"gold_gain":0,"player_choice":"Traded Relic","damage_taken":0,"relics_obtained":["Nloth\u0027s Gift"],"max_hp_gain":0,"max_hp_loss":0,"event_name":"N\u0027loth","floor":30,"relics_lost":["Dead Branch"],"gold_loss":0},{"cards_removed":["Injury"],"damage_healed":0,"gold_gain":0,"player_choice":"Offered Curse","damage_taken":0,"relics_obtained":["Spirit Poop"],"max_hp_gain":0,"max_hp_loss":0,"event_name":"Bonfire Elementals","floor":37,"gold_loss":0},{"damage_healed":0,"gold_gain":0,"player_choice":"Ignored","damage_taken":0,"max_hp_gain":0,"max_hp_loss":0,"event_name":"Mysterious Sphere","floor":39,"gold_loss":0},{"damage_healed":0,"gold_gain":0,"cards_transformed":["Strike_B"],"player_choice":"Transformed","damage_taken":0,"max_hp_gain":0,"max_hp_loss":0,"event_name":"Transmorgrifier","floor":46,"gold_loss":0,"cards_obtained":["FTL"]}],"is_beta":false,"boss_relics":[{"not_picked":["Busted Crown","Black Star"],"picked":"Ectoplasm"},{"not_picked":["Pandora\u0027s Box","Astrolabe"],"picked":"Eternal Feather"}],"items_purged_floors":[0],"is_endless":false,"potions_floor_spawned":[14,16,18,19,29,33,35,41],"ascension_level":7}