{"gold_per_floor":[214,214,214,225,243,243,168,184,184,259,259,285,300,320,320,398,398,414,414,464,20,40,40,71,71,71,71,85,10,65,76,76,153,153,168,185,185,59,76,110,110,137,137,137,149,169,204,217,217,217,217],"floor_reached":52,"playtime":2104,"items_purged":["Strike_B"],"score":1914,"play_id":"4a7fa838-6074-47cf-b9fa-e34aa9ebc55e","local_time":"20190718225020","is_ascension_mode":true,"campfire_choices":[{"data":"Zap","floor":6.0,"key":"SMITH"},{"floor":11.0,"key":"REST"},{"data":"Go for the Eyes","floor":15.0,"key":"SMITH"},{"data":"Self Repair","floor":23,"key":"SMITH"},{"data":"Ghostly","floor":25,"key":"SMITH"},{"data":"Ghostly","floor":27,"key":"SMITH"},{"data":"Ghostly","floor":32,"key":"SMITH"},{"data":"Coolheaded","floor":41,"key":"SMITH"},{"data":"Seek","floor":49,"key":"SMITH"}],"neow_cost":"NONE","seed_source_timestamp":27190088862063,"circlet_count":0,"master_deck":["AscendersBane","Defend_B","Defend_B","Defend_B","Defend_B","Zap+1","Ball Lightning","Compile Driver","FTL","Core Surge","All For One","Go for the Eyes+1","Gash","Echo Form","Self Repair+1","Ghostly+1","Ghostly+1","Ghostly+1","Cold Snap","Sweeping Beam+1","Biased Cognition+1","Coolheaded+1","Defragment+1","Core Surge","Compile Driver+1","Biased Cognition+1","Seek+1"],"special_seed":0,"relics":["Cracked Core","Gremlin Horn","The Courier","Sozu","Lee\u0027s Waffle","Bottled Tornado","Frozen Egg 2","PreservedInsect","Tiny Chest","Runic Pyramid","Lantern","Pen Nib","Pantograph","Singing Bowl","Question Card"],"potions_floor_usage":[24],"damage_taken":[{"damage":7.0,"enemies":"Jaw Worm","floor":1.0,"turns":4.0},{"damage":0.0,"enemies":"2 Louse","floor":4.0,"turns":2.0},{"damage":0.0,"enemies":"Cultist","floor":5.0,"turns":3.0},{"damage":2.0,"enemies":"Looter","floor":8.0,"turns":3.0},{"damage":10.0,"enemies":"3 Sentries","floor":12.0,"turns":4.0},{"damage":3.0,"enemies":"Blue Slaver","floor":13.0,"turns":2.0},{"damage":13.0,"enemies":"Large Slime","floor":14.0,"turns":4.0},{"damage":31.0,"enemies":"The Guardian","floor":16.0,"turns":11.0},{"damage":6.0,"enemies":"Spheric Guardian","floor":18.0,"turns":3.0},{"damage":20,"enemies":"3 Byrds","floor":22,"turns":6},{"damage":1,"enemies":"Book of Stabbing","floor":24,"turns":7},{"damage":1,"enemies":"3 Cultists","floor":28,"turns":5},{"damage":30,"enemies":"Slavers","floor":30,"turns":7},{"damage":3,"enemies":"Centurion and Healer","floor":31,"turns":6},{"damage":23,"enemies":"Automaton","floor":33,"turns":10},{"damage":1,"enemies":"3 Shapes","floor":35,"turns":4},{"damage":9,"enemies":"Orb Walker","floor":36,"turns":4},{"damage":9,"enemies":"Writhing Mass","floor":39,"turns":7},{"damage":3,"enemies":"Nemesis","floor":40,"turns":5},{"damage":10,"enemies":"Giant Head","floor":42,"turns":8},{"damage":0,"enemies":"Sphere and 2 Shapes","floor":45,"turns":8},{"damage":2,"enemies":"3 Darklings","floor":46,"turns":5},{"damage":13,"enemies":"Reptomancer","floor":47,"turns":5},{"damage":9,"enemies":"4 Shapes","floor":48,"turns":5},{"damage":9,"enemies":"Time Eater","floor":50,"turns":24},{"damage":24,"enemies":"Donu and Deca","floor":51,"turns":9}],"seed_played":"4974271266776931656","potions_obtained":[{"floor":5.0,"key":"Explosive Potion"},{"floor":12.0,"key":"Swift Potion"},{"floor":16.0,"key":"Block Potion"}],"is_trial":false,"path_per_floor":["M","?","?","M","M","R","?","M","T","?","R","E","M","M","R","B",null,"M","?","?","$","M","R","E","R","T","R","M","?","E","M","R","B",null,"M","M","?","$","M","E","R","E","T","?","M","M","E","M","R","B","B",null],"character_chosen":"DEFECT","items_purchased":["Lee\u0027s Waffle","Bottled Tornado","Lantern"],"campfire_rested":1,"item_purchase_floors":[21,21,38],"current_hp_per_floor":[57,50,50,50,50,50,50,48,48,37,58,48,45,32,32,1,54,48,35,32,42,22,22,41,41,41,41,42,42,32,42,42,29,39,42,42,42,42,42,39,39,42,42,42,44,44,46,48,48,48,34],"gold":217,"neow_bonus":"HUNDRED_GOLD","is_prod":false,"is_daily":false,"chose_seed":false,"campfire_upgraded":8,"win_rate":0,"timestamp":1563483020,"path_taken":["M","?","?","M","?","R","?","M","T","?","R","E","M","M","R","BOSS","M","?","?","$","?","R","E","R","T","R","M","?","E","M","R","BOSS","M","M","?","$","M","E","R","E","T","?","M","M","E","M","R","BOSS","BOSS"],"build_version":"2019-07-10","purchased_purges":1,"victory":true,"max_hp_per_floor":[71,71,71,71,71,71,71,71,71,71,71,71,71,71,71,71,71,71,35,35,42,42,42,42,42,42,42,42,42,42,42,42,42,42,42,42,42,42,42,42,42,42,42,42,44,46,46,48,48,48,48],"card_choices":[{"not_picked":["Sweeping Beam","Fusion"],"picked":"Ball Lightning","floor":1.0},{"not_picked":["Beam Cell","Rebound"],"picked":"Compile Driver","floor":4.0},{"not_picked":["Blizzard","Stack"],"picked":"FTL","floor":5.0},{"not_picked":["Lockon","Steam"],"picked":"Core Surge","floor":8.0},{"not_picked":["Recycle","Self Repair"],"picked":"All For One","floor":12.0},{"not_picked":["Rebound","Lockon"],"picked":"Go for the Eyes","floor":13.0},{"not_picked":["Consume","Storm"],"picked":"Gash","floor":14.0},{"not_picked":["Meteor Strike","Creative AI"],"picked":"Echo Form","floor":16.0},{"not_picked":["Rebound","Hologram"],"picked":"Self Repair","floor":18.0},{"not_picked":["Steam","Redo","Capacitor"],"picked":"SKIP","floor":22},{"not_picked":["Storm","Sunder"],"picked":"Cold Snap","floor":24},{"not_picked":["Double Energy","White Noise","Rebound"],"picked":"SKIP","floor":28},{"not_picked":["Leap","FTL","Thunder Strike"],"picked":"SKIP","floor":30},{"not_picked":["Redo","Steam Power"],"picked":"Sweeping Beam+1","floor":31},{"not_picked":["Amplify","Creative AI+1"],"picked":"Biased Cognition+1","floor":33},{"not_picked":["Undo","Leap"],"picked":"Coolheaded","floor":35},{"not_picked":["Sweeping Beam","Leap+1","Sunder"],"picked":"SKIP","floor":36},{"not_picked":["Scrape","Cold Snap"],"picked":"Defragment+1","floor":39},{"not_picked":["Steam+1","Melter"],"picked":"Core Surge","floor":40},{"not_picked":["Rainbow","Rebound"],"picked":"Compile Driver+1","floor":42},{"not_picked":["Go for the Eyes","Sweeping Beam","Aggregate"],"picked":"Singing Bowl","floor":45},{"not_picked":["Barrage","Leap","Cold Snap"],"picked":"Singing Bowl","floor":46},{"not_picked":["Self Repair+1","Beam Cell"],"picked":"Seek","floor":47},{"not_picked":["Heatsinks+1","Genetic Algorithm","Ball Lightning","Redo"],"picked":"Singing Bowl","floor":48}],"player_experience":1892979,"relics_obtained":[{"floor":9.0,"key":"Gremlin Horn"},{"floor":12.0,"key":"The Courier"},{"floor":24,"key":"Frozen Egg 2"},{"floor":26,"key":"PreservedInsect"},{"floor":30,"key":"Tiny Chest"},{"floor":40,"key":"Pen Nib"},{"floor":42,"key":"Pantograph"},{"floor":43,"key":"Singing Bowl"},{"floor":47,"key":"Question Card"}],"event_choices":[{"cards_removed":["Strike_B"],"damage_healed":0.0,"max_hp_gain":0.0,"max_hp_loss":0.0,"gold_gain":0.0,"event_name":"Golden Wing","player_choice":"Card Removal","floor":2.0,"gold_loss":0.0,"damage_taken":7.0},{"cards_removed":["Strike_B"],"damage_healed":0.0,"max_hp_gain":0.0,"max_hp_loss":0.0,"gold_gain":0.0,"event_name":"Bonfire Elementals","player_choice":"Offered Basic","floor":3.0,"gold_loss":0.0,"damage_taken":0.0},{"cards_removed":["Strike_B"],"damage_healed":0.0,"max_hp_gain":0.0,"max_hp_loss":0.0,"gold_gain":0.0,"event_name":"The Cleric","player_choice":"Card Removal","floor":7.0,"gold_loss":75.0,"damage_taken":0.0},{"damage_healed":0.0,"max_hp_gain":0.0,"max_hp_loss":0.0,"gold_gain":75.0,"event_name":"World of Goop","player_choice":"Gather Gold","floor":10.0,"gold_loss":0.0,"damage_taken":11.0},{"damage_healed":0.0,"max_hp_gain":0.0,"max_hp_loss":36.0,"gold_gain":0.0,"event_name":"Ghosts","player_choice":"Became a Ghost","floor":19.0,"gold_loss":0.0,"damage_taken":0.0,"cards_obtained":["Ghostly","Ghostly","Ghostly"]},{"damage_healed":0.0,"max_hp_gain":0.0,"max_hp_loss":0.0,"gold_gain":50.0,"event_name":"FaceTrader","player_choice":"Touch","floor":20.0,"gold_loss":0.0,"damage_taken":3.0},{"cards_removed":["Dualcast"],"damage_healed":0,"gold_gain":0,"player_choice":"Gave Gold","damage_taken":0,"max_hp_gain":0,"max_hp_loss":0,"event_name":"Beggar","floor":29,"gold_loss":75},{"damage_healed":0,"gold_gain":0,"player_choice":"Memory 1","damage_taken":0,"max_hp_gain":0,"max_hp_loss":0,"event_name":"SensoryStone","floor":37,"gold_loss":0},{"damage_healed":0,"gold_gain":0,"player_choice":"Copied","damage_taken":0,"max_hp_gain":0,"max_hp_loss":0,"event_name":"Duplicator","floor":44,"gold_loss":0,"cards_obtained":["Biased Cognition"]}],"is_beta":true,"boss_relics":[{"not_picked":["Coffee Dripper","Runic Dome"],"picked":"Sozu"},{"not_picked":["Lizard Tail","Philosopher\u0027s Stone"],"picked":"Runic Pyramid"}],"items_purged_floors":[21],"is_endless":false,"potions_floor_spawned":[5,12,16,28,30,33,36,40,46],"ascension_level":20}