{"gold_per_floor":[111,111,124,138,158,158,172,172,172,186,220,238,238,270,270,344,344,360,360,285,301,301,301,301],"floor_reached":24,"playtime":641,"items_purged":[],"score":364,"play_id":"1c82f6ce-e199-4260-b626-fd9f650791c3","local_time":"20190718190348","is_ascension_mode":true,"campfire_choices":[{"data":"Zap","floor":6,"key":"SMITH"},{"data":"Chill","floor":8,"key":"SMITH"},{"floor":15,"key":"REST"},{"data":"Sunder","floor":23,"key":"SMITH"}],"neow_cost":"NONE","seed_source_timestamp":15086758042488,"circlet_count":0,"master_deck":["AscendersBane","Defend_B+1","Defend_B","Defend_B","Defend_B","Zap+1","Dualcast","Ball Lightning","Conserve Battery+1","FTL","Genetic Algorithm","Chill+1","Compile Driver","Sunder+1","Hyperbeam","Rebound+1"],"relics":["Cracked Core","NeowsBlessing","Letter Opener","War Paint","Pocketwatch","Velvet Choker"],"potions_floor_usage":[11,14],"damage_taken":[{"damage":0,"enemies":"Jaw Worm","floor":1,"turns":1},{"damage":0,"enemies":"Cultist","floor":3,"turns":1},{"damage":0,"enemies":"2 Louse","floor":4,"turns":1},{"damage":1,"enemies":"Looter","floor":5,"turns":3},{"damage":17,"enemies":"2 Fungi Beasts","floor":7,"turns":4},{"damage":6,"enemies":"Large Slime","floor":10,"turns":6},{"damage":6,"enemies":"Lagavulin","floor":11,"turns":6},{"damage":0,"enemies":"Gremlin Gang","floor":12,"turns":3},{"damage":26,"enemies":"Gremlin Nob","floor":14,"turns":5},{"damage":2,"enemies":"Slime Boss","floor":16,"turns":8},{"damage":0,"enemies":"Chosen","floor":18,"turns":4},{"damage":0,"enemies":"Spheric Guardian","floor":21,"turns":3},{"damage":40,"enemies":"Book of Stabbing","floor":24,"turns":4}],"seed_played":"7068591167507192920","potions_obtained":[{"floor":1,"key":"Ancient Potion"},{"floor":5,"key":"EssenceOfSteel"},{"floor":11,"key":"Block Potion"}],"is_trial":false,"path_per_floor":["M","?","M","M","M","R","M","R","T","M","E","M","?","E","R","B",null,"M","?","?","M","?","R","E"],"character_chosen":"DEFECT","items_purchased":[],"campfire_rested":1,"item_purchase_floors":[],"current_hp_per_floor":[64,64,64,64,63,63,46,46,46,40,34,34,27,1,22,20,58,58,58,58,58,38,38,0],"gold":301,"neow_bonus":"THREE_ENEMY_KILL","is_prod":false,"is_daily":false,"chose_seed":false,"campfire_upgraded":3,"win_rate":0,"timestamp":1563469428,"path_taken":["M","?","M","?","M","R","M","R","T","M","E","M","?","E","R","BOSS","M","?","?","M","?","R","E"],"build_version":"2019-07-10","purchased_purges":0,"victory":false,"max_hp_per_floor":[71,71,71,71,71,71,71,71,71,71,71,71,71,71,71,71,71,71,71,71,71,76,76,76],"card_choices":[{"not_picked":["Recycle","Compile Driver"],"picked":"Ball Lightning","floor":1},{"not_picked":["Coolheaded","Redo"],"picked":"Conserve Battery","floor":3},{"not_picked":["Rebound","Go for the Eyes"],"picked":"FTL","floor":4},{"not_picked":["Turbo","Defragment"],"picked":"Genetic Algorithm","floor":5},{"not_picked":["Beam Cell","Undo"],"picked":"Chill","floor":7},{"not_picked":["Coolheaded","Redo"],"picked":"Compile Driver","floor":10},{"not_picked":["Conserve Battery","Leap"],"picked":"Sunder","floor":11},{"not_picked":["Force Field","Machine Learning","Rebound"],"picked":"SKIP","floor":12},{"not_picked":["Leap","Heatsinks","Steam Power"],"picked":"SKIP","floor":14},{"not_picked":["Thunder Strike","Buffer"],"picked":"Hyperbeam","floor":16},{"not_picked":["Redo","Heatsinks","Cold Snap"],"picked":"SKIP","floor":18},{"not_picked":["Redo","Turbo","Rebound+1"],"picked":"SKIP","floor":21},{"not_picked":["Redo","Turbo"],"picked":"Rebound+1","floor":21}],"player_experience":1892338,"relics_obtained":[{"floor":9,"key":"Letter Opener"},{"floor":11,"key":"War Paint"},{"floor":14,"key":"Pocketwatch"}],"event_choices":[{"cards_removed":["Strike_B"],"damage_healed":0,"gold_gain":0,"player_choice":"Card Removal","damage_taken":0,"max_hp_gain":0,"max_hp_loss":0,"event_name":"Wheel of Change","floor":2,"gold_loss":0},{"cards_removed":["Strike_B"],"damage_healed":0,"gold_gain":0,"player_choice":"Card Removal","damage_taken":7,"max_hp_gain":0,"max_hp_loss":0,"event_name":"Golden Wing","floor":13,"gold_loss":0},{"cards_removed":["Strike_B"],"damage_healed":0,"gold_gain":0,"player_choice":"Elegance","damage_taken":0,"max_hp_gain":0,"max_hp_loss":0,"event_name":"Back to Basics","floor":19,"gold_loss":0},{"cards_removed":["Strike_B"],"damage_healed":0,"gold_gain":0,"player_choice":"Gave Gold","damage_taken":0,"max_hp_gain":0,"max_hp_loss":0,"event_name":"Beggar","floor":20,"gold_loss":75},{"damage_healed":0,"gold_gain":0,"player_choice":"Shed Blood","damage_taken":25,"max_hp_gain":5,"max_hp_loss":0,"event_name":"Forgotten Altar","floor":22,"gold_loss":0}],"is_beta":true,"boss_relics":[{"not_picked":["Inserter","Astrolabe"],"picked":"Velvet Choker"}],"items_purged_floors":[],"is_endless":false,"potions_floor_spawned":[1,5,11,12],"killed_by":"Book of Stabbing","ascension_level":15}