{"gold_per_floor":[109,47,61,77,77,77,77,110,134,134],"floor_reached":10,"playtime":257,"items_purged":[],"score":92,"play_id":"8cc8cbc1-dd18-4392-b637-0b193b7d67a5","local_time":"20190731140455","is_ascension_mode":true,"campfire_choices":[{"data":"Barrage","floor":6,"key":"SMITH"}],"neow_cost":"NONE","seed_source_timestamp":125042411988035,"circlet_count":0,"master_deck":["Strike_B","Strike_B","Strike_B","Strike_B","Defend_B","Defend_B","Defend_B","Defend_B","Zap","Dualcast","Capacitor","Barrage+1"],"relics":["Cracked Core","NeowsBlessing","Boot","Omamori","Art of War","Vajra"],"potions_floor_usage":[],"damage_taken":[{"damage":0,"enemies":"Small Slimes","floor":1,"turns":1},{"damage":0,"enemies":"Cultist","floor":3,"turns":1},{"damage":0,"enemies":"2 Louse","floor":4,"turns":1},{"damage":45,"enemies":"3 Sentries","floor":8,"turns":11},{"damage":0,"enemies":"Exordium Thugs","floor":10,"turns":1}],"seed_played":"1159441665105882096","potions_obtained":[],"is_trial":false,"path_per_floor":["M","?","M","M","?","R","?","E","T","M"],"character_chosen":"DEFECT","items_purchased":[],"campfire_rested":0,"item_purchase_floors":[],"current_hp_per_floor":[68,68,68,68,50,50,50,5,5,5],"gold":134,"neow_bonus":"THREE_ENEMY_KILL","is_prod":false,"is_daily":false,"chose_seed":false,"campfire_upgraded":1,"win_rate":0,"timestamp":1564549495,"path_taken":["M","?","M","?","?","R","?","E","T","?"],"build_version":"2019-07-17","purchased_purges":0,"victory":false,"max_hp_per_floor":[75,75,75,75,75,75,75,75,75,75],"card_choices":[{"not_picked":["Compile Driver","Sweeping Beam"],"picked":"Capacitor","floor":1},{"not_picked":["Stack","Reboot"],"picked":"Barrage","floor":3},{"not_picked":["Beam Cell","Turbo","Barrage"],"picked":"SKIP","floor":4},{"not_picked":["Genetic Algorithm","Steam","Stack"],"picked":"SKIP","floor":8}],"player_experience":164047,"relics_obtained":[{"floor":8,"key":"Art of War"},{"floor":9,"key":"Vajra"}],"event_choices":[{"damage_healed":0,"gold_gain":0,"player_choice":"Paid Gold","damage_taken":0,"relics_obtained":["Boot"],"max_hp_gain":0,"max_hp_loss":0,"event_name":"WeMeetAgain","floor":2,"gold_loss":62},{"damage_healed":0,"gold_gain":0,"player_choice":"Success","damage_taken":18,"relics_obtained":["Omamori"],"max_hp_gain":0,"max_hp_loss":0,"event_name":"Scrap Ooze","floor":5,"gold_loss":0},{"damage_healed":0,"gold_gain":0,"player_choice":"Bought 0 Potions","damage_taken":0,"max_hp_gain":0,"max_hp_loss":0,"event_name":"The Woman in Blue","floor":7,"gold_loss":0}],"is_beta":false,"boss_relics":[],"items_purged_floors":[],"is_endless":false,"potions_floor_spawned":[],"killed_by":"Exordium Thugs","ascension_level":8}