{"gold_per_floor":[115,125,143,143,153,153,218,229,275,5,5,84,98,114,114,218,218,230,213,213,229,229,229],"floor_reached":23,"playtime":1590,"items_purged":["Strike_G"],"score":195,"play_id":"020aa607-2769-4c10-bfcc-d93cb802273c","local_time":"20190302165615","is_ascension_mode":false,"campfire_choices":[{"data":"Finisher","floor":6,"key":"SMITH"},{"floor":11,"key":"REST"},{"data":"Finisher","floor":15,"key":"SMITH"}],"neow_cost":"NONE","seed_source_timestamp":134756402188198,"circlet_count":0,"master_deck":["Defend_G","Defend_G","Defend_G","Defend_G","Defend_G","Strike_G","Strike_G","Survivor","Neutralize","Choke","Finisher+1","Deflect","Quick Slash","Finisher+1","Flying Knee","Sucker Punch","Noxious Fumes","Dagger Throw","Bullet Time","Decay","Normality","Doubt","Outmaneuver+1","Night Terror","Writhe"],"relics":["Ring of the Snake","Tiny Chest","Bronze Scales","Toolbox","Blue Candle","Calling Bell","Orichalcum","Ornamental Fan","Gambling Chip","Ninja Scroll"],"potions_floor_usage":[18,18],"damage_taken":[{"damage":0,"enemies":"Cultist","floor":1,"turns":4},{"damage":0,"enemies":"Jaw Worm","floor":2,"turns":3},{"damage":0,"enemies":"Small Slimes","floor":3,"turns":2},{"damage":3,"enemies":"3 Louse","floor":5,"turns":5},{"damage":32,"enemies":"Lagavulin","floor":7,"turns":7},{"damage":10,"enemies":"Lots of Slimes","floor":8,"turns":4},{"damage":11,"enemies":"Exordium Wildlife","floor":13,"turns":3},{"damage":1,"enemies":"2 Fungi Beasts","floor":14,"turns":3},{"damage":35,"enemies":"Slime Boss","floor":16,"turns":7},{"damage":0,"enemies":"Chosen","floor":18,"turns":3},{"damage":2,"enemies":"2 Thieves","floor":19,"turns":4},{"damage":29,"enemies":"Snecko","floor":21,"turns":6},{"damage":47,"enemies":"Book of Stabbing","floor":23,"turns":5}],"seed_played":"2512193480059358898","potions_obtained":[{"floor":1,"key":"Dexterity Potion"},{"floor":5,"key":"SkillPotion"},{"floor":7,"key":"SkillPotion"},{"floor":21,"key":"SkillPotion"}],"is_trial":false,"path_per_floor":["M","M","M","?","M","R","E","M","T","$","R","T","M","M","R","B",null,"M","M","?","M","?","E"],"character_chosen":"THE_SILENT","items_purchased":["Toolbox"],"campfire_rested":1,"item_purchase_floors":[10],"current_hp_per_floor":[70,70,70,75,72,72,40,30,30,30,52,52,41,40,40,5,75,75,73,73,44,44,0],"gold":229,"neow_bonus":"TRANSFORM_CARD","is_prod":false,"is_daily":false,"chose_seed":false,"campfire_upgraded":2,"win_rate":0.0,"timestamp":1551574575,"path_taken":["M","?","M","?","M","R","E","M","T","$","R","?","?","M","R","BOSS","M","M","?","?","?","E"],"build_version":"2019-01-23","purchased_purges":1,"victory":false,"max_hp_per_floor":[70,70,70,75,75,75,75,75,75,75,75,75,75,75,75,75,75,75,75,75,75,75,75],"card_choices":[{"not_picked":["Underhanded Strike","Dodge and Roll"],"picked":"Finisher","floor":1},{"not_picked":["Backflip","Predator"],"picked":"Deflect","floor":2},{"not_picked":["Tactician","Outmaneuver"],"picked":"Quick Slash","floor":3},{"not_picked":["Deflect","Predator"],"picked":"Finisher","floor":5},{"not_picked":["Glass Knife","Wraith Form v2"],"picked":"Flying Knee","floor":7},{"not_picked":["Acrobatics","Poisoned Stab"],"picked":"Sucker Punch","floor":8},{"not_picked":["Calculated Gamble","Flying Knee"],"picked":"Noxious Fumes","floor":13},{"not_picked":["Deflect","Outmaneuver"],"picked":"Dagger Throw","floor":14},{"not_picked":["A Thousand Cuts","Tools of the Trade"],"picked":"Bullet Time","floor":16},{"not_picked":["Deflect+1","Caltrops+1"],"picked":"Outmaneuver+1","floor":18},{"not_picked":["Dagger Spray","Deflect","Heel Hook"],"picked":"SKIP","floor":19},{"not_picked":["Unload","Expertise","Poisoned Stab"],"picked":"SKIP","floor":21}],"player_experience":49150,"relics_obtained":[{"floor":7,"key":"Tiny Chest"},{"floor":9,"key":"Bronze Scales"},{"floor":12,"key":"Blue Candle"},{"floor":17,"key":"Orichalcum"},{"floor":17,"key":"Ornamental Fan"},{"floor":17,"key":"Gambling Chip"}],"event_choices":[{"damage_healed":0,"gold_gain":0,"player_choice":"Donut","damage_taken":0,"max_hp_gain":5,"max_hp_loss":0,"event_name":"Big Fish","floor":4,"gold_loss":0},{"damage_healed":0,"gold_gain":0,"cards_transformed":["Strike_G"],"player_choice":"Transformed","damage_taken":0,"max_hp_gain":0,"max_hp_loss":0,"event_name":"Transmorgrifier","floor":20,"gold_loss":0,"cards_obtained":["Night Terror"]},{"damage_healed":0,"gold_gain":0,"player_choice":"Opened","damage_taken":0,"relics_obtained":["Ninja Scroll"],"max_hp_gain":0,"max_hp_loss":0,"event_name":"The Mausoleum","floor":22,"gold_loss":0,"cards_obtained":["Writhe"]}],"is_beta":false,"boss_relics":[{"not_picked":["Runic Dome","Coffee Dripper"],"picked":"Calling Bell"}],"items_purged_floors":[10],"is_endless":false,"potions_floor_spawned":[1,5,7,8,21],"killed_by":"Book of Stabbing","ascension_level":0}