{"gold_per_floor":[110,185,185,201,52,52,77,91,91,109,109,109,109,125,125,222,222,162,176,191,211,221,221,221],"floor_reached":24,"playtime":5303,"items_purged":[],"score":223,"play_id":"395c36ba-c308-448b-a9d3-ca537115505a","local_time":"20190709151311","is_ascension_mode":false,"campfire_choices":[{"data":"Glass Knife","floor":6,"key":"SMITH"},{"data":"Burst","floor":11,"key":"SMITH"},{"data":"Envenom","floor":13,"key":"SMITH"},{"data":"Sucker Punch","floor":15,"key":"SMITH"},{"floor":23,"key":"REST"}],"neow_cost":"NONE","seed_source_timestamp":50967958624653,"circlet_count":0,"master_deck":["Strike_G","Strike_G","Strike_G","Strike_G","Defend_G","Defend_G","Defend_G","Defend_G","Defend_G","Survivor","Neutralize","Sucker Punch+1","Dagger Spray","Glass Knife+1","Dash","Burst+1","Leg Sweep","Envenom+1","Leg Sweep","Backflip","Glass Knife","Flying Knee","Dodge and Roll","Well Laid Plans","Calculated Gamble","Blur","Dagger Throw+1","Tools of the Trade","Skewer","Flying Knee","Acrobatics"],"relics":["Ring of the Snake","NeowsBlessing","Mummified Hand","Mercury Hourglass","Orrery"],"potions_floor_usage":[],"damage_taken":[{"damage":0,"enemies":"Jaw Worm","floor":1,"turns":1},{"damage":0,"enemies":"2 Louse","floor":4,"turns":1},{"damage":0,"enemies":"Gremlin Nob","floor":7,"turns":1},{"damage":0,"enemies":"Small Slimes","floor":8,"turns":3},{"damage":0,"enemies":"Gremlin Gang","floor":10,"turns":3},{"damage":6,"enemies":"Exordium Wildlife","floor":14,"turns":3},{"damage":11,"enemies":"Hexaghost","floor":16,"turns":11},{"damage":5,"enemies":"2 Thieves","floor":18,"turns":4},{"damage":14,"enemies":"Shell Parasite","floor":19,"turns":5},{"damage":6,"enemies":"3 Cultists","floor":20,"turns":6},{"damage":13,"enemies":"Shelled Parasite and Fungi","floor":21,"turns":8},{"damage":6,"enemies":"Snake Plant","floor":22,"turns":5},{"damage":49,"enemies":"Book of Stabbing","floor":24,"turns":8}],"seed_played":"-873320486901152074","potions_obtained":[{"floor":1,"key":"Dexterity Potion"},{"floor":8,"key":"SmokeBomb"},{"floor":14,"key":"Energy Potion"},{"floor":19,"key":"Fire Potion"},{"floor":21,"key":"Swift Potion"}],"is_trial":false,"path_per_floor":["M","?","?","M","$","R","E","M","T","M","R","?","R","M","R","B",null,"M","M","M","M","M","R","E"],"character_chosen":"THE_SILENT","items_purchased":["Glass Knife","Dash"],"campfire_rested":1,"item_purchase_floors":[5,5],"current_hp_per_floor":[70,59,59,59,59,59,59,59,59,59,59,59,59,53,53,42,70,65,51,45,32,26,47,0],"gold":221,"neow_bonus":"THREE_ENEMY_KILL","is_prod":false,"is_daily":false,"chose_seed":false,"campfire_upgraded":4,"win_rate":0.0,"timestamp":1562699591,"path_taken":["M","?","?","M","$","R","E","M","T","M","R","?","R","M","R","BOSS","M","M","M","?","M","R","E"],"build_version":"2019-07-05","purchased_purges":0,"victory":false,"max_hp_per_floor":[70,70,70,70,70,70,70,70,70,70,70,70,70,70,70,70,70,70,70,70,70,70,70,70],"card_choices":[{"not_picked":["All Out Attack","Blade Dance"],"picked":"Sucker Punch","floor":1},{"not_picked":["Deadly Poison","Dagger Throw"],"picked":"Dagger Spray","floor":4},{"not_picked":["Acrobatics","Backflip"],"picked":"Burst","floor":7},{"not_picked":["Underhanded Strike","Acrobatics"],"picked":"Leg Sweep","floor":8},{"not_picked":["Prepared","PiercingWail"],"picked":"Envenom","floor":10},{"not_picked":["Dagger Spray","PiercingWail"],"picked":"Backflip","floor":14},{"not_picked":["Bullet Time","Night Terror"],"picked":"Glass Knife","floor":16},{"not_picked":["Slice","Deadly Poison"],"picked":"Flying Knee","floor":17},{"not_picked":["PiercingWail","Prepared"],"picked":"Dodge and Roll","floor":17},{"not_picked":["Finisher","Outmaneuver"],"picked":"Well Laid Plans","floor":17},{"not_picked":["Blade Dance","Deadly Poison"],"picked":"Calculated Gamble","floor":17},{"not_picked":["Predator","Deflect"],"picked":"Blur","floor":17},{"not_picked":["Tactician","Dodge and Roll+1"],"picked":"Dagger Throw+1","floor":18},{"not_picked":["Bane","Deflect"],"picked":"Tools of the Trade","floor":19},{"not_picked":["Deadly Poison","Dodge and Roll"],"picked":"Skewer","floor":20},{"not_picked":["Bane","Quick Slash"],"picked":"Flying Knee","floor":21},{"not_picked":["Escape Plan","Outmaneuver"],"picked":"Acrobatics","floor":22}],"player_experience":19070,"relics_obtained":[{"floor":7,"key":"Mummified Hand"},{"floor":9,"key":"Mercury Hourglass"}],"event_choices":[{"damage_healed":0,"gold_gain":75,"player_choice":"Gather Gold","damage_taken":11,"max_hp_gain":0,"max_hp_loss":0,"event_name":"World of Goop","floor":2,"gold_loss":0},{"damage_healed":0,"gold_gain":0,"player_choice":"Ignored","damage_taken":0,"max_hp_gain":0,"max_hp_loss":0,"event_name":"Liars Game","floor":3,"gold_loss":0},{"damage_healed":0,"gold_gain":0,"cards_transformed":["Strike_G"],"player_choice":"Transformed","damage_taken":0,"max_hp_gain":0,"max_hp_loss":0,"event_name":"Transmorgrifier","floor":12,"gold_loss":0,"cards_obtained":["Leg Sweep"]}],"is_beta":false,"boss_relics":[{"not_picked":["Busted Crown","Lizard Tail"],"picked":"Orrery"}],"items_purged_floors":[],"is_endless":false,"potions_floor_spawned":[1,8,14,19,21,22],"killed_by":"Book of Stabbing","ascension_level":0}