{"gold_per_floor":[117,133,133,133,145,176,176,141,191,218,218,218,2,37,37,133,133,148,63,0,0,25,25,25,61,85,108,108,27,27,27,27,123,123,146,446,470,134,202,202,245,245,245,121,146,164,25,50,50,50,50],"floor_reached":52,"playtime":5015,"items_purged":["Strike_G"],"score":1829,"play_id":"e1449fc1-8291-485c-a0d2-f29bfa567d70","local_time":"20190729112115","is_ascension_mode":true,"campfire_choices":[{"data":"Noxious Fumes","floor":7.0,"key":"SMITH"},{"data":"Neutralize","floor":11.0,"key":"SMITH"},{"data":"Noxious Fumes","floor":15.0,"key":"SMITH"},{"floor":23.0,"key":"REST"},{"data":"Wraith Form v2","floor":30.0,"key":"SMITH"},{"data":"After Image","floor":32.0,"key":"SMITH"},{"data":"Bullet Time","floor":40,"key":"SMITH"},{"data":"Wraith Form v2","floor":49,"key":"SMITH"}],"neow_cost":"PERCENT_DAMAGE","seed_source_timestamp":817389983869446,"circlet_count":0,"master_deck":["AscendersBane","Defend_G","Defend_G","Defend_G","Defend_G","Defend_G","Survivor+1","Neutralize+1","Flying Knee","Dagger Spray","Noxious Fumes+1","Leg Sweep","Poisoned Stab","Well Laid Plans","Noxious Fumes+1","Bullet Time+1","Dodge and Roll+1","Crippling Poison+1","After Image+1","Dash","Wraith Form v2+1","Dodge and Roll+1","Leg Sweep+1","Wraith Form v2+1","Acrobatics+1","Dodge and Roll+1","Dodge and Roll+1","Crippling Poison+1","Footwork","Deadly Poison+1","Dodge and Roll+1","Cloak And Dagger+1","Outmaneuver+1"],"special_seed":0,"relics":["Ring of the Snake","Dead Branch","Juzu Bracelet","Vajra","Odd Mushroom","Golden Idol","Anchor","Eternal Feather","Toxic Egg 2","Ginger","Question Card","Turnip","Bag of Preparation","Empty Cage","Pantograph","Bird Faced Urn","Bottled Flame","Mercury Hourglass","Bag of Marbles"],"potions_floor_usage":[39,50,50],"damage_taken":[{"damage":0.0,"enemies":"Jaw Worm","floor":1.0,"turns":5.0},{"damage":7.0,"enemies":"Small Slimes","floor":2.0,"turns":4.0},{"damage":0.0,"enemies":"2 Louse","floor":5.0,"turns":3.0},{"damage":20.0,"enemies":"3 Sentries","floor":6.0,"turns":6.0},{"damage":14.0,"enemies":"The Mushroom Lair","floor":10.0,"turns":4.0},{"damage":9.0,"enemies":"Gremlin Nob","floor":14.0,"turns":4.0},{"damage":10.0,"enemies":"Hexaghost","floor":16.0,"turns":9.0},{"damage":15.0,"enemies":"Spheric Guardian","floor":18.0,"turns":6.0},{"damage":19.0,"enemies":"Shell Parasite","floor":22.0,"turns":5.0},{"damage":23.0,"enemies":"Book of Stabbing","floor":25.0,"turns":7.0},{"damage":4.0,"enemies":"Snake Plant","floor":27.0,"turns":5.0},{"damage":12.0,"enemies":"Automaton","floor":33.0,"turns":10.0},{"damage":1.0,"enemies":"Orb Walker","floor":35.0,"turns":6.0},{"damage":0.0,"enemies":"3 Darklings","floor":37.0,"turns":5.0},{"damage":8,"enemies":"2 Orb Walkers","floor":39,"turns":7},{"damage":35,"enemies":"Nemesis","floor":41,"turns":13},{"damage":0,"enemies":"Transient","floor":45,"turns":6},{"damage":5,"enemies":"Maw","floor":46,"turns":9},{"damage":5,"enemies":"4 Shapes","floor":48,"turns":5},{"damage":49,"enemies":"Awakened One","floor":50,"turns":19},{"damage":17,"enemies":"Donu and Deca","floor":51,"turns":12}],"seed_played":"295314815604792935","potions_obtained":[{"floor":2.0,"key":"Regen Potion"},{"floor":14.0,"key":"Fire Potion"},{"floor":16.0,"key":"Weak Potion"},{"floor":22.0,"key":"Swift Potion"},{"floor":25.0,"key":"Energy Potion"},{"floor":27.0,"key":"EntropicBrew"},{"floor":45,"key":"Energy Potion"},{"floor":48,"key":"Dexterity Potion"}],"is_trial":false,"path_per_floor":["M","M","?","?","M","E","R","?","T","?","R","?","$","E","R","B",null,"M","?","?","T","M","R","?","E","T","M","?","$","R","?","R","B",null,"M","?","M","$","?","R","E","?","T","$","M","M","$","M","R","B","B",null],"character_chosen":"THE_SILENT","items_purchased":["Well Laid Plans","AttackPotion","Wraith Form v2","Dodge and Roll+1","Pantograph","Crippling Poison+1","Footwork","EssenceOfSteel","Cloak And Dagger+1"],"campfire_rested":1,"item_purchase_floors":[13,13,29,38,38,44,44,47,47],"current_hp_per_floor":[44,37,17,39,39,34,34,50,50,36,36,36,36,27,27,17,49,34,34,34,34,15,45,45,22,22,18,18,18,33,33,48,36,54,53,53,53,53,45,60,29,29,29,29,43,52,52,53,60,23,47],"gold":50,"neow_bonus":"ONE_RARE_RELIC","is_prod":false,"is_daily":false,"chose_seed":false,"campfire_upgraded":7,"win_rate":0,"timestamp":1564388475,"path_taken":["M","M","?","?","M","E","R","?","T","?","R","?","$","E","R","BOSS","M","?","?","?","M","R","?","E","T","M","?","?","R","?","R","BOSS","M","?","M","$","?","R","E","?","T","?","M","M","$","M","R","BOSS","BOSS"],"build_version":"2019-07-17","purchased_purges":1,"victory":true,"max_hp_per_floor":[66,66,66,66,66,66,66,66,66,66,66,60,60,60,60,60,60,60,60,60,60,60,60,60,60,60,60,60,60,60,60,60,60,60,60,60,60,60,60,60,60,60,60,60,60,60,60,60,60,60,60],"card_choices":[{"not_picked":["Prepared","Outmaneuver"],"picked":"Flying Knee","floor":1.0},{"not_picked":["Cloak And Dagger","Blur"],"picked":"Dagger Spray","floor":2.0},{"not_picked":["Night Terror","Flechettes"],"picked":"Noxious Fumes","floor":5.0},{"not_picked":["Tactician","Acrobatics"],"picked":"Leg Sweep","floor":6.0},{"not_picked":["Sucker Punch","Underhanded Strike"],"picked":"Poisoned Stab","floor":10.0},{"not_picked":["Slice","Distraction"],"picked":"Noxious Fumes","floor":14.0},{"not_picked":["Doppelganger","A Thousand Cuts"],"picked":"Bullet Time","floor":16.0},{"not_picked":["Sucker Punch","Expertise","Blade Dance"],"picked":"SKIP","floor":18.0},{"not_picked":["Flying Knee","Outmaneuver+1"],"picked":"Dodge and Roll+1","floor":22.0},{"not_picked":["Finisher+1","Dash","Bane"],"picked":"Crippling Poison+1","floor":25.0},{"not_picked":["Flying Knee","Dodge and Roll+1","Setup+1"],"picked":"After Image","floor":27.0},{"not_picked":["Glass Knife","Tools of the Trade","Storm of Steel+1"],"picked":"Wraith Form v2","floor":33.0},{"not_picked":["Bane","Deadly Poison+1","Flying Knee+1"],"picked":"Acrobatics+1","floor":35.0},{"not_picked":["Underhanded Strike","Expertise+1","Quick Slash+1","Cloak And Dagger+1"],"picked":"SKIP","floor":37.0},{"not_picked":["Underhanded Strike","Expertise+1","Quick Slash+1","Cloak And Dagger+1"],"picked":"SKIP","floor":37.0},{"not_picked":["Endless Agony+1","Well Laid Plans+1","Blade Dance+1"],"picked":"Dodge and Roll+1","floor":41},{"not_picked":["Eviscerate","Prepared+1","Terror+1"],"picked":"Deadly Poison+1","floor":45},{"not_picked":["Finisher","Masterful Stab","Sucker Punch"],"picked":"Dodge and Roll+1","floor":46},{"not_picked":["Noxious Fumes","Setup+1","Choke"],"picked":"Outmaneuver+1","floor":48}],"player_experience":1049846,"relics_obtained":[{"floor":6.0,"key":"Juzu Bracelet"},{"floor":9.0,"key":"Vajra"},{"floor":10.0,"key":"Odd Mushroom"},{"floor":14.0,"key":"Anchor"},{"floor":21.0,"key":"Ginger"},{"floor":25.0,"key":"Turnip"},{"floor":26.0,"key":"Bag of Preparation"},{"floor":39,"key":"Bird Faced Urn"},{"floor":41,"key":"Bottled Flame"},{"floor":43,"key":"Bag of Marbles"}],"event_choices":[{"damage_healed":0.0,"max_hp_gain":0.0,"max_hp_loss":0.0,"gold_gain":0.0,"event_name":"Shining Light","player_choice":"Entered Light","floor":3.0,"gold_loss":0.0,"damage_taken":20.0,"cards_upgraded":["Survivor","Strike_G"]},{"damage_healed":22.0,"max_hp_gain":0.0,"max_hp_loss":0.0,"gold_gain":0.0,"event_name":"Big Fish","player_choice":"Banana","floor":4.0,"gold_loss":0.0,"damage_taken":0.0},{"damage_healed":16.0,"max_hp_gain":0.0,"max_hp_loss":0.0,"gold_gain":0.0,"event_name":"The Cleric","player_choice":"Healed","floor":8.0,"gold_loss":35.0,"damage_taken":0.0},{"damage_healed":0.0,"max_hp_gain":0.0,"max_hp_loss":0.0,"gold_gain":0.0,"event_name":"Mushrooms","player_choice":"Fought Mushrooms","floor":10.0,"gold_loss":0.0,"damage_taken":0.0},{"damage_healed":0.0,"max_hp_gain":0.0,"max_hp_loss":6.0,"gold_gain":0.0,"event_name":"Golden Idol","player_choice":"Lose Max HP","floor":12.0,"gold_loss":0.0,"damage_taken":0.0,"relics_obtained":["Golden Idol"]},{"damage_healed":0.0,"max_hp_gain":0.0,"max_hp_loss":0.0,"gold_gain":0.0,"event_name":"Addict","player_choice":"Obtained Relic","floor":19.0,"gold_loss":85.0,"damage_taken":0.0,"relics_obtained":["Toxic Egg 2"]},{"damage_healed":0.0,"max_hp_gain":0.0,"max_hp_loss":0.0,"gold_gain":0.0,"event_name":"Masked Bandits","player_choice":"Paid Fearfully","floor":20.0,"gold_loss":63.0,"damage_taken":0.0},{"damage_healed":0.0,"max_hp_gain":0.0,"max_hp_loss":0.0,"gold_gain":0.0,"event_name":"The Mausoleum","player_choice":"Opened","floor":24.0,"gold_loss":0.0,"damage_taken":0.0,"relics_obtained":["Question Card"],"cards_obtained":["Writhe"]},{"damage_healed":0.0,"max_hp_gain":0.0,"max_hp_loss":0.0,"gold_gain":0.0,"cards_transformed":["Strike_G"],"event_name":"Transmorgrifier","player_choice":"Transformed","floor":28.0,"gold_loss":0.0,"damage_taken":0.0,"cards_obtained":["Dash"]},{"damage_healed":0.0,"max_hp_gain":0.0,"max_hp_loss":0.0,"gold_gain":0.0,"cards_transformed":["Strike_G","Strike_G"],"event_name":"Drug Dealer","player_choice":"Became Test Subject","floor":31.0,"gold_loss":0.0,"damage_taken":0.0,"cards_obtained":["Dodge and Roll","Leg Sweep"]},{"damage_healed":0.0,"max_hp_gain":0.0,"max_hp_loss":0.0,"gold_gain":300.0,"event_name":"Wheel of Change","player_choice":"Gold","floor":36.0,"gold_loss":0.0,"damage_taken":0.0},{"damage_healed":0,"gold_gain":0,"player_choice":"Fight","damage_taken":0,"max_hp_gain":0,"max_hp_loss":0,"event_name":"Mysterious Sphere","floor":39,"gold_loss":0},{"damage_healed":0,"gold_gain":0,"player_choice":"Gave Potion","damage_taken":0,"relics_obtained":["Mercury Hourglass"],"max_hp_gain":0,"max_hp_loss":0,"event_name":"WeMeetAgain","floor":42,"gold_loss":0}],"is_beta":false,"boss_relics":[{"not_picked":["Busted Crown","WristBlade"],"picked":"Eternal Feather"},{"not_picked":["Orrery","Calling Bell"],"picked":"Empty Cage"}],"items_purged_floors":[13],"is_endless":false,"potions_floor_spawned":[2,14,16,22,25,27,33,35,45,48],"ascension_level":20}