{"gold_per_floor":[115,131,145,145,145,145,179,179,179,206,218,218,16,29,29,103,103,115,131,56,67,67,67,67,67,67,67,81,81,94,106,106,183,183,203,128,145,24,24,24,24,24,47,61,7,17,44,62,62,62],"floor_reached":51,"playtime":2948,"items_purged":[],"score":1365,"play_id":"836f93a0-6a06-49fb-80c2-c9dfe7d09520","local_time":"20190806232721","is_ascension_mode":true,"campfire_choices":[{"data":"Zap","floor":6,"key":"SMITH"},{"data":"Dualcast","floor":8,"key":"SMITH"},{"floor":12,"key":"REST"},{"floor":15,"key":"REST"},{"data":"Buffer","floor":23,"key":"SMITH"},{"data":"Hologram","floor":27,"key":"SMITH"},{"data":"Skim","floor":32,"key":"SMITH"},{"floor":40,"key":"RECALL"},{"data":"Electrodynamics","floor":49,"key":"SMITH"}],"neow_cost":"NONE","seed_source_timestamp":48959118568994,"circlet_count":0,"master_deck":["AscendersBane","Strike_B+1","Strike_B+1","Strike_B+1","Defend_B+1","Defend_B+1","Defend_B+1","Zap+1","Dualcast+1","Core Surge+1","Reinforced Body+1","Go for the Eyes+1","Cold Snap+1","Hologram+1","Self Repair+1","All For One+1","Streamline+1","Buffer+1","Gash+1","Glacier+1","Streamline+1","Skim+1","Streamline+1","Meteor Strike+1","Gash+1","Capacitor+1","Defragment+1","Sunder+1","Capacitor+1","Electrodynamics+1"],"relics":["Cracked Core","Molten Egg 2","Whetstone","Mercury Hourglass","Snecko Eye","Nilry\u0027s Codex","Cables","Coffee Dripper","Mark of the Bloom","Smiling Mask","Anchor","Regal Pillow"],"potions_floor_usage":[7,14,30,44,50],"damage_taken":[{"damage":2,"enemies":"Jaw Worm","floor":1,"turns":3},{"damage":0,"enemies":"2 Louse","floor":2,"turns":2},{"damage":1,"enemies":"Cultist","floor":3,"turns":3},{"damage":26,"enemies":"Gremlin Nob","floor":7,"turns":4},{"damage":11,"enemies":"Lagavulin","floor":10,"turns":7},{"damage":3,"enemies":"Red Slaver","floor":11,"turns":2},{"damage":0,"enemies":"Exordium Wildlife","floor":14,"turns":2},{"damage":25,"enemies":"Hexaghost","floor":16,"turns":7},{"damage":0,"enemies":"3 Byrds","floor":18,"turns":4},{"damage":12,"enemies":"2 Thieves","floor":19,"turns":4},{"damage":0,"enemies":"Sentry and Sphere","floor":21,"turns":4},{"damage":0,"enemies":"Snake Plant","floor":28,"turns":3},{"damage":0,"enemies":"Centurion and Healer","floor":30,"turns":3},{"damage":0,"enemies":"Sentry and Sphere","floor":31,"turns":3},{"damage":0,"enemies":"Collector","floor":33,"turns":8},{"damage":1,"enemies":"Orb Walker","floor":35,"turns":2},{"damage":6,"enemies":"3 Darklings","floor":37,"turns":3},{"damage":0,"enemies":"Sphere and 2 Shapes","floor":44,"turns":3},{"damage":2,"enemies":"Maw","floor":46,"turns":6},{"damage":11,"enemies":"Nemesis","floor":47,"turns":7},{"damage":0,"enemies":"3 Darklings","floor":48,"turns":3},{"damage":32,"enemies":"Donu and Deca","floor":50,"turns":20}],"seed_played":"-2068419851422638429","potions_obtained":[{"floor":2,"key":"SpeedPotion"},{"floor":3,"key":"Swift Potion"},{"floor":7,"key":"Fire Potion"},{"floor":11,"key":"PowerPotion"},{"floor":14,"key":"SteroidPotion"},{"floor":29,"key":"Swift Potion"},{"floor":30,"key":"AttackPotion"},{"floor":31,"key":"Regen Potion"},{"floor":37,"key":"PowerPotion"},{"floor":47,"key":"Weak Potion"}],"is_trial":false,"path_per_floor":["M","M","M","?","?","R","E","R","T","E","M","R","$","M","R","B",null,"M","M","$","M","$","R","?","?","T","R","M","?","M","M","R","B",null,"M","$","M","$","?","R","?","R","T","M","$","M","E","M","R","B",null],"character_chosen":"DEFECT","items_purchased":["Self Repair","All For One+1","Glacier","Capacitor","Sunder+1","Capacitor","Energy Potion"],"campfire_rested":2,"item_purchase_floors":[13,13,20,36,38,38,45],"current_hp_per_floor":[62,62,61,61,54,54,28,28,28,17,14,35,35,35,56,31,61,68,63,63,70,70,70,70,49,49,49,49,49,49,56,56,56,67,71,71,65,65,65,65,65,65,65,65,65,63,52,52,52,20],"gold":62,"neow_bonus":"ONE_RANDOM_RARE_CARD","is_prod":false,"is_daily":false,"chose_seed":false,"campfire_upgraded":6,"win_rate":0,"timestamp":1565101641,"path_taken":["M","M","M","?","?","R","E","R","T","E","M","R","$","M","R","BOSS","M","M","$","M","$","R","?","?","T","R","M","?","M","?","R","BOSS","M","$","M","$","?","R","?","R","T","M","$","?","E","M","R","BOSS"],"build_version":"2019-07-17","purchased_purges":0,"victory":true,"max_hp_per_floor":[71,71,71,71,71,71,71,71,71,71,71,71,71,71,71,71,71,71,71,71,71,71,71,71,71,71,71,71,71,71,71,71,71,71,71,71,71,71,71,71,71,71,71,71,71,71,71,71,71,71],"card_choices":[{"not_picked":["Hologram","Redo","Reprogram"],"picked":"SKIP","floor":1},{"not_picked":["Barrage","Melter","Leap"],"picked":"SKIP","floor":2},{"not_picked":["Storm","Compile Driver"],"picked":"Reinforced Body","floor":3},{"not_picked":["Hologram","Amplify"],"picked":"Go for the Eyes","floor":7},{"not_picked":["Leap","Conserve Battery"],"picked":"Cold Snap+1","floor":10},{"not_picked":["FTL+1","Conserve Battery"],"picked":"Hologram","floor":11},{"not_picked":["Hello World","Leap"],"picked":"Streamline+1","floor":14},{"not_picked":["Multi-Cast","Rainbow"],"picked":"Buffer","floor":16},{"not_picked":["Lockon+1","Steam"],"picked":"Gash+1","floor":18},{"not_picked":["Stack","Turbo","Leap"],"picked":"SKIP","floor":19},{"not_picked":["Leap","Static Discharge"],"picked":"Streamline+1","floor":21},{"not_picked":["Ball Lightning+1","Redo+1"],"picked":"Skim","floor":28},{"not_picked":["Sweeping Beam+1","Compile Driver+1"],"picked":"Streamline+1","floor":30},{"not_picked":["Lockon+1","Undo","Rainbow"],"picked":"SKIP","floor":31},{"not_picked":["Biased Cognition","Thunder Strike+1"],"picked":"Meteor Strike+1","floor":33},{"not_picked":["Chill","Cold Snap+1"],"picked":"Gash+1","floor":35},{"not_picked":["Hologram+1","Go for the Eyes+1"],"picked":"Defragment","floor":37},{"not_picked":["Coolheaded","Conserve Battery","Force Field"],"picked":"SKIP","floor":44},{"not_picked":["Compile Driver+1","Undo","Redo"],"picked":"SKIP","floor":46},{"not_picked":["BootSequence","Double Energy"],"picked":"Electrodynamics","floor":47},{"not_picked":["Sweeping Beam+1","Conserve Battery+1","Rebound+1"],"picked":"SKIP","floor":48}],"player_experience":268409,"relics_obtained":[{"floor":7,"key":"Molten Egg 2"},{"floor":9,"key":"Whetstone"},{"floor":10,"key":"Mercury Hourglass"},{"floor":25,"key":"Nilry\u0027s Codex"},{"floor":26,"key":"Cables"},{"floor":43,"key":"Anchor"},{"floor":47,"key":"Regal Pillow"}],"event_choices":[{"cards_removed":["Defend_B"],"damage_healed":0,"gold_gain":0,"player_choice":"Forget","damage_taken":0,"max_hp_gain":0,"max_hp_loss":0,"event_name":"Living Wall","floor":4,"gold_loss":0},{"cards_removed":["Strike_B"],"damage_healed":0,"gold_gain":0,"player_choice":"Card Removal","damage_taken":7,"max_hp_gain":0,"max_hp_loss":0,"event_name":"Golden Wing","floor":5,"gold_loss":0},{"damage_healed":0,"gold_gain":0,"player_choice":"Obtained Book","damage_taken":21,"max_hp_gain":0,"max_hp_loss":0,"event_name":"Cursed Tome","floor":25,"gold_loss":0},{"damage_healed":0,"gold_gain":0,"player_choice":"Got Potions","damage_taken":0,"max_hp_gain":0,"max_hp_loss":0,"event_name":"Lab","floor":29,"gold_loss":0},{"damage_healed":0,"gold_gain":0,"player_choice":"Upgrade","damage_taken":0,"relics_obtained":["Mark of the Bloom"],"max_hp_gain":0,"max_hp_loss":0,"event_name":"MindBloom","floor":39,"gold_loss":0,"cards_upgraded":["Strike_B","Strike_B","Defend_B","Defend_B","Defend_B","Reinforced Body","Self Repair","Glacier","Capacitor","Defragment","Capacitor"]},{"damage_healed":0,"gold_gain":0,"player_choice":"Gave Potion","damage_taken":0,"relics_obtained":["Smiling Mask"],"max_hp_gain":0,"max_hp_loss":0,"event_name":"WeMeetAgain","floor":41,"gold_loss":0}],"is_beta":false,"boss_relics":[{"not_picked":["FrozenCore","White Beast Statue"],"picked":"Snecko Eye"},{"not_picked":["Calling Bell","Lizard Tail"],"picked":"Coffee Dripper"}],"items_purged_floors":[],"is_endless":false,"potions_floor_spawned":[2,3,7,11,14,30,31,33,35,37,47],"ascension_level":19}