{"gold_per_floor":[112,129,129,144,159,159,187,262,286,314,0,14,14,14,14,14],"floor_reached":16,"playtime":939,"items_purged":[],"score":220,"play_id":"be31033b-c557-4be7-a429-5415355ee779","local_time":"20190808195938","is_ascension_mode":true,"campfire_choices":[{"data":"Carnage","floor":6.0,"key":"SMITH"},{"data":"Bludgeon","floor":15.0,"key":"SMITH"}],"neow_cost":"NONE","seed_source_timestamp":582695650648200,"circlet_count":0,"master_deck":["AscendersBane","Strike_R","Strike_R","Strike_R","Strike_R","Strike_R","Defend_R","Defend_R","Defend_R","Defend_R","Bash","Spot Weakness","Iron Wave","Carnage+1","Anger","Armaments","Pummel","Feed","Bludgeon+1"],"special_seed":0,"relics":["Burning Blood","Regal Pillow","Bag of Marbles","Omamori","Orichalcum","Anchor","Bag of Preparation","Golden Idol"],"potions_floor_usage":[],"damage_taken":[{"damage":7.0,"enemies":"Cultist","floor":1.0,"turns":4.0},{"damage":3.0,"enemies":"2 Louse","floor":2.0,"turns":3.0},{"damage":4.0,"enemies":"Small Slimes","floor":4.0,"turns":3.0},{"damage":17.0,"enemies":"3 Louse","floor":5.0,"turns":3.0},{"damage":16.0,"enemies":"3 Sentries","floor":7.0,"turns":7.0},{"damage":28.0,"enemies":"Lagavulin","floor":10.0,"turns":6.0},{"damage":0.0,"enemies":"Large Slime","floor":12.0,"turns":4.0},{"damage":28,"enemies":"Slime Boss","floor":16,"turns":3}],"seed_played":"1339790395881512183","potions_obtained":[{"floor":1.0,"key":"Poison Potion"},{"floor":4.0,"key":"Dexterity Potion"},{"floor":10.0,"key":"Ancient Potion"}],"is_trial":false,"path_per_floor":["M","M","T","M","M","R","E","?","T","E","$","M","?","?","R","B"],"character_chosen":"IRONCLAD","items_purchased":["Feed","Bag of Preparation"],"campfire_rested":0,"item_purchase_floors":[11,11],"current_hp_per_floor":[67,70,70,72,61,61,51,40,40,18,18,24,24,24,24,0],"gold":14,"neow_bonus":"RANDOM_COMMON_RELIC","is_prod":false,"is_daily":false,"chose_seed":false,"campfire_upgraded":2,"win_rate":0,"timestamp":1565319578,"path_taken":["M","?","?","M","M","R","E","?","T","E","$","M","?","?","R","BOSS"],"build_version":"2019-07-17","purchased_purges":0,"victory":false,"max_hp_per_floor":[75,75,75,75,75,75,75,75,75,75,75,75,68,68,68,68],"card_choices":[{"not_picked":["Combust","Warcry"],"picked":"Spot Weakness","floor":1.0},{"not_picked":["Havoc","Thunderclap"],"picked":"Iron Wave","floor":2.0},{"not_picked":["Clash","Sword Boomerang"],"picked":"Carnage","floor":4.0},{"not_picked":["Shrug It Off","Headbutt"],"picked":"Anger","floor":5.0},{"not_picked":["Fire Breathing","Havoc"],"picked":"Armaments","floor":7.0},{"not_picked":["Wild Strike","Rage"],"picked":"Pummel","floor":10.0},{"not_picked":["Armaments","Cleave"],"picked":"Bludgeon","floor":12.0}],"player_experience":1330085,"relics_obtained":[{"floor":3.0,"key":"Bag of Marbles"},{"floor":7.0,"key":"Omamori"},{"floor":9.0,"key":"Orichalcum"},{"floor":10.0,"key":"Anchor"}],"event_choices":[{"damage_healed":0.0,"max_hp_gain":0.0,"max_hp_loss":0.0,"gold_gain":75.0,"event_name":"World of Goop","player_choice":"Gather Gold","floor":8.0,"gold_loss":0.0,"damage_taken":11.0},{"damage_healed":0.0,"max_hp_gain":0.0,"max_hp_loss":7.0,"gold_gain":0.0,"event_name":"Golden Idol","player_choice":"Lose Max HP","floor":13.0,"gold_loss":0.0,"damage_taken":0.0,"relics_obtained":["Golden Idol"]},{"damage_healed":0.0,"max_hp_gain":0.0,"max_hp_loss":0.0,"gold_gain":0.0,"event_name":"Liars Game","player_choice":"Ignored","floor":14.0,"gold_loss":0.0,"damage_taken":0.0}],"is_beta":false,"boss_relics":[],"items_purged_floors":[],"is_endless":false,"potions_floor_spawned":[1,4,10],"killed_by":"Slime Boss","ascension_level":20}