{"gold_per_floor":[110,110,130,142,155,155,185,185,210,237,256,274,274,290,290,290],"floor_reached":16,"playtime":1216,"items_purged":[],"score":130,"play_id":"dbccd1f9-7f01-4a46-9e1f-b89452de9856","local_time":"20190802144635","is_ascension_mode":true,"campfire_choices":[{"data":"Cloak And Dagger","floor":6.0,"key":"SMITH"},{"data":"Sucker Punch","floor":8,"key":"SMITH"},{"data":"Cloak And Dagger","floor":15,"key":"SMITH"}],"neow_cost":"NONE","seed_source_timestamp":298224959092200,"circlet_count":0,"master_deck":["Strike_G","Strike_G","Strike_G","Strike_G","Defend_G","Defend_G+1","Defend_G","Defend_G+1","Defend_G","Survivor","Neutralize+1","Cloak And Dagger+1","Sucker Punch+1","Blade Dance","Cloak And Dagger+1","Calculated Gamble","Backflip"],"special_seed":0,"relics":["Ring of the Snake","Bag of Preparation","War Paint","PreservedInsect"],"potions_floor_usage":[10],"damage_taken":[{"damage":1.0,"enemies":"Jaw Worm","floor":1.0,"turns":6.0},{"damage":0.0,"enemies":"2 Louse","floor":3.0,"turns":3.0},{"damage":0.0,"enemies":"Cultist","floor":4.0,"turns":4.0},{"damage":0.0,"enemies":"Looter","floor":5.0,"turns":3.0},{"damage":19,"enemies":"Lagavulin","floor":10,"turns":6},{"damage":2,"enemies":"2 Fungi Beasts","floor":11,"turns":4},{"damage":11,"enemies":"Large Slime","floor":12,"turns":7},{"damage":3,"enemies":"3 Louse","floor":14,"turns":3},{"damage":38,"enemies":"Hexaghost","floor":16,"turns":16}],"seed_played":"-9169718989535450875","potions_obtained":[{"floor":1.0,"key":"LiquidBronze"},{"floor":4.0,"key":"PowerPotion"},{"floor":10,"key":"GamblersBrew"},{"floor":14,"key":"Explosive Potion"}],"is_trial":false,"path_per_floor":["M","?","M","M","M","R","?","R","T","E","M","M","?","M","R","B"],"character_chosen":"THE_SILENT","items_purchased":[],"campfire_rested":0,"item_purchase_floors":[],"current_hp_per_floor":[69,69,69,69,69,69,69,69,69,50,48,37,37,34,34,0],"gold":290,"neow_bonus":"RANDOM_COMMON_RELIC","is_prod":false,"is_daily":false,"chose_seed":false,"campfire_upgraded":3,"win_rate":0,"timestamp":1564771595,"path_taken":["M","?","M","M","M","R","?","R","T","E","M","M","?","M","R","BOSS"],"build_version":"2019-07-18","purchased_purges":0,"victory":false,"max_hp_per_floor":[70,70,70,70,70,70,70,70,70,70,70,70,70,70,70,70],"card_choices":[{"not_picked":["Predator","Catalyst"],"picked":"Cloak And Dagger","floor":1.0},{"not_picked":["Poisoned Stab","Quick Slash"],"picked":"Sucker Punch","floor":3.0},{"not_picked":["Outmaneuver","Flying Knee"],"picked":"Blade Dance","floor":4.0},{"not_picked":["Prepared","Grand Finale","Outmaneuver"],"picked":"SKIP","floor":5.0},{"not_picked":["Outmaneuver","Bane","All Out Attack"],"picked":"SKIP","floor":10},{"not_picked":["Outmaneuver","Deadly Poison"],"picked":"Cloak And Dagger","floor":11},{"not_picked":["Expertise","Underhanded Strike"],"picked":"Calculated Gamble","floor":12},{"not_picked":["Dagger Spray","Slice"],"picked":"Backflip","floor":14}],"player_experience":290476,"relics_obtained":[{"floor":9,"key":"War Paint"},{"floor":10,"key":"PreservedInsect"}],"event_choices":[{"damage_healed":0.0,"max_hp_gain":0.0,"max_hp_loss":0.0,"gold_gain":0.0,"event_name":"Living Wall","player_choice":"Grow","floor":2.0,"gold_loss":0.0,"damage_taken":0.0,"cards_upgraded":["Neutralize"]},{"damage_healed":0,"gold_gain":30,"player_choice":"Searched \u00271\u0027 times","damage_taken":0,"max_hp_gain":0,"max_hp_loss":0,"event_name":"Dead Adventurer","floor":7,"gold_loss":0},{"cards_removed":["Strike_G"],"damage_healed":0,"gold_gain":0,"player_choice":"Purged","damage_taken":0,"max_hp_gain":0,"max_hp_loss":0,"event_name":"Purifier","floor":13,"gold_loss":0}],"is_beta":true,"boss_relics":[],"items_purged_floors":[],"is_endless":false,"potions_floor_spawned":[1,4,10,14],"killed_by":"Hexaghost","ascension_level":5}