{"gold_per_floor":[116,59,29,43,0,29,57,69,159,171,195,264,276,301,313,325],"floor_reached":16,"playtime":379,"items_purged":[],"score":220,"play_id":"66b2fa90-295e-474b-82d6-b4b3224d7027","local_time":"20190721155712","is_ascension_mode":true,"campfire_choices":[{"floor":13,"key":"REST"},{"data":"Meteor Strike","floor":15,"key":"SMITH"}],"neow_cost":"NONE","seed_source_timestamp":1356321757259,"circlet_count":0,"master_deck":["AscendersBane","Strike_B","Strike_B","Strike_B","Strike_B","Defend_B","Defend_B","Defend_B","Defend_B","Zap","Dualcast","Meteor Strike+1","Conserve Battery","Turbo","Auto Shields","Auto Shields","Cold Snap","Fusion","Ball Lightning","Redo+1","Coolheaded+1"],"special_seed":0,"relics":["Cracked Core","MawBank","Unceasing Top","Toxic Egg 2","Tiny Chest"],"potions_floor_usage":[16],"damage_taken":[{"damage":2.0,"enemies":"Cultist","floor":1.0,"turns":4.0},{"damage":0.0,"enemies":"2 Louse","floor":4.0,"turns":3.0},{"damage":11.0,"enemies":"Gremlin Nob","floor":6.0,"turns":3.0},{"damage":0.0,"enemies":"Small Slimes","floor":7.0,"turns":3.0},{"damage":15.0,"enemies":"3 Louse","floor":11.0,"turns":5.0},{"damage":21,"enemies":"Lagavulin","floor":12,"turns":8},{"damage":13,"enemies":"Large Slime","floor":14,"turns":3},{"damage":24,"enemies":"Slime Boss","floor":16,"turns":5}],"seed_played":"-6320447465142944351","potions_obtained":[{"floor":3.0,"key":"GamblersBrew"},{"floor":3.0,"key":"Poison Potion"},{"floor":6.0,"key":"Fruit Juice"},{"floor":7.0,"key":"Fire Potion"},{"floor":11.0,"key":"Ancient Potion"}],"is_trial":false,"path_per_floor":["M","$","?","M","$","E","M","?","T","?","M","E","R","M","R","B"],"character_chosen":"DEFECT","items_purchased":["Turbo","Auto Shields"],"campfire_rested":1,"item_purchase_floors":[2,5],"current_hp_per_floor":[62,62,62,62,62,51,51,46,46,46,36,15,37,24,24,0],"gold":325,"neow_bonus":"ONE_RANDOM_RARE_CARD","is_prod":false,"is_daily":false,"chose_seed":false,"campfire_upgraded":1,"win_rate":0,"timestamp":1563717432,"path_taken":["M","$","?","M","?","E","M","?","T","?","M","E","R","M","R","BOSS"],"build_version":"2019-07-18","purchased_purges":0,"victory":false,"max_hp_per_floor":[71,71,71,71,71,71,71,71,71,71,76,76,76,76,76,76],"card_choices":[{"not_picked":["Rebound","Compile Driver"],"picked":"Conserve Battery","floor":1.0},{"not_picked":["Hologram","Go for the Eyes"],"picked":"Auto Shields","floor":4.0},{"not_picked":["Scrape","Reboot"],"picked":"Cold Snap","floor":6.0},{"not_picked":["Go for the Eyes","Force Field"],"picked":"Fusion","floor":7.0},{"not_picked":["Barrage","Go for the Eyes"],"picked":"Ball Lightning","floor":11.0},{"not_picked":["Coolheaded+1","Turbo+1"],"picked":"Redo+1","floor":12},{"not_picked":["Redo+1","Leap+1"],"picked":"Coolheaded+1","floor":14}],"player_experience":1910048,"relics_obtained":[{"floor":6.0,"key":"MawBank"},{"floor":9.0,"key":"Toxic Egg 2"},{"floor":12,"key":"Tiny Chest"}],"event_choices":[{"damage_healed":0.0,"max_hp_gain":0.0,"max_hp_loss":0.0,"gold_gain":0.0,"event_name":"The Woman in Blue","player_choice":"Bought 2 Potions","floor":3.0,"gold_loss":0.0,"damage_taken":0.0},{"damage_healed":0.0,"max_hp_gain":0.0,"max_hp_loss":0.0,"gold_gain":0.0,"event_name":"Scrap Ooze","player_choice":"Success","floor":8.0,"gold_loss":0.0,"damage_taken":5.0,"relics_obtained":["Unceasing Top"]},{"damage_healed":0.0,"max_hp_gain":0.0,"max_hp_loss":0.0,"gold_gain":0.0,"event_name":"Liars Game","player_choice":"Ignored","floor":10.0,"gold_loss":0.0,"damage_taken":0.0}],"is_beta":true,"boss_relics":[],"items_purged_floors":[],"is_endless":false,"potions_floor_spawned":[6,7,11],"killed_by":"Slime Boss","ascension_level":20}