{"gold_per_floor":[110,124,124,124,135,135,168,168,168,195,33,65,65,115,115,190,190,209,225,38,56,72,72,99,99,152,181,195,195,195,209,209,287,287,305,405,405,296,312,312,341,341,423,423,433,465,303,93,93,93,93,93,93,36,66,66],"floor_reached":57,"playtime":9601,"items_purged":["Strike_R","Strike_R","Strike_R"],"score":2728,"play_id":"88527b2d-b747-4e67-a540-0267cde29e87","local_time":"20190804131441","is_ascension_mode":true,"campfire_choices":[{"data":"Carnage","floor":6.0,"key":"SMITH"},{"floor":8.0,"key":"REST"},{"data":"Ghostly Armor","floor":13.0,"key":"SMITH"},{"data":"Disarm","floor":15.0,"key":"SMITH"},{"data":"Fiend Fire","floor":23.0,"key":"SMITH"},{"data":"Shockwave","floor":25,"key":"SMITH"},{"data":"Feel No Pain","floor":32,"key":"SMITH"},{"floor":40,"key":"RECALL"},{"floor":42,"key":"REST"},{"data":"Feel No Pain","floor":49,"key":"SMITH"},{"data":"Disarm","floor":53,"key":"SMITH"}],"neow_cost":"PERCENT_DAMAGE","seed_source_timestamp":204165872256700,"circlet_count":0,"master_deck":["AscendersBane","Strike_R+1","Strike_R+1","Defend_R","Defend_R+1","Defend_R+1","Defend_R","Bash","Disarm+1","Uppercut+1","Carnage+1","Ghostly Armor+1","Headbutt","Shockwave+1","Fiend Fire+1","Battle Trance+1","Feel No Pain+1","Shrug It Off","Sever Soul","Disarm+1","Clothesline","Dark Embrace","Metallicize","Barricade","Body Slam","Spot Weakness+1","Corruption","Feel No Pain+1","Disarm+1","Shrug It Off","Body Slam","Armaments","Shrug It Off"],"special_seed":0,"relics":["Burning Blood","StoneCalendar","Bottled Flame","Mercury Hourglass","Whetstone","Bag of Marbles","Smiling Mask","Snecko Eye","Blood Vial","Centennial Puzzle","Bronze Scales","Busted Crown","Bird Faced Urn","War Paint","Anchor","Gambling Chip"],"potions_floor_usage":[24,33,56,56],"damage_taken":[{"damage":4.0,"enemies":"Jaw Worm","floor":1.0,"turns":5.0},{"damage":7.0,"enemies":"Small Slimes","floor":2.0,"turns":5.0},{"damage":1.0,"enemies":"Cultist","floor":5.0,"turns":4.0},{"damage":18.0,"enemies":"Lagavulin","floor":7.0,"turns":7.0},{"damage":11.0,"enemies":"3 Sentries","floor":10.0,"turns":7.0},{"damage":6.0,"enemies":"Gremlin Nob","floor":12.0,"turns":3.0},{"damage":15.0,"enemies":"Slime Boss","floor":16.0,"turns":6.0},{"damage":0.0,"enemies":"Chosen","floor":18.0,"turns":3.0},{"damage":0.0,"enemies":"2 Thieves","floor":19.0,"turns":3.0},{"damage":0.0,"enemies":"Snake Plant","floor":21.0,"turns":3.0},{"damage":0.0,"enemies":"3 Cultists","floor":22.0,"turns":4.0},{"damage":10,"enemies":"Book of Stabbing","floor":24,"turns":6},{"damage":0,"enemies":"Gremlin Leader","floor":27,"turns":4},{"damage":0,"enemies":"Snecko","floor":28,"turns":1},{"damage":3,"enemies":"Snake Plant","floor":31,"turns":3},{"damage":56,"enemies":"Champ","floor":33,"turns":10},{"damage":0,"enemies":"3 Shapes","floor":35,"turns":5},{"damage":0,"enemies":"Mind Bloom Boss Battle","floor":36,"turns":5},{"damage":2,"enemies":"3 Darklings","floor":39,"turns":5},{"damage":64,"enemies":"Reptomancer","floor":41,"turns":7},{"damage":0,"enemies":"Maw","floor":45,"turns":7},{"damage":12,"enemies":"Nemesis","floor":46,"turns":5},{"damage":9,"enemies":"Time Eater","floor":50,"turns":7},{"damage":27,"enemies":"Awakened One","floor":51,"turns":7},{"damage":48,"enemies":"Shield and Spear","floor":55,"turns":5},{"damage":8,"enemies":"The Heart","floor":56,"turns":9}],"seed_played":"2425183858687685646","potions_obtained":[{"floor":7.0,"key":"Poison Potion"},{"floor":10.0,"key":"SkillPotion"},{"floor":16.0,"key":"Strength Potion"},{"floor":24,"key":"LiquidBronze"},{"floor":27,"key":"SpeedPotion"},{"floor":31,"key":"Ancient Potion"},{"floor":35,"key":"SteroidPotion"},{"floor":55,"key":"SpeedPotion"}],"is_trial":false,"path_per_floor":["M","M","?","?","M","R","E","R","T","E","$","E","R","?","R","B",null,"M","M","$","M","M","R","E","R","T","E","M","?","?","M","R","B",null,"M","?","?","$","M","R","E","R","T","?","M","E","$","$","R","B","B",null,"R","$","E","B",null],"character_chosen":"IRONCLAD","items_purchased":["Bag of Marbles","Feel No Pain","Shrug It Off","Body Slam","Feel No Pain","Disarm","Shrug It Off","Body Slam","Armaments","Shrug It Off"],"campfire_rested":2,"item_purchase_floors":[11,20,20,38,47,47,48,48,48,54],"current_hp_per_floor":[52,51,51,28,33,33,21,43,43,38,38,38,38,31,31,22,62,68,74,74,75,75,75,71,71,71,75,75,75,54,59,59,11,63,71,79,76,76,76,76,22,44,44,44,60,62,62,62,62,73,61,72,72,72,42,52],"gold":66,"neow_bonus":"ONE_RARE_RELIC","is_prod":false,"is_daily":false,"chose_seed":false,"campfire_upgraded":8,"win_rate":0,"timestamp":1564949681,"path_taken":["M","M","?","?","M","R","E","R","T","E","$","E","R","?","R","BOSS","M","M","$","?","M","R","E","R","T","E","M","?","?","M","R","BOSS","M","?","?","$","M","R","E","R","T","?","?","E","?","$","R","BOSS","BOSS","R","$","E","BOSS"],"build_version":"2019-07-17","purchased_purges":3,"victory":true,"max_hp_per_floor":[75,75,75,75,75,75,75,75,75,75,75,75,75,75,75,75,75,75,75,75,75,75,75,75,75,75,75,75,75,80,80,80,80,80,80,80,76,76,76,76,76,76,76,76,76,76,76,76,76,76,76,76,76,76,76,76],"card_choices":[{"not_picked":["Flex","Headbutt"],"picked":"Disarm","floor":1.0},{"not_picked":["Evolve","Shrug It Off"],"picked":"Uppercut","floor":2.0},{"not_picked":["Corruption","Body Slam"],"picked":"Carnage","floor":5.0},{"not_picked":["Perfected Strike","Seeing Red"],"picked":"Ghostly Armor","floor":7.0},{"not_picked":["Iron Wave","Bloodletting"],"picked":"Headbutt","floor":10.0},{"not_picked":["Entrench","Brutality"],"picked":"Shockwave","floor":12.0},{"not_picked":["Barricade","Berserk"],"picked":"Fiend Fire","floor":16.0},{"not_picked":["Flex","Thunderclap","Wild Strike"],"picked":"SKIP","floor":18.0},{"not_picked":["Inflame","Warcry"],"picked":"Battle Trance","floor":19.0},{"not_picked":["Headbutt","True Grit"],"picked":"Sever Soul","floor":21.0},{"not_picked":["Perfected Strike","Ghostly Armor"],"picked":"Disarm+1","floor":22.0},{"not_picked":["Reckless Charge+1","Clash"],"picked":"Clothesline","floor":24},{"not_picked":["Sword Boomerang+1","Clothesline","Clash"],"picked":"SKIP","floor":27},{"not_picked":["Combust","Uppercut"],"picked":"Dark Embrace","floor":28},{"not_picked":["Fire Breathing","Flex+1"],"picked":"Metallicize","floor":31},{"not_picked":["Bludgeon","Juggernaut"],"picked":"Barricade","floor":33},{"not_picked":["Anger+1"],"picked":"SKIP","floor":35},{"not_picked":[],"picked":"Spot Weakness","floor":39},{"not_picked":["Sword Boomerang+1"],"picked":"SKIP","floor":41},{"not_picked":["Twin Strike"],"picked":"SKIP","floor":45},{"not_picked":[],"picked":"Corruption","floor":46},{"not_picked":["Sword Boomerang"],"picked":"SKIP","floor":55}],"player_experience":1227651,"relics_obtained":[{"floor":7.0,"key":"Bottled Flame"},{"floor":9.0,"key":"Mercury Hourglass"},{"floor":10.0,"key":"Whetstone"},{"floor":12.0,"key":"Smiling Mask"},{"floor":24,"key":"Blood Vial"},{"floor":26,"key":"Centennial Puzzle"},{"floor":27,"key":"Bronze Scales"},{"floor":36,"key":"Bird Faced Urn"},{"floor":41,"key":"War Paint"},{"floor":46,"key":"Anchor"},{"floor":55,"key":"Gambling Chip"}],"event_choices":[{"damage_healed":0.0,"max_hp_gain":0.0,"max_hp_loss":0.0,"gold_gain":0.0,"event_name":"Living Wall","player_choice":"Grow","floor":3.0,"gold_loss":0.0,"damage_taken":0.0,"cards_upgraded":["Uppercut"]},{"damage_healed":0.0,"max_hp_gain":0.0,"max_hp_loss":0.0,"gold_gain":0.0,"event_name":"Shining Light","player_choice":"Entered Light","floor":4.0,"gold_loss":0.0,"damage_taken":23.0,"cards_upgraded":["Defend_R","Defend_R"]},{"damage_healed":0.0,"max_hp_gain":0.0,"max_hp_loss":0.0,"gold_gain":50.0,"event_name":"FaceTrader","player_choice":"Touch","floor":14.0,"gold_loss":0.0,"damage_taken":7.0},{"damage_healed":0,"gold_gain":0,"player_choice":"Ignored","damage_taken":0,"max_hp_gain":0,"max_hp_loss":0,"event_name":"Ghosts","floor":29,"gold_loss":0},{"damage_healed":0,"gold_gain":0,"player_choice":"Shed Blood","damage_taken":26,"max_hp_gain":5,"max_hp_loss":0,"event_name":"Forgotten Altar","floor":30,"gold_loss":0},{"damage_healed":0,"gold_gain":0,"player_choice":"Fight","damage_taken":0,"max_hp_gain":0,"max_hp_loss":0,"event_name":"MindBloom","floor":36,"gold_loss":0},{"damage_healed":0,"gold_gain":0,"player_choice":"Max HP","damage_taken":0,"max_hp_gain":0,"max_hp_loss":4,"event_name":"Winding Halls","floor":37,"gold_loss":0},{"damage_healed":0,"gold_gain":0,"player_choice":"Ignored","damage_taken":0,"max_hp_gain":0,"max_hp_loss":0,"event_name":"Tomb of Lord Red Mask","floor":44,"gold_loss":0}],"is_beta":false,"boss_relics":[{"not_picked":["Tiny House","Velvet Choker"],"picked":"Snecko Eye"},{"not_picked":["Lizard Tail","White Beast Statue"],"picked":"Busted Crown"}],"items_purged_floors":[20,38,48],"is_endless":false,"potions_floor_spawned":[7,10,16,24,27,28,31,35,36,41,55],"ascension_level":20}