{"gold_per_floor":[114,16,91,91,41,76,1,31,113,128,128,148,148,161,161,161],"floor_reached":16,"playtime":266,"items_purged":["Strike_B"],"score":190,"play_id":"4b57f804-3d86-4ffd-a260-90b1ac495702","local_time":"20190701174121","is_ascension_mode":true,"campfire_choices":[{"data":"Go for the Eyes","floor":11.0,"key":"SMITH"},{"data":"Hologram","floor":15.0,"key":"SMITH"}],"neow_cost":"NONE","seed_source_timestamp":0,"circlet_count":0,"master_deck":["Strike_B","Strike_B","Strike_B","Defend_B","Defend_B","Defend_B","Zap","Dualcast","Hologram+1","Capacitor","Go for the Eyes+1","Conserve Battery","Beam Cell","Cold Snap","Gash"],"special_seed":0,"relics":["Cracked Core","NeowsBlessing","Omamori","Oddly Smooth Stone","Bottled Flame"],"potions_floor_usage":[],"damage_taken":[{"damage":0.0,"enemies":"Cultist","floor":1.0,"turns":1.0},{"damage":0.0,"enemies":"Lagavulin","floor":6.0,"turns":1.0},{"damage":0.0,"enemies":"Gremlin Nob","floor":8.0,"turns":1.0},{"damage":0.0,"enemies":"Small Slimes","floor":10.0,"turns":3.0},{"damage":1.0,"enemies":"2 Louse","floor":12.0,"turns":2.0},{"damage":0.0,"enemies":"Looter","floor":14.0,"turns":3.0},{"damage":0,"enemies":"The Guardian","floor":16,"turns":1}],"seed_played":"5135148493974836163","potions_obtained":[{"floor":6.0,"key":"FocusPotion"},{"floor":10.0,"key":"SkillPotion"},{"floor":12.0,"key":"Weak Potion"}],"is_trial":false,"path_per_floor":["M","$","?","?","?","E","$","E","T","M","R","M","T","M","R","B"],"character_chosen":"DEFECT","items_purchased":["Capacitor","Go for the Eyes"],"campfire_rested":0,"item_purchase_floors":[2,2],"current_hp_per_floor":[75,75,64,69,69,69,69,69,69,69,69,68,68,68,68,68],"gold":161,"neow_bonus":"THREE_ENEMY_KILL","is_prod":false,"is_daily":false,"chose_seed":false,"campfire_upgraded":2,"win_rate":0,"timestamp":1561970481,"path_taken":["M","$","?","?","?","E","$","E","T","M","R","M","?","M","R","BOSS"],"build_version":"2019-01-23","purchased_purges":1,"victory":false,"max_hp_per_floor":[75,75,75,80,80,80,80,80,80,80,80,80,80,80,80,80],"card_choices":[{"not_picked":["Force Field","Scrape"],"picked":"Hologram","floor":1.0},{"not_picked":["Aggregate","FTL","Blizzard"],"picked":"SKIP","floor":6.0},{"not_picked":["Turbo","Hologram"],"picked":"Conserve Battery","floor":8.0},{"not_picked":["Leap","Compile Driver"],"picked":"Beam Cell","floor":10.0},{"not_picked":["Stack","Meteor Strike"],"picked":"Cold Snap","floor":12.0},{"not_picked":["Hologram","Melter"],"picked":"Gash","floor":14.0}],"player_experience":104751,"relics_obtained":[{"floor":6.0,"key":"Omamori"},{"floor":8.0,"key":"Oddly Smooth Stone"},{"floor":13.0,"key":"Bottled Flame"}],"event_choices":[{"damage_healed":0.0,"max_hp_gain":0.0,"max_hp_loss":0.0,"gold_gain":75.0,"event_name":"World of Goop","player_choice":"Gather Gold","floor":3.0,"gold_loss":0.0,"damage_taken":11.0},{"damage_healed":0.0,"max_hp_gain":5.0,"max_hp_loss":0.0,"gold_gain":0.0,"event_name":"Big Fish","player_choice":"Donut","floor":4.0,"gold_loss":0.0,"damage_taken":0.0},{"cards_removed":["Defend_B"],"damage_healed":0.0,"max_hp_gain":0.0,"max_hp_loss":0.0,"gold_gain":0.0,"event_name":"The Cleric","player_choice":"Card Removal","floor":5.0,"gold_loss":50.0,"damage_taken":0.0}],"is_beta":false,"boss_relics":[],"items_purged_floors":[7],"is_endless":false,"potions_floor_spawned":[6,10,12],"killed_by":"The Guardian","ascension_level":4}