{"gold_per_floor":[115,134,54,73,173,207,207,236,236,252,10,10,27,37,37,140,140,152,171,171,0,19,19,49,67,67,67,99,99,129,129,129,129],"floor_reached":33,"playtime":4094,"items_purged":["Catalyst"],"score":382,"play_id":"dfcc1f82-ede5-411a-bac3-e2d057d906af","local_time":"20190713012427","is_ascension_mode":true,"campfire_choices":[{"data":"Neutralize","floor":7,"key":"SMITH"},{"data":"Calculated Gamble","floor":12,"key":"SMITH"},{"data":"A Thousand Cuts","floor":15,"key":"SMITH"},{"floor":23,"key":"REST"},{"floor":27,"key":"REST"},{"floor":29,"key":"REST"},{"floor":32,"key":"REST"}],"neow_cost":"NONE","seed_source_timestamp":6443102775234,"circlet_count":0,"master_deck":["Strike_G","Strike_G","Strike_G","Strike_G","Strike_G","Defend_G+1","Defend_G","Defend_G","Defend_G+1","Defend_G","Survivor","Neutralize+1","Flying Knee","Well Laid Plans","Dagger Throw","Calculated Gamble+1","Terror","A Thousand Cuts+1","Infinite Blades","Bullet Time","Acrobatics","Accuracy","Cloak And Dagger","Cloak And Dagger","Cloak And Dagger","Accuracy+1","Escape Plan+1","Adrenaline","Ghostly","Ghostly","Ghostly","Ghostly","Ghostly"],"relics":["Ring of the Snake","War Paint","Bottled Tornado","Blood Vial","Question Card","Molten Egg 2","WristBlade","Smiling Mask","Orichalcum","Centennial Puzzle","Matryoshka","Darkstone Periapt"],"potions_floor_usage":[8,24,24,25,28],"damage_taken":[{"damage":5,"enemies":"Jaw Worm","floor":1,"turns":4},{"damage":1,"enemies":"Cultist","floor":2,"turns":4},{"damage":0,"enemies":"2 Louse","floor":4,"turns":2},{"damage":23,"enemies":"Gremlin Nob","floor":6,"turns":5},{"damage":0,"enemies":"Lagavulin","floor":8,"turns":8},{"damage":0,"enemies":"Looter","floor":10,"turns":3},{"damage":2,"enemies":"2 Fungi Beasts","floor":13,"turns":4},{"damage":3,"enemies":"3 Louse","floor":14,"turns":4},{"damage":13,"enemies":"Hexaghost","floor":16,"turns":9},{"damage":12,"enemies":"Spheric Guardian","floor":18,"turns":4},{"damage":19,"enemies":"Chosen","floor":19,"turns":6},{"damage":22,"enemies":"Centurion and Healer","floor":22,"turns":6},{"damage":30,"enemies":"Slavers","floor":24,"turns":8},{"damage":10,"enemies":"Snecko","floor":25,"turns":4},{"damage":2,"enemies":"Gremlin Leader","floor":28,"turns":7},{"damage":41,"enemies":"Slavers","floor":30,"turns":7},{"damage":0,"enemies":"Collector","floor":33,"turns":2}],"seed_played":"342597121201388419","potions_obtained":[{"floor":1,"key":"PowerPotion"},{"floor":6,"key":"PowerPotion"},{"floor":8,"key":"SpeedPotion"},{"floor":13,"key":"GamblersBrew"},{"floor":19,"key":"Explosive Potion"},{"floor":22,"key":"SpeedPotion"},{"floor":24,"key":"FearPotion"},{"floor":25,"key":"Explosive Potion"},{"floor":30,"key":"Energy Potion"}],"is_trial":false,"path_per_floor":["M","M","$","M","?","E","R","E","T","M","$","R","M","M","R","B",null,"M","M","?","$","M","R","E","M","T","R","E","R","E","?","R","B"],"character_chosen":"THE_SILENT","items_purchased":["Well Laid Plans","Molten Egg 2","Accuracy","Cloak And Dagger"],"campfire_rested":4,"item_purchase_floors":[3,11,21,21],"current_hp_per_floor":[65,64,64,64,64,41,41,41,41,43,43,43,43,42,42,31,70,58,41,41,41,21,42,14,6,6,27,27,48,9,9,19,21],"gold":129,"neow_bonus":"RANDOM_COMMON_RELIC","is_prod":false,"is_daily":false,"chose_seed":false,"campfire_upgraded":3,"win_rate":0,"timestamp":1562995467,"path_taken":["M","M","$","M","?","E","R","E","T","?","$","R","M","M","R","BOSS","M","M","?","$","M","R","E","M","T","R","E","R","E","?","R","BOSS"],"build_version":"2019-07-05","purchased_purges":1,"victory":false,"max_hp_per_floor":[70,70,70,70,70,70,70,70,70,70,70,70,70,70,70,70,70,70,70,70,70,70,70,70,70,70,70,70,70,70,35,35,35],"card_choices":[{"not_picked":["Flechettes","Prepared"],"picked":"Flying Knee","floor":1},{"not_picked":["Underhanded Strike","Tactician","Prepared"],"picked":"SKIP","floor":2},{"not_picked":["All Out Attack","Acrobatics"],"picked":"Dagger Throw","floor":4},{"not_picked":["Dodge and Roll","Crippling Poison"],"picked":"Calculated Gamble","floor":6},{"not_picked":["Acrobatics","Bane"],"picked":"Terror","floor":8},{"not_picked":["PiercingWail","Distraction","Dodge and Roll"],"picked":"Catalyst","floor":10},{"not_picked":["Finisher+1","Slice+1","Bane+1"],"picked":"A Thousand Cuts","floor":13},{"not_picked":["Dagger Throw+1","Backflip","Bouncing Flask"],"picked":"Infinite Blades","floor":14},{"not_picked":["Phantasmal Killer","Night Terror","Corpse Explosion"],"picked":"Bullet Time","floor":16},{"not_picked":["Poisoned Stab+1","Calculated Gamble","Dodge and Roll+1","Bane+1"],"picked":"SKIP","floor":18},{"not_picked":["Sucker Punch+1","Calculated Gamble+1","Caltrops+1"],"picked":"Acrobatics","floor":19},{"not_picked":["Crippling Poison+1","Prepared","PiercingWail"],"picked":"Cloak And Dagger","floor":22},{"not_picked":["Expertise","After Image","PiercingWail+1"],"picked":"Cloak And Dagger","floor":24},{"not_picked":["Sucker Punch+1","Acrobatics","Underhanded Strike+1"],"picked":"Accuracy+1","floor":25},{"not_picked":["Dagger Spray+1","Prepared","Outmaneuver"],"picked":"Escape Plan+1","floor":28},{"not_picked":["Cloak And Dagger","Prepared","Underhanded Strike+1"],"picked":"Adrenaline","floor":30}],"player_experience":83601,"relics_obtained":[{"floor":6,"key":"Bottled Tornado"},{"floor":8,"key":"Blood Vial"},{"floor":9,"key":"Question Card"},{"floor":24,"key":"Orichalcum"},{"floor":26,"key":"Centennial Puzzle"},{"floor":28,"key":"Matryoshka"},{"floor":30,"key":"Darkstone Periapt"}],"event_choices":[{"damage_healed":0,"gold_gain":100,"player_choice":"Gold","damage_taken":0,"max_hp_gain":0,"max_hp_loss":0,"event_name":"Wheel of Change","floor":5,"gold_loss":0},{"damage_healed":0,"gold_gain":0,"player_choice":"Opened","damage_taken":0,"relics_obtained":["Smiling Mask"],"max_hp_gain":0,"max_hp_loss":0,"event_name":"The Mausoleum","floor":20,"gold_loss":0},{"damage_healed":0,"gold_gain":0,"player_choice":"Became a Ghost","damage_taken":0,"max_hp_gain":0,"max_hp_loss":35,"event_name":"Ghosts","floor":31,"gold_loss":0,"cards_obtained":["Ghostly","Ghostly","Ghostly","Ghostly","Ghostly"]}],"is_beta":false,"boss_relics":[{"not_picked":["Coffee Dripper","Ring of the Serpent"],"picked":"WristBlade"}],"items_purged_floors":[21],"is_endless":false,"potions_floor_spawned":[1,6,8,13,19,22,24,25,30],"killed_by":"Collector","ascension_level":1}