{"gold_per_floor":[114,114,114,129,54,54,81,93,174,185,185,219,219,231,231,231],"floor_reached":16,"playtime":706,"items_purged":["Regret"],"score":223,"play_id":"7ffe8f61-75f8-4ee4-b4f3-2eec96c2129b","local_time":"20190804000655","is_ascension_mode":true,"campfire_choices":[{"data":"Neutralize","floor":6,"key":"SMITH"},{"data":"Cloak And Dagger","floor":11,"key":"SMITH"},{"data":"Sucker Punch","floor":13,"key":"SMITH"},{"data":"Cloak And Dagger","floor":15,"key":"SMITH"}],"neow_cost":"NONE","seed_source_timestamp":418784831675300,"circlet_count":0,"master_deck":["AscendersBane","Strike_G","Strike_G","Strike_G","Strike_G","Defend_G","Defend_G","Defend_G","Defend_G","Defend_G","Survivor","Neutralize+1","Cloak And Dagger+1","Riddle With Holes","Escape Plan","Cloak And Dagger+1","Sucker Punch+1","PiercingWail","Doppelganger"],"relics":["Ring of the Snake","NeowsBlessing","Vajra","Lantern","Darkstone Periapt","Happy Flower"],"potions_floor_usage":[16],"damage_taken":[{"damage":0,"enemies":"Small Slimes","floor":1,"turns":1},{"damage":0,"enemies":"Jaw Worm","floor":4,"turns":1},{"damage":0,"enemies":"Gremlin Nob","floor":7,"turns":1},{"damage":0,"enemies":"2 Louse","floor":8,"turns":2},{"damage":0,"enemies":"2 Fungi Beasts","floor":10,"turns":4},{"damage":11,"enemies":"3 Sentries","floor":12,"turns":8},{"damage":0,"enemies":"Large Slime","floor":14,"turns":5},{"damage":45,"enemies":"Hexaghost","floor":16,"turns":14}],"seed_played":"8761724562597560030","potions_obtained":[{"floor":7,"key":"AttackPotion"},{"floor":8,"key":"LiquidBronze"}],"is_trial":false,"path_per_floor":["M","?","?","M","$","R","E","M","T","M","R","E","R","M","R","B"],"character_chosen":"THE_SILENT","items_purchased":[],"campfire_rested":0,"item_purchase_floors":[],"current_hp_per_floor":[63,56,56,56,56,56,56,56,56,56,56,45,45,45,45,0],"gold":231,"neow_bonus":"THREE_ENEMY_KILL","is_prod":false,"is_daily":false,"chose_seed":false,"campfire_upgraded":4,"win_rate":0,"timestamp":1564891615,"path_taken":["M","?","?","M","?","R","E","M","T","?","R","E","R","M","R","BOSS"],"build_version":"2019-07-18","purchased_purges":1,"victory":false,"max_hp_per_floor":[70,70,70,70,70,70,70,70,70,70,70,70,70,70,70,70],"card_choices":[{"not_picked":["Underhanded Strike","Dagger Throw"],"picked":"Cloak And Dagger","floor":1},{"not_picked":["Predator","Prepared"],"picked":"Riddle With Holes","floor":4},{"not_picked":["Heel Hook","Dodge and Roll"],"picked":"Escape Plan","floor":7},{"not_picked":["Terror","Expertise"],"picked":"Cloak And Dagger","floor":8},{"not_picked":["Flying Knee","Choke"],"picked":"Sucker Punch","floor":10},{"not_picked":["Acrobatics","Setup"],"picked":"PiercingWail","floor":12},{"not_picked":["Slice","Eviscerate"],"picked":"Doppelganger","floor":14}],"player_experience":362608,"relics_obtained":[{"floor":7,"key":"Lantern"},{"floor":9,"key":"Darkstone Periapt"},{"floor":12,"key":"Happy Flower"}],"event_choices":[{"cards_removed":["Strike_G"],"damage_healed":0,"gold_gain":0,"player_choice":"Card Removal","damage_taken":7,"max_hp_gain":0,"max_hp_loss":0,"event_name":"Golden Wing","floor":2,"gold_loss":0},{"damage_healed":0,"gold_gain":0,"player_choice":"Box","damage_taken":0,"relics_obtained":["Vajra"],"max_hp_gain":0,"max_hp_loss":0,"event_name":"Big Fish","floor":3,"gold_loss":0,"cards_obtained":["Regret"]}],"is_beta":true,"boss_relics":[],"items_purged_floors":[5],"is_endless":false,"potions_floor_spawned":[7,8],"killed_by":"Hexaghost","ascension_level":13}