{"gold_per_floor":[112,4,4,4,179,199,229,243,243,243,11,74,74,89,89,184,184,184,184,154,154,154,154,154,154],"floor_reached":25,"playtime":2213,"items_purged":["Doubt"],"score":258,"play_id":"50e52836-afe5-49a6-a7fe-547d8e0e3444","local_time":"20190808174444","is_ascension_mode":true,"campfire_choices":[{"data":"Zap","floor":10,"key":"SMITH"},{"data":"Capacitor","floor":15,"key":"SMITH"},{"data":"Defragment","floor":23,"key":"SMITH"}],"neow_cost":"NONE","seed_source_timestamp":306387036372300,"circlet_count":0,"master_deck":["Strike_B","Strike_B","Strike_B","Defend_B","Defend_B","Defend_B","Defend_B","Zap+1","Dualcast","Streamline","Double Energy","Melter","Chill","Glacier","Barrage","Capacitor+1","Reboot+1","Sunder","Stack+1","Amplify+1","Turbo+1","Consume+1","Defragment+1","Barrage","Buffer"],"relics":["Cracked Core","NeowsBlessing","Dodecahedron","Toxic Egg 2","Ectoplasm","Pantograph","Omamori"],"potions_floor_usage":[20,24],"damage_taken":[{"damage":0,"enemies":"Cultist","floor":1,"turns":1},{"damage":0,"enemies":"Small Slimes","floor":6,"turns":1},{"damage":0,"enemies":"3 Sentries","floor":7,"turns":1},{"damage":3,"enemies":"2 Louse","floor":8,"turns":2},{"damage":0,"enemies":"Large Slime","floor":14,"turns":3},{"damage":13,"enemies":"The Guardian","floor":16,"turns":11},{"damage":20,"enemies":"Chosen","floor":18,"turns":5},{"damage":0,"enemies":"2 Thieves","floor":20,"turns":4},{"damage":0,"enemies":"Snake Plant","floor":21,"turns":4},{"damage":19,"enemies":"Shelled Parasite and Fungi","floor":22,"turns":6},{"damage":47,"enemies":"Slavers","floor":24,"turns":6},{"damage":10,"enemies":"Snecko","floor":25,"turns":3}],"seed_played":"-6791647595249174037","potions_obtained":[{"floor":6,"key":"Strength Potion"},{"floor":8,"key":"Energy Potion"},{"floor":14,"key":"Regen Potion"},{"floor":18,"key":"Swift Potion"}],"is_trial":false,"path_per_floor":["M","$","?","$","?","M","E","M","T","R","$","?","?","M","R","B",null,"M","?","M","M","M","R","E","M"],"character_chosen":"DEFECT","items_purchased":["Double Energy","Melter","Capacitor","Reboot+1"],"campfire_rested":0,"item_purchase_floors":[2,2,11,11],"current_hp_per_floor":[75,75,80,80,80,80,80,77,77,77,77,77,77,77,77,64,80,60,60,60,60,41,41,9,0],"gold":154,"neow_bonus":"THREE_ENEMY_KILL","is_prod":false,"is_daily":false,"chose_seed":false,"campfire_upgraded":3,"win_rate":0,"timestamp":1565253884,"path_taken":["M","$","?","$","?","M","E","M","T","R","$","?","?","M","R","BOSS","M","?","M","M","M","R","E","M"],"build_version":"2019-07-17","purchased_purges":1,"victory":false,"max_hp_per_floor":[75,75,80,80,80,80,80,80,80,80,80,80,80,80,80,80,80,80,80,80,80,80,80,80,80],"card_choices":[{"not_picked":["Coolheaded","Cold Snap"],"picked":"Streamline","floor":1},{"not_picked":["Steam","Hologram"],"picked":"Chill","floor":6},{"not_picked":["Doom and Gloom","Force Field"],"picked":"Glacier","floor":7},{"not_picked":["Loop","Beam Cell"],"picked":"Barrage","floor":8},{"not_picked":["Loop","Reprogram+1"],"picked":"Stack+1","floor":14},{"not_picked":["Buffer","Machine Learning"],"picked":"Amplify+1","floor":16},{"not_picked":["Rip and Tear","Heatsinks"],"picked":"Turbo+1","floor":18},{"not_picked":["FTL","Heatsinks+1"],"picked":"Consume+1","floor":20},{"not_picked":["Sweeping Beam","Cold Snap"],"picked":"Defragment","floor":21},{"not_picked":["Gash","Beam Cell"],"picked":"Barrage","floor":22},{"not_picked":["Lockon","Static Discharge+1"],"picked":"Buffer","floor":24}],"player_experience":220791,"relics_obtained":[{"floor":7,"key":"Dodecahedron"},{"floor":9,"key":"Toxic Egg 2"},{"floor":24,"key":"Omamori"}],"event_choices":[{"damage_healed":0,"gold_gain":0,"player_choice":"Donut","damage_taken":0,"max_hp_gain":5,"max_hp_loss":0,"event_name":"Big Fish","floor":3,"gold_loss":0},{"damage_healed":0,"gold_gain":175,"player_choice":"AGREE","damage_taken":0,"max_hp_gain":0,"max_hp_loss":0,"event_name":"Liars Game","floor":5,"gold_loss":0,"cards_obtained":["Doubt"]},{"damage_healed":0,"gold_gain":63,"player_choice":"Gained Gold","damage_taken":0,"max_hp_gain":0,"max_hp_loss":0,"event_name":"Golden Wing","floor":12,"gold_loss":0},{"damage_healed":0,"gold_gain":0,"cards_transformed":["Strike_B"],"player_choice":"Change","damage_taken":0,"max_hp_gain":0,"max_hp_loss":0,"event_name":"Living Wall","floor":13,"gold_loss":0,"cards_obtained":["Sunder"]},{"damage_healed":0,"gold_gain":0,"player_choice":"Gave Potion","damage_taken":0,"relics_obtained":["Pantograph"],"max_hp_gain":0,"max_hp_loss":0,"event_name":"WeMeetAgain","floor":19,"gold_loss":0}],"is_beta":false,"boss_relics":[{"not_picked":["White Beast Statue","Fusion Hammer"],"picked":"Ectoplasm"}],"items_purged_floors":[11],"is_endless":false,"potions_floor_spawned":[6,8,14,16,18],"killed_by":"Snecko","ascension_level":1}