{"gold_per_floor":[117,117,46,59,72,72,102,121,121,121],"floor_reached":10,"playtime":641,"items_purged":[],"score":92,"play_id":"2aebbcb3-698f-4ba8-8b82-caa9727b4fb0","local_time":"20190806140039","is_ascension_mode":true,"campfire_choices":[{"data":"Uppercut","floor":6,"key":"SMITH"}],"neow_cost":"","seed_source_timestamp":249226414838800,"circlet_count":0,"master_deck":["Strike_R","Strike_R","Strike_R","Strike_R","Strike_R","Defend_R","Defend_R","Defend_R","Defend_R","Bash+1","True Grit","Master of Strategy","Metallicize","Uppercut+1","Feel No Pain","Flame Barrier","Disarm"],"relics":["Burning Blood","Dead Branch","Letter Opener","Paper Frog"],"potions_floor_usage":[],"damage_taken":[{"damage":0,"enemies":"2 Louse","floor":1,"turns":3},{"damage":0,"enemies":"Cultist","floor":4,"turns":3},{"damage":4,"enemies":"Small Slimes","floor":5,"turns":5},{"damage":46,"enemies":"3 Sentries","floor":7,"turns":7},{"damage":5,"enemies":"2 Fungi Beasts","floor":8,"turns":5},{"damage":37,"enemies":"Exordium Thugs","floor":10,"turns":5}],"seed_played":"3908333547199252768","potions_obtained":[{"floor":4,"key":"Fire Potion"},{"floor":7,"key":"Block Potion"},{"floor":8,"key":"SneckoOil"}],"is_trial":false,"path_per_floor":["M","?","$","M","M","R","E","M","T","M"],"character_chosen":"IRONCLAD","items_purchased":["True Grit","Uppercut"],"campfire_rested":0,"item_purchase_floors":[0,3],"current_hp_per_floor":[64,64,64,70,72,72,32,33,33,0],"gold":121,"neow_bonus":"","is_prod":false,"is_daily":false,"chose_seed":false,"campfire_upgraded":1,"win_rate":0,"timestamp":1565118039,"path_taken":["M","?","$","M","M","R","E","?","T","?"],"build_version":"2019-07-17","purchased_purges":0,"victory":false,"max_hp_per_floor":[80,80,80,80,80,80,80,80,80,80],"card_choices":[{"not_picked":["True Grit","Shrug It Off"],"picked":"Metallicize","floor":1},{"not_picked":["Hemokinesis","Rupture","Iron Wave"],"picked":"SKIP","floor":4},{"not_picked":["Power Through","Bloodletting"],"picked":"Feel No Pain","floor":5},{"not_picked":["Battle Trance","Carnage"],"picked":"Flame Barrier","floor":7},{"not_picked":["Thunderclap","Havoc"],"picked":"Disarm","floor":8}],"player_experience":473688,"relics_obtained":[{"floor":7,"key":"Letter Opener"},{"floor":9,"key":"Paper Frog"}],"event_choices":[{"damage_healed":0,"gold_gain":0,"player_choice":"Forge","damage_taken":0,"max_hp_gain":0,"max_hp_loss":0,"event_name":"Accursed Blacksmith","floor":2,"gold_loss":0,"cards_upgraded":["Bash"]}],"is_beta":false,"boss_relics":[],"items_purged_floors":[],"is_endless":false,"potions_floor_spawned":[4,7,8],"killed_by":"Exordium Thugs","ascension_level":7}