{"gold_per_floor":[118,137,137,412,432,432,445,445,445,445,458,8,22,38,38,141,141,161,178,198,212,225,225,259,271,283,295,307,319,331,343,355,466,478,504,530,145,163,173,173,201,201,201,201,229,244,28,39,39,39],"floor_reached":51,"playtime":7250,"items_purged":["Regret","Strike_R+1"],"score":721,"play_id":"66fb749b-ce93-4ffb-80b1-6af7f802ba4c","local_time":"20190804170319","is_ascension_mode":false,"campfire_choices":[{"data":"Inflame","floor":6,"key":"SMITH"},{"data":"Flame Barrier","floor":8,"key":"SMITH"},{"data":"Bash","floor":10,"key":"SMITH"},{"data":"Seeing Red","floor":15,"key":"SMITH"},{"floor":23,"key":"REST"},{"floor":25,"key":"REST"},{"data":"Demon Form","floor":27,"key":"SMITH"},{"data":"Heavy Blade","floor":30,"key":"SMITH"},{"data":"J.A.X.","floor":32,"key":"SMITH"},{"floor":40,"key":"REST"},{"data":"Metallicize","floor":42,"key":"SMITH"},{"data":"Metallicize","floor":44,"key":"SMITH"},{"floor":49,"key":"REST"}],"neow_cost":"NONE","seed_source_timestamp":76257970652419,"circlet_count":0,"master_deck":["Strike_R+1","Strike_R+1","Strike_R+1","Strike_R+1","Defend_R+1","Defend_R+1","Defend_R+1","Defend_R+1","Bash+1","Inflame+1","Flame Barrier+1","Headbutt","Intimidate","Heavy Blade+1","Uppercut","Seeing Red+1","Demon Form+1","Pommel Strike","Seeing Red+1","Iron Wave+1","J.A.X.+1","Reaper","Rampage+1","Metallicize+1","Battle Trance","Pommel Strike+1","Rampage","Metallicize+1","Intimidate+1","Feel No Pain+1","Spot Weakness"],"relics":["Burning Blood","Strawberry","Mummified Hand","Regal Pillow","Ornamental Fan","Lizard Tail","MawBank","Sundial","Gremlin Horn","Velvet Choker","Oddly Smooth Stone","Self Forming Clay","Bottled Flame","Bottled Lightning","Happy Flower"],"potions_floor_usage":[21,21,45,45],"damage_taken":[{"damage":2,"enemies":"Small Slimes","floor":1,"turns":4},{"damage":5,"enemies":"Cultist","floor":2,"turns":4},{"damage":2,"enemies":"2 Louse","floor":5,"turns":3},{"damage":10,"enemies":"2 Fungi Beasts","floor":7,"turns":4},{"damage":6,"enemies":"Large Slime","floor":11,"turns":7},{"damage":10,"enemies":"3 Louse","floor":13,"turns":5},{"damage":0,"enemies":"Red Slaver","floor":14,"turns":4},{"damage":42,"enemies":"The Guardian","floor":16,"turns":14},{"damage":26,"enemies":"Spheric Guardian","floor":18,"turns":6},{"damage":21,"enemies":"Shell Parasite","floor":19,"turns":7},{"damage":44,"enemies":"3 Cultists","floor":20,"turns":7},{"damage":23,"enemies":"Cultist and Chosen","floor":21,"turns":6},{"damage":18,"enemies":"Centurion and Healer","floor":22,"turns":10},{"damage":33,"enemies":"Gremlin Leader","floor":24,"turns":7},{"damage":43,"enemies":"Collector","floor":33,"turns":7},{"damage":27,"enemies":"3 Shapes","floor":35,"turns":7},{"damage":35,"enemies":"3 Darklings","floor":36,"turns":5},{"damage":23,"enemies":"Writhing Mass","floor":38,"turns":6},{"damage":38,"enemies":"4 Shapes","floor":39,"turns":7},{"damage":26,"enemies":"Reptomancer","floor":41,"turns":4},{"damage":65,"enemies":"Nemesis","floor":45,"turns":7},{"damage":0,"enemies":"Jaw Worm Horde","floor":46,"turns":6},{"damage":11,"enemies":"Transient","floor":48,"turns":5},{"damage":76,"enemies":"Donu and Deca","floor":50,"turns":9}],"seed_played":"5433895214299675508","potions_obtained":[{"floor":1,"key":"Energy Potion"},{"floor":5,"key":"FearPotion"},{"floor":16,"key":"Swift Potion"},{"floor":18,"key":"GamblersBrew"},{"floor":20,"key":"PowerPotion"},{"floor":21,"key":"SpeedPotion"},{"floor":33,"key":"GamblersBrew"}],"is_trial":false,"path_per_floor":["M","M","?","?","M","R","M","R","T","R","M","$","M","M","R","B",null,"M","M","M","M","M","R","E","R","T","R","?","?","R","?","R","B",null,"M","M","$","M","M","R","E","R","T","R","E","M","$","M","R","B",null],"character_chosen":"IRONCLAD","items_purchased":["Heavy Blade","Uppercut","Ornamental Fan","Oddly Smooth Stone","Metallicize","Battle Trance","Spot Weakness","Happy Flower"],"campfire_rested":4,"item_purchase_floors":[12,12,12,37,37,37,47,47],"current_hp_per_floor":[87,87,80,80,84,84,80,80,80,80,80,80,76,82,82,46,87,67,52,14,41,29,70,43,84,84,84,84,84,84,84,84,47,87,78,75,75,58,54,87,67,67,67,67,8,29,29,46,87,17],"gold":39,"neow_bonus":"RANDOM_COMMON_RELIC","is_prod":false,"is_daily":false,"chose_seed":false,"campfire_upgraded":9,"win_rate":0,"timestamp":1564956199,"path_taken":["M","M","?","?","?","R","M","R","T","R","M","$","M","M","R","BOSS","M","M","M","M","M","R","E","R","T","R","?","?","R","?","R","BOSS","M","M","$","M","M","R","E","R","T","R","E","M","$","M","R","BOSS"],"build_version":"2019-01-23","purchased_purges":2,"victory":true,"max_hp_per_floor":[87,87,87,87,87,87,87,87,87,87,87,87,87,87,87,87,87,87,87,87,87,87,87,87,87,87,87,87,87,87,87,87,87,87,87,87,87,87,87,87,87,87,87,87,87,87,87,87,87,87],"card_choices":[{"not_picked":["Headbutt","Bloodletting"],"picked":"Inflame","floor":1},{"not_picked":["Warcry","Hemokinesis"],"picked":"Flame Barrier","floor":2},{"not_picked":["Sword Boomerang","Clash","Perfected Strike"],"picked":"SKIP","floor":5},{"not_picked":["Clash","Cleave"],"picked":"Headbutt","floor":7},{"not_picked":["Rage","Twin Strike"],"picked":"Intimidate","floor":11},{"not_picked":["Ghostly Armor","Perfected Strike","Burning Pact"],"picked":"SKIP","floor":13},{"not_picked":["Perfected Strike","Pummel"],"picked":"Seeing Red","floor":14},{"not_picked":["Double Tap","Berserk"],"picked":"Demon Form","floor":16},{"not_picked":["Twin Strike","Blood for Blood"],"picked":"Pommel Strike","floor":18},{"not_picked":["Combust","Body Slam","Flex"],"picked":"SKIP","floor":19},{"not_picked":["Anger","Headbutt+1"],"picked":"Seeing Red+1","floor":20},{"not_picked":["Second Wind","Warcry","Twin Strike"],"picked":"SKIP","floor":21},{"not_picked":["Uppercut","Headbutt"],"picked":"Iron Wave+1","floor":22},{"not_picked":["Corruption","Burning Pact","Disarm"],"picked":"SKIP","floor":24},{"not_picked":["Feed","Bludgeon"],"picked":"Reaper","floor":33},{"not_picked":["Second Wind","True Grit"],"picked":"Rampage+1","floor":35},{"not_picked":["Sword Boomerang","Carnage+1","Twin Strike+1"],"picked":"SKIP","floor":36},{"not_picked":["Sword Boomerang","Feel No Pain+1"],"picked":"Pommel Strike+1","floor":38},{"not_picked":["Body Slam","Perfected Strike"],"picked":"Rampage","floor":39},{"not_picked":["Pommel Strike","Anger"],"picked":"Metallicize","floor":41},{"not_picked":["Headbutt","Sword Boomerang+1"],"picked":"Intimidate+1","floor":45},{"not_picked":["Entrench+1","Warcry"],"picked":"Feel No Pain+1","floor":46},{"not_picked":["Bloodletting","Clash+1","True Grit+1"],"picked":"SKIP","floor":48}],"player_experience":76085,"relics_obtained":[{"floor":9,"key":"Regal Pillow"},{"floor":24,"key":"MawBank"},{"floor":26,"key":"Sundial"},{"floor":41,"key":"Self Forming Clay"},{"floor":43,"key":"Bottled Flame"},{"floor":45,"key":"Bottled Lightning"}],"event_choices":[{"damage_healed":0,"gold_gain":0,"player_choice":"Success","damage_taken":7,"relics_obtained":["Mummified Hand"],"max_hp_gain":0,"max_hp_loss":0,"event_name":"Scrap Ooze","floor":3,"gold_loss":0},{"damage_healed":0,"gold_gain":275,"player_choice":"Desecrate","damage_taken":0,"max_hp_gain":0,"max_hp_loss":0,"event_name":"Golden Shrine","floor":4,"gold_loss":0,"cards_obtained":["Regret"]},{"damage_healed":0,"gold_gain":0,"player_choice":"Opened","damage_taken":0,"relics_obtained":["Gremlin Horn"],"max_hp_gain":0,"max_hp_loss":0,"event_name":"The Mausoleum","floor":28,"gold_loss":0},{"damage_healed":0,"gold_gain":0,"player_choice":"Simplicity","damage_taken":0,"max_hp_gain":0,"max_hp_loss":0,"event_name":"Back to Basics","floor":29,"gold_loss":0,"cards_upgraded":["Strike_R","Strike_R","Strike_R","Strike_R","Strike_R","Defend_R","Defend_R","Defend_R","Defend_R"]},{"damage_healed":0,"gold_gain":0,"player_choice":"Obtain J.A.X.","damage_taken":0,"max_hp_gain":0,"max_hp_loss":0,"event_name":"Drug Dealer","floor":31,"gold_loss":0,"cards_obtained":["J.A.X."]}],"is_beta":true,"boss_relics":[{"not_picked":["White Beast Statue","Cursed Key"],"picked":"Lizard Tail"},{"not_picked":["Black Star","Runic Cube"],"picked":"Velvet Choker"}],"items_purged_floors":[12,37],"is_endless":false,"potions_floor_spawned":[1,5,16,18,19,20,21,33,38,39],"ascension_level":0}