{"gold_per_floor":[110,110,120,138,149,149,159,190,190,190,42,42,55,88,88,189,189,201,201,201],"floor_reached":20,"playtime":3412,"items_purged":["Strike_G"],"score":202,"play_id":"4024c8ad-66d7-4767-832b-af6836e764b1","local_time":"20190810115457","is_ascension_mode":true,"campfire_choices":[{"data":"Neutralize","floor":6,"key":"SMITH"},{"data":"Leg Sweep","floor":10,"key":"SMITH"},{"data":"Venomology","floor":15,"key":"SMITH"}],"neow_cost":"NONE","seed_source_timestamp":50537666752342,"circlet_count":0,"master_deck":["Strike_G","Strike_G","Strike_G","Strike_G","Defend_G","Defend_G","Defend_G","Defend_G","Defend_G","Survivor","Neutralize+1","Quick Slash","Leg Sweep+1","Poisoned Stab","Poisoned Stab","Outmaneuver","Venomology+1","Escape Plan","Envenom","Dodge and Roll"],"relics":["Eternal Feather","Omamori","Matryoshka","Ornamental Fan","Philosopher\u0027s Stone"],"potions_floor_usage":[13,14,14,16,18,18,20],"damage_taken":[{"damage":0,"enemies":"Jaw Worm","floor":1,"turns":6},{"damage":5,"enemies":"2 Louse","floor":3,"turns":3},{"damage":0,"enemies":"Small Slimes","floor":4,"turns":3},{"damage":8,"enemies":"3 Louse","floor":5,"turns":4},{"damage":2,"enemies":"2 Fungi Beasts","floor":7,"turns":5},{"damage":32,"enemies":"3 Sentries","floor":8,"turns":11},{"damage":1,"enemies":"Looter","floor":13,"turns":5},{"damage":4,"enemies":"Lagavulin","floor":14,"turns":6},{"damage":45,"enemies":"Hexaghost","floor":16,"turns":16},{"damage":28,"enemies":"3 Byrds","floor":18,"turns":5},{"damage":48,"enemies":"Masked Bandits","floor":20,"turns":5}],"seed_played":"-2454743321869103728","potions_obtained":[{"floor":4,"key":"Explosive Potion"},{"floor":5,"key":"SkillPotion"},{"floor":8,"key":"FearPotion"},{"floor":16,"key":"Explosive Potion"}],"is_trial":false,"path_per_floor":["M","?","M","M","M","R","M","E","T","R","$","?","M","E","R","B",null,"M","?","?"],"character_chosen":"THE_SILENT","items_purchased":["Escape Plan"],"campfire_rested":0,"item_purchase_floors":[11],"current_hp_per_floor":[70,75,70,70,62,71,69,37,37,46,46,64,63,59,68,23,75,47,47,0],"gold":201,"neow_bonus":"BOSS_RELIC","is_prod":false,"is_daily":false,"chose_seed":false,"campfire_upgraded":3,"win_rate":0,"timestamp":1565452497,"path_taken":["M","?","M","M","M","R","M","E","T","R","$","?","M","E","R","BOSS","M","?","?"],"build_version":"2019-07-17","purchased_purges":1,"victory":false,"max_hp_per_floor":[70,75,75,75,75,75,75,75,75,75,75,75,75,75,75,75,75,75,75,75],"card_choices":[{"not_picked":["Heel Hook","Dagger Throw"],"picked":"Quick Slash","floor":1},{"not_picked":["Dagger Throw","Backstab"],"picked":"Leg Sweep","floor":3},{"not_picked":["Heel Hook","Dagger Spray"],"picked":"Poisoned Stab","floor":4},{"not_picked":["Flechettes","PiercingWail"],"picked":"Poisoned Stab","floor":5},{"not_picked":["Dagger Throw","PiercingWail"],"picked":"Outmaneuver","floor":7},{"not_picked":["Dagger Throw","Wraith Form v2"],"picked":"Venomology","floor":8},{"not_picked":["Finisher","Infinite Blades","Flying Knee"],"picked":"SKIP","floor":13},{"not_picked":["Dagger Spray","Underhanded Strike","Predator"],"picked":"SKIP","floor":14},{"not_picked":["A Thousand Cuts","After Image"],"picked":"Envenom","floor":16},{"not_picked":["Slice+1","Riddle With Holes+1"],"picked":"Dodge and Roll","floor":18}],"player_experience":121963,"relics_obtained":[{"floor":8,"key":"Omamori"},{"floor":9,"key":"Matryoshka"},{"floor":14,"key":"Ornamental Fan"}],"event_choices":[{"damage_healed":0,"gold_gain":0,"player_choice":"Donut","damage_taken":0,"max_hp_gain":5,"max_hp_loss":0,"event_name":"Big Fish","floor":2,"gold_loss":0},{"damage_healed":18,"gold_gain":0,"player_choice":"Healed and dodged fight","damage_taken":0,"max_hp_gain":0,"max_hp_loss":0,"event_name":"Mushrooms","floor":12,"gold_loss":0,"cards_obtained":["Parasite"]},{"damage_healed":0,"gold_gain":0,"player_choice":"Ignored","damage_taken":0,"max_hp_gain":0,"max_hp_loss":0,"event_name":"Ghosts","floor":19,"gold_loss":0},{"damage_healed":0,"gold_gain":0,"player_choice":"Fought Bandits","damage_taken":0,"max_hp_gain":0,"max_hp_loss":0,"event_name":"Masked Bandits","floor":20,"gold_loss":0}],"is_beta":false,"boss_relics":[{"not_picked":["White Beast Statue","Lizard Tail"],"picked":"Philosopher\u0027s Stone"}],"items_purged_floors":[11],"is_endless":false,"potions_floor_spawned":[4,5,8,16],"killed_by":"Masked Bandits","ascension_level":2}