{"gold_per_floor":[17,17,32,32,48,84,84,118,118,118,139,174,199,218,218,311,311,326,2,2,2,57,96,96,140,140,184,184,4,18,31,31,110,110,125,0,19,19,19,53,53,82,82,115,28,28,28,54,54,54,54,54,54,54,85,85],"floor_reached":56,"playtime":7457,"items_purged":["Strike_G"],"score":2174,"play_id":"9e0f0cff-1322-46ff-8c8e-9df685660538","local_time":"20190721164722","is_ascension_mode":true,"campfire_choices":[{"floor":7.0,"key":"REST"},{"floor":10.0,"key":"REST"},{"data":"Deadly Poison","floor":15.0,"key":"SMITH"},{"floor":24.0,"key":"REST"},{"data":"Catalyst","floor":32.0,"key":"SMITH"},{"floor":41.0,"key":"REST"},{"floor":47.0,"key":"RECALL"},{"data":"Bouncing Flask","floor":49.0,"key":"SMITH"},{"data":"Deadly Poison","floor":53.0,"key":"SMITH"}],"neow_cost":"NO_GOLD","seed_source_timestamp":0,"circlet_count":0,"master_deck":["AscendersBane","Strike_G","Strike_G","Defend_G","Defend_G","Defend_G","Defend_G","Survivor","Neutralize","Poisoned Stab","Leg Sweep+1","Cloak And Dagger","Deadly Poison+1","Flechettes","Slice","Cloak And Dagger","Well Laid Plans+1","Wraith Form v2+1","After Image+1","Catalyst+1","Noxious Fumes+1","Bouncing Flask+1","Skewer","PiercingWail","Wraith Form v2+1","Noxious Fumes+1","Quick Slash","Acrobatics+1","Backflip","Noxious Fumes+1","Backflip","PiercingWail","Wraith Form v2+1","Injury","Injury","Shame","Deadly Poison+1","Dodge and Roll","Venomology","Crippling Poison+1"],"special_seed":0,"relics":["Ring of the Snake","Bloody Idol","Mercury Hourglass","Paper Crane","Frozen Egg 2","Juzu Bracelet","HoveringKite","Boot","Pantograph","Regal Pillow","Darkstone Periapt","Tingsha","Calling Bell","Snake Skull","Molten Egg 2","Mango","Red Mask","Blood Vial","Letter Opener","Pen Nib","Oddly Smooth Stone"],"potions_floor_usage":[56,56,56],"damage_taken":[{"damage":2.0,"enemies":"2 Louse","floor":1.0,"turns":4.0},{"damage":3.0,"enemies":"Small Slimes","floor":3.0,"turns":4.0},{"damage":0.0,"enemies":"Cultist","floor":5.0,"turns":5.0},{"damage":44.0,"enemies":"Gremlin Nob","floor":6.0,"turns":6.0},{"damage":3.0,"enemies":"Lagavulin","floor":8.0,"turns":5.0},{"damage":3.0,"enemies":"Exordium Thugs","floor":11.0,"turns":5.0},{"damage":24.0,"enemies":"3 Sentries","floor":12.0,"turns":9.0},{"damage":0.0,"enemies":"Lots of Slimes","floor":13.0,"turns":3.0},{"damage":0.0,"enemies":"Exordium Wildlife","floor":14.0,"turns":3.0},{"damage":10.0,"enemies":"Hexaghost","floor":16.0,"turns":12.0},{"damage":2.0,"enemies":"Shell Parasite","floor":18.0,"turns":6.0},{"damage":27.0,"enemies":"Slavers","floor":23.0,"turns":8.0},{"damage":23.0,"enemies":"Book of Stabbing","floor":25.0,"turns":6.0},{"damage":1.0,"enemies":"Gremlin Leader","floor":27.0,"turns":7.0},{"damage":0.0,"enemies":"Chosen","floor":30.0,"turns":4.0},{"damage":0.0,"enemies":"3 Cultists","floor":31.0,"turns":5.0},{"damage":19.0,"enemies":"Champ","floor":33.0,"turns":8.0},{"damage":7.0,"enemies":"3 Shapes","floor":35.0,"turns":4.0},{"damage":0.0,"enemies":"Orb Walker","floor":37.0,"turns":3.0},{"damage":52.0,"enemies":"Reptomancer","floor":40.0,"turns":7.0},{"damage":21.0,"enemies":"Nemesis","floor":42.0,"turns":7.0},{"damage":0.0,"enemies":"Giant Head","floor":44.0,"turns":7.0},{"damage":1.0,"enemies":"Nemesis","floor":48.0,"turns":9.0},{"damage":3.0,"enemies":"Time Eater","floor":50.0,"turns":9.0},{"damage":27.0,"enemies":"Awakened One","floor":51.0,"turns":13.0},{"damage":45.0,"enemies":"Shield and Spear","floor":55.0,"turns":9.0},{"damage":89,"enemies":"The Heart","floor":56,"turns":8}],"seed_played":"-4085100958681196294","potions_obtained":[{"floor":6.0,"key":"Explosive Potion"},{"floor":8.0,"key":"Strength Potion"},{"floor":11.0,"key":"SmokeBomb"},{"floor":13.0,"key":"Fire Potion"},{"floor":23.0,"key":"SneckoOil"},{"floor":31.0,"key":"LiquidBronze"},{"floor":40.0,"key":"Fire Potion"}],"is_trial":false,"path_per_floor":["M","?","M","?","M","E","R","E","T","R","M","E","M","M","R","B",null,"M","$","?","?","T","E","R","E","T","E","?","$","M","M","R","B",null,"M","?","M","$","?","E","R","E","T","E","$","?","R","E","R","B","B",null,"R","$","E","B"],"character_chosen":"THE_SILENT","items_purchased":["Noxious Fumes+1","Bouncing Flask","Skewer","PiercingWail","Backflip","Noxious Fumes+1","Block Potion","GhostInAJar"],"campfire_rested":4,"item_purchase_floors":[19,19,19,19,29,29,29,45],"current_hp_per_floor":[57,57,54,54,54,10,28,25,25,43,40,16,16,16,16,6,47,45,45,45,45,45,18,36,13,13,12,12,12,17,22,22,33,85,83,83,88,88,88,41,83,69,69,76,76,76,76,82,82,89,65,85,85,85,47,0],"gold":85,"neow_bonus":"REMOVE_TWO","is_prod":false,"is_daily":false,"chose_seed":false,"campfire_upgraded":4,"win_rate":0,"timestamp":1563716842,"path_taken":["M","?","M","?","?","E","R","E","T","R","M","E","M","M","R","BOSS","M","$","?","?","?","E","R","E","T","E","?","$","M","M","R","BOSS","M","?","M","$","?","E","R","E","T","E","$","?","R","E","R","BOSS","BOSS","R","$","E","BOSS"],"build_version":"2019-07-17","purchased_purges":1,"victory":false,"max_hp_per_floor":[66,60,60,60,60,60,60,60,60,60,60,60,60,60,60,60,60,60,60,60,60,60,60,60,60,60,60,60,60,60,60,60,60,92,92,92,92,92,92,92,92,92,92,92,92,92,92,92,92,92,92,92,92,92,92,92],"card_choices":[{"not_picked":["Quick Slash","Flechettes"],"picked":"Poisoned Stab","floor":1.0},{"not_picked":["Choke","PiercingWail"],"picked":"Leg Sweep","floor":3.0},{"not_picked":["Tactician","All Out Attack"],"picked":"Cloak And Dagger","floor":5.0},{"not_picked":["Heel Hook","Quick Slash"],"picked":"Deadly Poison","floor":6.0},{"not_picked":["Concentrate","Underhanded Strike"],"picked":"Flechettes","floor":8.0},{"not_picked":["Underhanded Strike","Storm of Steel"],"picked":"Slice","floor":11.0},{"not_picked":["Underhanded Strike","Deflect"],"picked":"Cloak And Dagger","floor":12.0},{"not_picked":["Backflip","Poisoned Stab"],"picked":"Well Laid Plans+1","floor":13.0},{"not_picked":["Poisoned Stab","Noxious Fumes+1"],"picked":"Wraith Form v2+1","floor":14.0},{"not_picked":["A Thousand Cuts+1","Envenom+1"],"picked":"After Image+1","floor":16.0},{"not_picked":["Deflect+1","Flying Knee"],"picked":"Catalyst","floor":18.0},{"not_picked":["Storm of Steel","Sucker Punch+1"],"picked":"Noxious Fumes+1","floor":23.0},{"not_picked":["Bane","Setup"],"picked":"Quick Slash","floor":25.0},{"not_picked":["Noxious Fumes+1","Poisoned Stab"],"picked":"Acrobatics+1","floor":27.0},{"not_picked":["Blade Dance+1","Prepared"],"picked":"Backflip","floor":30.0},{"not_picked":["Bane","Eviscerate"],"picked":"PiercingWail","floor":31.0},{"not_picked":["Venomology","Phantasmal Killer"],"picked":"Wraith Form v2+1","floor":33.0},{"not_picked":["Dagger Throw+1","Finisher+1"],"picked":"Deadly Poison","floor":35.0},{"not_picked":["Dagger Throw+1","Flying Knee+1","Slice+1"],"picked":"SKIP","floor":37.0},{"not_picked":["Prepared","Choke+1"],"picked":"Dodge and Roll","floor":40.0},{"not_picked":["Cloak And Dagger","All Out Attack+1"],"picked":"Venomology","floor":42.0},{"not_picked":["Accuracy+1","Flying Knee+1","Cloak And Dagger"],"picked":"SKIP","floor":44.0},{"not_picked":["Accuracy+1","Flying Knee+1","Cloak And Dagger"],"picked":"SKIP","floor":44.0},{"not_picked":["Concentrate","Flechettes+1","Dash+1"],"picked":"SKIP","floor":48.0},{"not_picked":["Flying Knee+1","Blade Dance"],"picked":"Crippling Poison+1","floor":55.0}],"player_experience":858059,"relics_obtained":[{"floor":6.0,"key":"Mercury Hourglass"},{"floor":8.0,"key":"Paper Crane"},{"floor":9.0,"key":"Frozen Egg 2"},{"floor":12.0,"key":"Juzu Bracelet"},{"floor":22.0,"key":"Boot"},{"floor":23.0,"key":"Pantograph"},{"floor":25.0,"key":"Regal Pillow"},{"floor":26.0,"key":"Darkstone Periapt"},{"floor":27.0,"key":"Tingsha"},{"floor":34.0,"key":"Snake Skull"},{"floor":34.0,"key":"Molten Egg 2"},{"floor":34.0,"key":"Mango"},{"floor":40.0,"key":"Blood Vial"},{"floor":42.0,"key":"Letter Opener"},{"floor":44.0,"key":"Pen Nib"},{"floor":48.0,"key":"Oddly Smooth Stone"}],"event_choices":[{"damage_healed":0.0,"max_hp_gain":0.0,"max_hp_loss":6.0,"gold_gain":0.0,"event_name":"Golden Idol","player_choice":"Lose Max HP","floor":2.0,"gold_loss":0.0,"damage_taken":0.0,"relics_obtained":["Golden Idol"]},{"damage_healed":0.0,"max_hp_gain":0.0,"max_hp_loss":0.0,"gold_gain":0.0,"event_name":"Upgrade Shrine","player_choice":"Upgraded","floor":4.0,"gold_loss":0.0,"damage_taken":0.0,"cards_upgraded":["Leg Sweep"]},{"damage_healed":0.0,"max_hp_gain":0.0,"max_hp_loss":0.0,"gold_gain":0.0,"event_name":"N\u0027loth","player_choice":"Ignored","floor":20.0,"gold_loss":0.0,"damage_taken":0.0},{"damage_healed":0.0,"max_hp_gain":0.0,"max_hp_loss":0.0,"gold_gain":0.0,"event_name":"Duplicator","player_choice":"Copied","floor":21.0,"gold_loss":0.0,"damage_taken":0.0,"cards_obtained":["Wraith Form v2"]},{"damage_healed":0.0,"max_hp_gain":0.0,"max_hp_loss":0.0,"gold_gain":0.0,"event_name":"Forgotten Altar","player_choice":"Gave Idol","floor":28.0,"relics_lost":["Golden Idol"],"gold_loss":0.0,"damage_taken":0.0,"relics_obtained":["Bloody Idol"]},{"damage_healed":0.0,"max_hp_gain":0.0,"max_hp_loss":0.0,"gold_gain":0.0,"event_name":"Tomb of Lord Red Mask","player_choice":"Paid","floor":36.0,"gold_loss":125.0,"damage_taken":0.0,"relics_obtained":["Red Mask"]},{"cards_removed":["Defend_G"],"damage_healed":0.0,"max_hp_gain":0.0,"max_hp_loss":0.0,"gold_gain":0.0,"event_name":"Falling","player_choice":"Removed Skill","floor":39.0,"gold_loss":0.0,"damage_taken":0.0},{"damage_healed":0.0,"max_hp_gain":0.0,"max_hp_loss":0.0,"gold_gain":0.0,"event_name":"SecretPortal","player_choice":"Ignored","floor":46.0,"gold_loss":0.0,"damage_taken":0.0}],"is_beta":false,"boss_relics":[{"not_picked":["Pandora\u0027s Box","Coffee Dripper"],"picked":"HoveringKite"},{"not_picked":["Runic Pyramid","Velvet Choker"],"picked":"Calling Bell"}],"items_purged_floors":[19],"is_endless":false,"potions_floor_spawned":[6,8,11,13,23,30,31,40,44],"killed_by":"The Heart","ascension_level":20}