{"gold_per_floor":[113,113,113,129,156,156,81,81,81,81,113,113,133,56,56,129,129,145,162,162,176,191,191,204,204,204,204],"floor_reached":27,"playtime":1091,"items_purged":["Defend_B"],"score":448,"play_id":"1fef12a2-2968-4e91-a5bc-7ae16b450d31","local_time":"20190806135708","is_ascension_mode":true,"campfire_choices":[{"data":"Loop","floor":6,"key":"SMITH"},{"data":"Dualcast","floor":8,"key":"SMITH"},{"data":"Zap","floor":12,"key":"SMITH"},{"floor":15,"key":"REST"},{"floor":23,"key":"REST"},{"data":"Go for the Eyes","floor":25,"key":"SMITH"}],"neow_cost":"NONE","seed_source_timestamp":16612169317595,"circlet_count":0,"master_deck":["AscendersBane","Strike_B","Strike_B","Strike_B","Strike_B","Defend_B","Defend_B","Zap+1","Dualcast+1","Loop+1","Glacier","Self Repair","Scrape","Reboot","Go for the Eyes+1","Ball Lightning"],"relics":["Cracked Core","NeowsBlessing","Darkstone Periapt","Lantern","Singing Bowl","Blue Candle","Runic Pyramid","Peace Pipe"],"potions_floor_usage":[16,16,21,27,27],"damage_taken":[{"damage":0,"enemies":"Small Slimes","floor":1,"turns":1},{"damage":0,"enemies":"2 Louse","floor":4,"turns":1},{"damage":0,"enemies":"Lagavulin","floor":11,"turns":1},{"damage":7,"enemies":"Jaw Worm","floor":13,"turns":3},{"damage":41,"enemies":"Slime Boss","floor":16,"turns":17},{"damage":32,"enemies":"Chosen","floor":18,"turns":6},{"damage":16,"enemies":"Shell Parasite","floor":19,"turns":6},{"damage":17,"enemies":"Snake Plant","floor":21,"turns":6},{"damage":18,"enemies":"Sentry and Sphere","floor":22,"turns":8},{"damage":13,"enemies":"Cultist and Chosen","floor":24,"turns":9},{"damage":43,"enemies":"Slavers","floor":27,"turns":5}],"seed_played":"5088714492534228703","potions_obtained":[{"floor":1,"key":"Energy Potion"},{"floor":4,"key":"Block Potion"},{"floor":16,"key":"Regen Potion"},{"floor":21,"key":"FearPotion"},{"floor":22,"key":"Dexterity Potion"}],"is_trial":false,"path_per_floor":["M","?","?","M","T","R","$","R","T","?","E","R","M","$","R","B",null,"M","M","?","M","M","R","M","R","T","E"],"character_chosen":"DEFECT","items_purchased":["Scrape"],"campfire_rested":2,"item_purchase_floors":[14],"current_hp_per_floor":[64,29,29,29,29,29,29,29,29,29,31,31,24,24,45,11,58,35,26,26,33,24,47,41,41,41,0],"gold":204,"neow_bonus":"THREE_ENEMY_KILL","is_prod":false,"is_daily":false,"chose_seed":false,"campfire_upgraded":4,"win_rate":0,"timestamp":1565067428,"path_taken":["M","?","?","?","?","R","$","R","T","?","E","R","M","$","R","BOSS","M","M","?","M","M","R","M","R","T","E"],"build_version":"2019-07-17","purchased_purges":1,"victory":false,"max_hp_per_floor":[71,71,71,71,71,71,71,71,71,71,73,73,73,73,73,73,73,75,75,75,77,79,79,79,79,79,79],"card_choices":[{"not_picked":["Fusion","Consume"],"picked":"Loop","floor":1},{"not_picked":["Ball Lightning","Hologram"],"picked":"Glacier","floor":4},{"not_picked":["Rebound","Tempest","Hologram"],"picked":"Singing Bowl","floor":11},{"not_picked":["Turbo","Compile Driver"],"picked":"Self Repair","floor":13},{"not_picked":["Multi-Cast","Thunder Strike"],"picked":"Reboot","floor":16},{"not_picked":["Beam Cell","Genetic Algorithm","Leap"],"picked":"Singing Bowl","floor":18},{"not_picked":["Doom and Gloom+1","Compile Driver"],"picked":"Go for the Eyes","floor":19},{"not_picked":["Cold Snap","Rip and Tear","Conserve Battery"],"picked":"Singing Bowl","floor":21},{"not_picked":["Rip and Tear","Rebound","Chaos"],"picked":"Singing Bowl","floor":22},{"not_picked":["Sweeping Beam","Reprogram"],"picked":"Ball Lightning","floor":24}],"player_experience":257151,"relics_obtained":[{"floor":5,"key":"Lantern"},{"floor":9,"key":"Singing Bowl"},{"floor":11,"key":"Blue Candle"},{"floor":26,"key":"Peace Pipe"}],"event_choices":[{"damage_healed":0,"gold_gain":0,"player_choice":"Success","damage_taken":35,"relics_obtained":["Darkstone Periapt"],"max_hp_gain":0,"max_hp_loss":0,"event_name":"Scrap Ooze","floor":2,"gold_loss":0},{"cards_removed":["Defend_B"],"damage_healed":0,"gold_gain":0,"player_choice":"Forget","damage_taken":0,"max_hp_gain":0,"max_hp_loss":0,"event_name":"Living Wall","floor":3,"gold_loss":0},{"damage_healed":0,"gold_gain":0,"player_choice":"Leave","damage_taken":0,"max_hp_gain":0,"max_hp_loss":0,"event_name":"The Cleric","floor":10,"gold_loss":0},{"damage_healed":0,"gold_gain":0,"player_choice":"Ignored","damage_taken":0,"max_hp_gain":0,"max_hp_loss":0,"event_name":"Cursed Tome","floor":20,"gold_loss":0}],"is_beta":false,"boss_relics":[{"not_picked":["Nuclear Battery","Calling Bell"],"picked":"Runic Pyramid"}],"items_purged_floors":[7],"is_endless":false,"potions_floor_spawned":[1,4,16,21,22],"killed_by":"Slavers","ascension_level":18}