{"gold_per_floor":[112,112,2,14,28,28,62,62,62,80,92,92,103,129,129,203,203,219,134,59,59,31,31,48,48],"floor_reached":25,"playtime":1982,"items_purged":[],"score":426,"play_id":"eeb86b70-a3b9-4dc2-85c5-e3d9f3c44cb6","local_time":"20190808194124","is_ascension_mode":true,"campfire_choices":[{"data":"Loop","floor":6.0,"key":"SMITH"},{"data":"Zap","floor":8.0,"key":"SMITH"},{"floor":12.0,"key":"REST"},{"data":"Leap","floor":15.0,"key":"SMITH"},{"floor":23,"key":"REST"}],"neow_cost":"NONE","seed_source_timestamp":580408271539500,"circlet_count":0,"master_deck":["AscendersBane","Strike_B","Strike_B","Defend_B","Defend_B","Defend_B","Defend_B","Zap+1","Dualcast","Loop+1","Go for the Eyes","Ball Lightning","Rebound","Leap+1","Cold Snap","Stack","Genetic Algorithm","Rainbow","Gash","Capacitor","Fusion+1","Barrage"],"special_seed":0,"relics":["Cracked Core","Blue Candle","Potion Belt","Vajra","Inserter","Incense Burner"],"potions_floor_usage":[16],"damage_taken":[{"damage":15.0,"enemies":"Small Slimes","floor":1.0,"turns":4.0},{"damage":0.0,"enemies":"Cultist","floor":4.0,"turns":3.0},{"damage":2.0,"enemies":"2 Louse","floor":5.0,"turns":2.0},{"damage":19.0,"enemies":"Lagavulin","floor":7.0,"turns":5.0},{"damage":12.0,"enemies":"Blue Slaver","floor":10.0,"turns":4.0},{"damage":0.0,"enemies":"Lots of Slimes","floor":11.0,"turns":3.0},{"damage":7.0,"enemies":"3 Louse","floor":13.0,"turns":3.0},{"damage":9.0,"enemies":"3 Sentries","floor":14.0,"turns":8.0},{"damage":20,"enemies":"Hexaghost","floor":16,"turns":9},{"damage":21,"enemies":"3 Byrds","floor":18,"turns":6},{"damage":26,"enemies":"2 Thieves","floor":22,"turns":5},{"damage":13,"enemies":"Centurion and Healer","floor":24,"turns":12},{"damage":24,"enemies":"3 Cultists","floor":25,"turns":3}],"seed_played":"3918940890224529128","potions_obtained":[{"floor":2.0,"key":"SpeedPotion"},{"floor":2.0,"key":"Swift Potion"},{"floor":4.0,"key":"LiquidBronze"},{"floor":7.0,"key":"Fire Potion"},{"floor":14.0,"key":"EssenceOfSteel"}],"is_trial":false,"path_per_floor":["M","?","$","M","M","R","E","R","T","M","M","R","M","E","R","B",null,"M","?","?","?","M","R","M","M"],"character_chosen":"DEFECT","items_purchased":["Loop","Go for the Eyes"],"campfire_rested":2,"item_purchase_floors":[3,3],"current_hp_per_floor":[56,56,56,56,54,54,35,35,35,23,23,46,39,30,30,10,61,40,40,40,40,14,37,24,0],"gold":48,"neow_bonus":"TEN_PERCENT_HP_BONUS","is_prod":false,"is_daily":false,"chose_seed":false,"campfire_upgraded":3,"win_rate":0,"timestamp":1565318484,"path_taken":["M","?","$","M","M","R","E","R","T","M","?","R","M","E","R","BOSS","M","?","?","?","?","R","M","M"],"build_version":"2019-07-17","purchased_purges":0,"victory":false,"max_hp_per_floor":[78,78,78,78,78,78,78,78,78,78,78,78,78,78,78,78,78,78,78,78,78,78,78,78,78],"card_choices":[{"not_picked":["Hologram","Stack","Skim"],"picked":"SKIP","floor":1.0},{"not_picked":["Stack","Sunder"],"picked":"Ball Lightning","floor":4.0},{"not_picked":["Beam Cell","Leap"],"picked":"Rebound","floor":5.0},{"not_picked":["Sweeping Beam","Steam"],"picked":"Leap","floor":7.0},{"not_picked":["Beam Cell","Chaos","Fusion"],"picked":"SKIP","floor":10.0},{"not_picked":["Undo","Skim"],"picked":"Cold Snap","floor":11.0},{"not_picked":["Gash","Beam Cell"],"picked":"Stack","floor":13.0},{"not_picked":["Steam Power","Compile Driver"],"picked":"Genetic Algorithm","floor":14.0},{"not_picked":["Fission","Thunder Strike"],"picked":"Rainbow","floor":16},{"not_picked":["Steam Power","Double Energy"],"picked":"Gash","floor":18},{"not_picked":["Sweeping Beam","BootSequence"],"picked":"Fusion+1","floor":22},{"not_picked":["Leap","Loop"],"picked":"Barrage","floor":24}],"player_experience":1328103,"relics_obtained":[{"floor":7.0,"key":"Blue Candle"},{"floor":9.0,"key":"Potion Belt"},{"floor":14.0,"key":"Vajra"}],"event_choices":[{"damage_healed":0.0,"max_hp_gain":0.0,"max_hp_loss":0.0,"gold_gain":0.0,"event_name":"Lab","player_choice":"Got Potions","floor":2.0,"gold_loss":0.0,"damage_taken":0.0},{"damage_healed":0,"gold_gain":0,"player_choice":"Obtained Relic","damage_taken":0,"relics_obtained":["Incense Burner"],"max_hp_gain":0,"max_hp_loss":0,"event_name":"Addict","floor":19,"gold_loss":85},{"cards_removed":["Strike_B"],"damage_healed":0,"gold_gain":0,"player_choice":"Gave Gold","damage_taken":0,"max_hp_gain":0,"max_hp_loss":0,"event_name":"Beggar","floor":20,"gold_loss":75},{"damage_healed":0,"gold_gain":0,"cards_transformed":["Strike_B"],"player_choice":"Transformed","damage_taken":0,"max_hp_gain":0,"max_hp_loss":0,"event_name":"Transmorgrifier","floor":21,"gold_loss":0,"cards_obtained":["Capacitor"]}],"is_beta":false,"boss_relics":[{"not_picked":["White Beast Statue","Black Star"],"picked":"Inserter"}],"items_purged_floors":[],"is_endless":false,"potions_floor_spawned":[4,7,14],"killed_by":"3 Cultists","ascension_level":20}