{"gold_per_floor":[219,369,389,25,36,65,65,98,170,170,170,196,211,229,229,303,303,314,328,328,5,5,5],"floor_reached":23,"playtime":2695,"items_purged":["Doubt"],"score":443,"play_id":"9470e928-87f4-48c3-b98b-8774a9320e35","local_time":"20190804141800","is_ascension_mode":true,"campfire_choices":[{"floor":7.0,"key":"REST"},{"data":"Noxious Fumes","floor":10.0,"key":"SMITH"},{"floor":15.0,"key":"REST"}],"neow_cost":"NONE","seed_source_timestamp":213897627374800,"circlet_count":0,"master_deck":["AscendersBane","Defend_G","Defend_G","Defend_G","Defend_G","Defend_G","Survivor","Neutralize","Flechettes","Cloak And Dagger","Noxious Fumes+1","Deadly Poison","Well Laid Plans","Noxious Fumes","Tools of the Trade","Deadly Poison","Corpse Explosion","Dagger Throw+1","Concentrate","Bite","Bite","Bite","Bite","Bite"],"special_seed":0,"relics":["Ring of the Snake","PreservedInsect","Tough Bandages","Ancient Tea Set","Question Card","Ice Cream","Black Star","Pear"],"potions_floor_usage":[],"damage_taken":[{"damage":0.0,"enemies":"2 Louse","floor":1.0,"turns":3.0},{"damage":3.0,"enemies":"Cultist","floor":3.0,"turns":5.0},{"damage":5.0,"enemies":"Jaw Worm","floor":5.0,"turns":6.0},{"damage":25.0,"enemies":"3 Sentries","floor":6.0,"turns":10.0},{"damage":11.0,"enemies":"Gremlin Nob","floor":8.0,"turns":3.0},{"damage":15.0,"enemies":"3 Sentries","floor":12.0,"turns":7.0},{"damage":0.0,"enemies":"Looter","floor":13.0,"turns":4.0},{"damage":2.0,"enemies":"Exordium Wildlife","floor":14.0,"turns":4.0},{"damage":24.0,"enemies":"Slime Boss","floor":16.0,"turns":9.0},{"damage":19,"enemies":"2 Thieves","floor":18,"turns":4},{"damage":26,"enemies":"3 Byrds","floor":19,"turns":4},{"damage":15,"enemies":"Book of Stabbing","floor":23,"turns":3}],"seed_played":"6666528715630895324","potions_obtained":[{"floor":6.0,"key":"Strength Potion"},{"floor":12.0,"key":"Block Potion"}],"is_trial":false,"path_per_floor":["M","?","M","$","M","E","R","E","T","R","?","E","M","M","R","B",null,"M","M","?","$","?","E"],"character_chosen":"THE_SILENT","items_purchased":["PreservedInsect","Noxious Fumes","SteroidPotion","Pear","SteroidPotion"],"campfire_rested":2,"item_purchase_floors":[4,4,4,21,21],"current_hp_per_floor":[59,59,56,56,51,26,45,34,34,34,25,10,10,8,27,3,50,31,5,5,15,7,0],"gold":5,"neow_bonus":"HUNDRED_GOLD","is_prod":false,"is_daily":false,"chose_seed":false,"campfire_upgraded":1,"win_rate":0,"timestamp":1564953480,"path_taken":["M","?","M","$","M","E","R","E","T","R","?","E","M","M","R","BOSS","M","M","?","$","?","E"],"build_version":"2019-07-17","purchased_purges":1,"victory":false,"max_hp_per_floor":[66,66,66,66,66,66,66,66,66,66,66,66,66,66,66,66,66,66,66,46,56,56,56],"card_choices":[{"not_picked":["Dagger Throw","Blur"],"picked":"Flechettes","floor":1.0},{"not_picked":["Infinite Blades","Dodge and Roll"],"picked":"Cloak And Dagger","floor":3.0},{"not_picked":["Blade Dance","Acrobatics","Heel Hook"],"picked":"SKIP","floor":5.0},{"not_picked":["Blade Dance","Acrobatics","Heel Hook"],"picked":"SKIP","floor":5.0},{"not_picked":["Calculated Gamble","Backflip"],"picked":"Deadly Poison","floor":6.0},{"not_picked":["Deflect","Blade Dance"],"picked":"Well Laid Plans","floor":8.0},{"not_picked":["Slice","Poisoned Stab","Acrobatics"],"picked":"Noxious Fumes","floor":12.0},{"not_picked":["Outmaneuver","Dagger Spray","Sucker Punch"],"picked":"Tools of the Trade","floor":13.0},{"not_picked":["Underhanded Strike","Caltrops","Acrobatics"],"picked":"Deadly Poison","floor":14.0},{"not_picked":["Night Terror","Envenom","Unload"],"picked":"Corpse Explosion","floor":16.0},{"not_picked":["Tactician","Backflip","Slice"],"picked":"Dagger Throw+1","floor":18},{"not_picked":["Slice","Underhanded Strike","Prepared"],"picked":"Concentrate","floor":19}],"player_experience":1237252,"relics_obtained":[{"floor":6.0,"key":"Tough Bandages"},{"floor":8.0,"key":"Ancient Tea Set"},{"floor":9.0,"key":"Question Card"},{"floor":12.0,"key":"Ice Cream"}],"event_choices":[{"damage_healed":0.0,"max_hp_gain":0.0,"max_hp_loss":0.0,"gold_gain":150.0,"event_name":"Liars Game","player_choice":"AGREE","floor":2.0,"gold_loss":0.0,"damage_taken":0.0,"cards_obtained":["Doubt"]},{"damage_healed":0.0,"max_hp_gain":0.0,"max_hp_loss":0.0,"gold_gain":0.0,"event_name":"Wheel of Change","player_choice":"Damaged","floor":11.0,"gold_loss":0.0,"damage_taken":9.0},{"damage_healed":0,"gold_gain":0,"player_choice":"Became a vampire","damage_taken":0,"max_hp_gain":0,"max_hp_loss":20,"event_name":"Vampires","floor":20,"gold_loss":0,"cards_obtained":["Bite","Bite","Bite","Bite","Bite"]},{"damage_healed":0,"gold_gain":0,"player_choice":"Damaged","damage_taken":8,"max_hp_gain":0,"max_hp_loss":0,"event_name":"Wheel of Change","floor":22,"gold_loss":0}],"is_beta":false,"boss_relics":[{"not_picked":["Empty Cage","Runic Dome"],"picked":"Black Star"}],"items_purged_floors":[4],"is_endless":false,"potions_floor_spawned":[6,12,13],"killed_by":"Book of Stabbing","ascension_level":20}