{"gold_per_floor":[112,127,139,52,52,81,81,114,114,139,139,153,169,180,180,257,257,272,106,54,34,34,34,67,67,116,161,191,203,215,241,253,341,353,379,406,435,44,44,44,77,77,77,94,94],"floor_reached":45,"playtime":3644,"items_purged":["Strike_R"],"score":1006,"play_id":"8ea7d999-9597-40d7-bf7a-186fa1e84d76","local_time":"20190729165049","is_ascension_mode":true,"campfire_choices":[{"floor":7.0,"key":"REST"},{"data":"Immolate","floor":15.0,"key":"SMITH"},{"floor":23.0,"key":"REST"},{"data":"Bash","floor":30,"key":"SMITH"},{"data":"Armaments","floor":32,"key":"SMITH"},{"floor":40,"key":"REST"},{"floor":42,"key":"REST"}],"neow_cost":"NONE","seed_source_timestamp":838425974190403,"circlet_count":0,"master_deck":["AscendersBane","Defend_R","Defend_R","Defend_R","Defend_R","Bash+1","Sword Boomerang","Inflame","Armaments+1","Feel No Pain","Iron Wave","Rampage","Immolate+1","Ghostly Armor","Inflame+1","Demon Form+1","Reaper","Feel No Pain+1","Heavy Blade","Shrug It Off","Shrug It Off","Intimidate","Intimidate","Impervious","Sword Boomerang","True Grit+1","Pummel","Demon Form+1","Intimidate","Pain","Heavy Blade+1"],"special_seed":0,"relics":["Burning Blood","Ancient Tea Set","Anchor","Frozen Egg 2","Potion Belt","Bottled Flame","Empty Cage","Happy Flower","Sundial","MawBank","PreservedInsect","Cursed Key","Gambling Chip","Lantern"],"potions_floor_usage":[28,31],"damage_taken":[{"damage":21.0,"enemies":"Jaw Worm","floor":1.0,"turns":6.0},{"damage":7.0,"enemies":"Small Slimes","floor":2.0,"turns":4.0},{"damage":1.0,"enemies":"Cultist","floor":3.0,"turns":3.0},{"damage":20.0,"enemies":"Gremlin Nob","floor":6.0,"turns":4.0},{"damage":37.0,"enemies":"Lagavulin","floor":8.0,"turns":6.0},{"damage":16.0,"enemies":"3 Sentries","floor":10.0,"turns":10.0},{"damage":0.0,"enemies":"Lots of Slimes","floor":12.0,"turns":1.0},{"damage":0.0,"enemies":"3 Louse","floor":13.0,"turns":1.0},{"damage":0.0,"enemies":"Gremlin Gang","floor":14.0,"turns":1.0},{"damage":28.0,"enemies":"Hexaghost","floor":16.0,"turns":9.0},{"damage":28.0,"enemies":"2 Thieves","floor":18.0,"turns":5.0},{"damage":0.0,"enemies":"3 Byrds","floor":22.0,"turns":2.0},{"damage":36.0,"enemies":"Slavers","floor":24.0,"turns":6.0},{"damage":23.0,"enemies":"Gremlin Leader","floor":27.0,"turns":6.0},{"damage":12,"enemies":"3 Cultists","floor":28,"turns":4},{"damage":16,"enemies":"Snake Plant","floor":31,"turns":5},{"damage":26,"enemies":"Champ","floor":33,"turns":9},{"damage":23,"enemies":"3 Darklings","floor":35,"turns":6},{"damage":20,"enemies":"Orb Walker","floor":36,"turns":5},{"damage":26,"enemies":"Writhing Mass","floor":37,"turns":8},{"damage":47,"enemies":"Nemesis","floor":41,"turns":9},{"damage":27,"enemies":"Sphere and 2 Shapes","floor":44,"turns":6},{"damage":60,"enemies":"Transient","floor":45,"turns":6}],"seed_played":"-6801604145658133623","potions_obtained":[{"floor":2.0,"key":"EntropicBrew"},{"floor":10.0,"key":"EntropicBrew"},{"floor":13.0,"key":"PowerPotion"},{"floor":14.0,"key":"Strength Potion"},{"floor":16.0,"key":"Weak Potion"},{"floor":21.0,"key":"SmokeBomb"},{"floor":24.0,"key":"Weak Potion"},{"floor":28,"key":"LiquidBronze"},{"floor":33,"key":"Strength Potion"},{"floor":37,"key":"FearPotion"}],"is_trial":false,"path_per_floor":["M","M","M","$","?","E","R","E","T","E","?","M","M","M","R","B",null,"M","$","$","?","M","R","E","?","T","E","M","$","R","M","R","B",null,"M","M","M","$","?","R","E","R","T","M","M"],"character_chosen":"IRONCLAD","items_purchased":["Feel No Pain","Happy Flower","Heavy Blade","Gambling Chip"],"campfire_rested":4,"item_purchase_floors":[4,19,20,38],"current_hp_per_floor":[53,52,57,57,50,36,58,27,27,17,17,23,29,35,35,13,60,38,38,38,38,44,66,57,36,36,52,64,64,64,54,54,58,75,80,66,52,52,52,76,48,72,72,59,0],"gold":94,"neow_bonus":"RANDOM_COMMON_RELIC","is_prod":false,"is_daily":false,"chose_seed":false,"campfire_upgraded":3,"win_rate":0,"timestamp":1564408249,"path_taken":["M","M","M","$","?","E","R","E","T","E","?","?","M","M","R","BOSS","M","?","$","?","?","R","E","?","T","E","M","?","R","M","R","BOSS","M","M","?","$","?","R","E","R","T","M","?"],"build_version":"2019-07-17","purchased_purges":1,"victory":false,"max_hp_per_floor":[75,75,75,75,75,75,75,75,75,75,75,75,75,75,75,75,75,75,75,75,75,75,75,75,80,80,80,80,80,80,80,80,80,80,80,80,80,80,80,80,80,80,80,80,80],"card_choices":[{"not_picked":["Wild Strike","Heavy Blade"],"picked":"Sword Boomerang","floor":1.0},{"not_picked":["Hemokinesis","Shrug It Off"],"picked":"Inflame","floor":2.0},{"not_picked":["Thunderclap","Wild Strike"],"picked":"Armaments","floor":3.0},{"not_picked":["Twin Strike","Body Slam"],"picked":"Iron Wave","floor":6.0},{"not_picked":["Armaments","Heavy Blade"],"picked":"Rampage","floor":8.0},{"not_picked":["Juggernaut+1","Anger"],"picked":"Immolate","floor":10.0},{"not_picked":["Battle Trance","True Grit"],"picked":"Ghostly Armor","floor":12.0},{"not_picked":["Wild Strike","Combust+1"],"picked":"Inflame+1","floor":13.0},{"not_picked":["Clothesline","Body Slam"],"picked":"Demon Form+1","floor":14.0},{"not_picked":["Fiend Fire","Brutality+1"],"picked":"Reaper","floor":16.0},{"not_picked":["Flame Barrier","Seeing Red"],"picked":"Feel No Pain+1","floor":18.0},{"not_picked":["Headbutt","Heavy Blade"],"picked":"Shrug It Off","floor":24.0},{"not_picked":["Warcry","Body Slam"],"picked":"Shrug It Off","floor":27.0},{"not_picked":["Rupture+1","Reckless Charge"],"picked":"Intimidate","floor":28},{"not_picked":["Clash","Reckless Charge"],"picked":"Intimidate","floor":31},{"not_picked":["Juggernaut+1","Double Tap"],"picked":"Impervious","floor":33},{"not_picked":["Havoc","Carnage"],"picked":"Sword Boomerang","floor":35},{"not_picked":["Clash","Clothesline"],"picked":"True Grit+1","floor":36},{"not_picked":["Havoc","Sword Boomerang+1"],"picked":"Pummel","floor":37},{"not_picked":["Flex","Havoc"],"picked":"Intimidate","floor":41},{"not_picked":["Wild Strike","Rupture+1"],"picked":"Heavy Blade+1","floor":44}],"player_experience":1060127,"relics_obtained":[{"floor":6.0,"key":"Anchor"},{"floor":8.0,"key":"Frozen Egg 2"},{"floor":9.0,"key":"Potion Belt"},{"floor":10.0,"key":"Bottled Flame"},{"floor":24.0,"key":"Sundial"},{"floor":26.0,"key":"MawBank"},{"floor":27.0,"key":"PreservedInsect"},{"floor":41,"key":"Lantern"}],"event_choices":[{"cards_removed":["Strike_R"],"damage_healed":0.0,"max_hp_gain":0.0,"max_hp_loss":0.0,"gold_gain":0.0,"event_name":"Golden Wing","player_choice":"Card Removal","floor":5.0,"gold_loss":0.0,"damage_taken":7.0},{"cards_removed":["Strike_R"],"damage_healed":0.0,"max_hp_gain":0.0,"max_hp_loss":0.0,"gold_gain":0.0,"event_name":"Purifier","player_choice":"Purged","floor":11.0,"gold_loss":0.0,"damage_taken":0.0},{"damage_healed":0.0,"max_hp_gain":0.0,"max_hp_loss":0.0,"gold_gain":0.0,"event_name":"The Woman in Blue","player_choice":"Bought 1 Potion","floor":21.0,"gold_loss":0.0,"damage_taken":0.0},{"damage_healed":0.0,"max_hp_gain":5.0,"max_hp_loss":0.0,"gold_gain":0.0,"event_name":"Forgotten Altar","player_choice":"Shed Blood","floor":25.0,"gold_loss":0.0,"damage_taken":26.0},{"damage_healed":0,"gold_gain":0,"player_choice":"Copied","damage_taken":0,"max_hp_gain":0,"max_hp_loss":0,"event_name":"Duplicator","floor":39,"gold_loss":0,"cards_obtained":["Demon Form"]}],"is_beta":false,"boss_relics":[{"not_picked":["Eternal Feather","Lizard Tail"],"picked":"Empty Cage"},{"not_picked":["Astrolabe","Runic Dome"],"picked":"Cursed Key"}],"items_purged_floors":[38],"is_endless":false,"potions_floor_spawned":[2,10,13,14,16,24,28,33,37,41],"killed_by":"Transient","ascension_level":20}