{"gold_per_floor":[117,132,143,143,143,143,154,154,184,75,75,75,118,98,98,192,192,208,233,251,251,114,114,114,114,114,114,128,164,34,34,34,125,125,141,141,266,105,124,124,139,155,155,176,192,192,242,263,263,263],"floor_reached":51,"playtime":2575,"items_purged":["Strike_B","Defend_B"],"score":1195,"play_id":"60c2f6f7-b624-485d-a665-59bd5f9369e5","local_time":"20190805101005","is_ascension_mode":true,"campfire_choices":[{"data":"Zap","floor":6,"key":"SMITH"},{"data":"White Noise","floor":8,"key":"SMITH"},{"floor":12,"key":"REST"},{"floor":15,"key":"REST"},{"data":"Seek","floor":23,"key":"SMITH"},{"floor":25,"key":"REST"},{"data":"Glacier","floor":27,"key":"SMITH"},{"data":"Recycle","floor":32,"key":"SMITH"},{"data":"Defragment","floor":40,"key":"SMITH"},{"data":"Madness","floor":46,"key":"SMITH"},{"data":"Strike_B+1","floor":49,"key":"PURGE"}],"neow_cost":"NONE","seed_source_timestamp":5646994648432,"circlet_count":0,"master_deck":["AscendersBane","Defend_B","Defend_B","Zap+1","Dualcast+1","Streamline","All For One","White Noise+1","Gash","Self Repair","Seek+1","Glacier+1","Gash","Capacitor","Recycle+1","Glacier","Gash","Core Surge","Recycle+1","Conserve Battery+1","Defragment+1","Madness+1","Hologram+1","Gash","Skim"],"relics":["Runic Pyramid","Tiny Chest","Golden Idol","Symbiotic Virus","Empty Cage","DataDisk","Anchor","Potion Belt","Inserter","Peace Pipe","Incense Burner"],"potions_floor_usage":[7,13,44,50,50,50,50,50,50,50,50],"damage_taken":[{"damage":3,"enemies":"Jaw Worm","floor":1,"turns":4},{"damage":2,"enemies":"2 Louse","floor":2,"turns":3},{"damage":1,"enemies":"Small Slimes","floor":3,"turns":5},{"damage":6,"enemies":"2 Fungi Beasts","floor":7,"turns":3},{"damage":25,"enemies":"3 Sentries","floor":13,"turns":7},{"damage":32,"enemies":"Hexaghost","floor":16,"turns":7},{"damage":16,"enemies":"Shell Parasite","floor":18,"turns":3},{"damage":29,"enemies":"2 Thieves","floor":19,"turns":3},{"damage":7,"enemies":"Centurion and Healer","floor":20,"turns":7},{"damage":0,"enemies":"Chosen and Byrds","floor":28,"turns":4},{"damage":2,"enemies":"Gremlin Leader","floor":29,"turns":5},{"damage":1,"enemies":"Champ","floor":33,"turns":9},{"damage":4,"enemies":"Orb Walker","floor":35,"turns":4},{"damage":0,"enemies":"Mind Bloom Boss Battle","floor":37,"turns":6},{"damage":3,"enemies":"3 Darklings","floor":39,"turns":6},{"damage":0,"enemies":"Spire Growth","floor":41,"turns":7},{"damage":0,"enemies":"Sphere and 2 Shapes","floor":42,"turns":5},{"damage":17,"enemies":"Jaw Worm Horde","floor":44,"turns":4},{"damage":0,"enemies":"Writhing Mass","floor":45,"turns":10},{"damage":0,"enemies":"Transient","floor":48,"turns":5},{"damage":2,"enemies":"Donu and Deca","floor":50,"turns":6}],"seed_played":"-592624167446105052","potions_obtained":[{"floor":2,"key":"EssenceOfSteel"},{"floor":7,"key":"GamblersBrew"},{"floor":16,"key":"Poison Potion"},{"floor":18,"key":"GamblersBrew"},{"floor":33,"key":"FocusPotion"},{"floor":35,"key":"GamblersBrew"},{"floor":41,"key":"Ancient Potion"},{"floor":45,"key":"EntropicBrew"}],"is_trial":false,"path_per_floor":["M","M","M","?","?","R","M","R","T","$","?","R","E","?","R","B",null,"M","M","M","?","$","R","$","R","T","R","M","E","$","?","R","B",null,"M","$","?","$","M","R","M","M","T","M","M","R","?","M","R","B",null],"character_chosen":"DEFECT","items_purchased":["Self Repair","Capacitor","Glacier","Gash","Defragment","Madness"],"campfire_rested":3,"item_purchase_floors":[10,22,30,30,38,38],"current_hp_per_floor":[61,59,58,37,30,30,24,24,24,24,24,43,25,25,44,19,53,44,22,22,22,22,22,22,41,41,41,48,53,53,53,53,59,63,64,64,64,64,64,64,64,64,64,54,61,61,61,64,64,62],"gold":263,"neow_bonus":"BOSS_RELIC","is_prod":false,"is_daily":false,"chose_seed":false,"campfire_upgraded":7,"win_rate":0,"timestamp":1564967405,"path_taken":["M","M","M","?","?","R","M","R","T","$","?","R","E","?","R","BOSS","M","?","M","?","$","R","$","R","T","R","M","E","?","?","R","BOSS","M","$","?","$","M","R","M","M","T","M","M","R","?","M","R","BOSS"],"build_version":"2019-07-17","purchased_purges":2,"victory":true,"max_hp_per_floor":[71,71,71,71,71,71,71,71,71,71,64,64,64,64,64,64,64,64,64,64,64,64,64,64,64,64,64,64,64,64,64,64,64,64,64,64,64,64,64,64,64,64,64,64,64,64,64,64,64,64],"card_choices":[{"not_picked":["Steam","Leap"],"picked":"Streamline","floor":1},{"not_picked":["Loop","Leap"],"picked":"All For One","floor":2},{"not_picked":["Streamline","Barrage"],"picked":"White Noise","floor":3},{"not_picked":["Chill","Sweeping Beam"],"picked":"Gash","floor":7},{"not_picked":["Chill","Doom and Gloom","Stack"],"picked":"SKIP","floor":13},{"not_picked":["Hyperbeam","Fission"],"picked":"Seek","floor":16},{"not_picked":["Stack","Tempest","Rebound"],"picked":"SKIP","floor":18},{"not_picked":["Stack+1","Ball Lightning"],"picked":"Glacier","floor":19},{"not_picked":["Skim","Chill"],"picked":"Gash","floor":20},{"not_picked":["Fission","Ball Lightning","FTL"],"picked":"SKIP","floor":28},{"not_picked":["Hologram","Blizzard"],"picked":"Recycle","floor":29},{"not_picked":["Meteor Strike","Creative AI"],"picked":"Core Surge","floor":33},{"not_picked":["Cold Snap","Turbo"],"picked":"Recycle+1","floor":35},{"not_picked":["Darkness+1","FTL+1"],"picked":"Conserve Battery+1","floor":37},{"not_picked":["Streamline","Reprogram"],"picked":"Hologram+1","floor":39},{"not_picked":["Static Discharge","Streamline"],"picked":"Gash","floor":41},{"not_picked":["Rebound","Ball Lightning"],"picked":"Skim","floor":42},{"not_picked":["Blizzard","Hologram","Sunder"],"picked":"SKIP","floor":44},{"not_picked":["Compile Driver","Conserve Battery","Stack"],"picked":"SKIP","floor":45},{"not_picked":["Compile Driver","Conserve Battery","Stack"],"picked":"SKIP","floor":45},{"not_picked":["Self Repair","Thunder Strike","Barrage"],"picked":"SKIP","floor":48}],"player_experience":235152,"relics_obtained":[{"floor":9,"key":"Tiny Chest"},{"floor":13,"key":"Symbiotic Virus"},{"floor":26,"key":"Anchor"},{"floor":29,"key":"Potion Belt"},{"floor":37,"key":"Peace Pipe"},{"floor":43,"key":"Incense Burner"}],"event_choices":[{"damage_healed":0,"gold_gain":0,"player_choice":"Entered Light","damage_taken":21,"max_hp_gain":0,"max_hp_loss":0,"event_name":"Shining Light","floor":4,"gold_loss":0,"cards_upgraded":["Dualcast","Strike_B"]},{"cards_removed":["Strike_B"],"damage_healed":0,"gold_gain":0,"player_choice":"Card Removal","damage_taken":7,"max_hp_gain":0,"max_hp_loss":0,"event_name":"Golden Wing","floor":5,"gold_loss":0},{"damage_healed":0,"gold_gain":0,"player_choice":"Lose Max HP","damage_taken":0,"relics_obtained":["Golden Idol"],"max_hp_gain":0,"max_hp_loss":7,"event_name":"Golden Idol","floor":11,"gold_loss":0},{"damage_healed":0,"gold_gain":0,"player_choice":"Bought 1 Potion","damage_taken":0,"max_hp_gain":0,"max_hp_loss":0,"event_name":"The Woman in Blue","floor":14,"gold_loss":0},{"damage_healed":0,"gold_gain":0,"player_choice":"Gave Potion","damage_taken":0,"relics_obtained":["DataDisk"],"max_hp_gain":0,"max_hp_loss":0,"event_name":"WeMeetAgain","floor":21,"gold_loss":0},{"damage_healed":0,"gold_gain":0,"player_choice":"Ignored","damage_taken":0,"max_hp_gain":0,"max_hp_loss":0,"event_name":"Cursed Tome","floor":31,"gold_loss":0},{"damage_healed":0,"gold_gain":0,"player_choice":"Fight","damage_taken":0,"max_hp_gain":0,"max_hp_loss":0,"event_name":"MindBloom","floor":37,"gold_loss":0},{"damage_healed":0,"gold_gain":50,"player_choice":"Pray","damage_taken":0,"max_hp_gain":0,"max_hp_loss":0,"event_name":"Golden Shrine","floor":47,"gold_loss":0}],"is_beta":false,"boss_relics":[{"not_picked":["Busted Crown","Nuclear Battery"],"picked":"Empty Cage"},{"not_picked":["Snecko Eye","Orrery"],"picked":"Inserter"}],"items_purged_floors":[10,22],"is_endless":false,"potions_floor_spawned":[2,7,16,18,19,33,35,41,45],"ascension_level":15}