{"gold_per_floor":[114,129,141,66,85,85,105,132,158,158,158,33,60,60,60,135,135,151,201,126,126,144,144,174,10,10,45,63,95,95,45,45,119,119,137,186,186,196,39,39,72,22,102,102,82,82,96,126,126,126,126,126,126,76,109,109],"floor_reached":57,"playtime":2816,"items_purged":["Strike_G","Strike_G","Strike_G","Strike_G","Masterful Stab+1","Doppelganger"],"score":3069,"play_id":"e14f785a-c15c-4c46-a966-031ee3a4e3e8","local_time":"20190802135109","is_ascension_mode":true,"campfire_choices":[{"data":"Predator","floor":6.0,"key":"SMITH"},{"data":"Deep Breath","floor":10.0,"key":"SMITH"},{"floor":15.0,"key":"REST"},{"data":"Concentrate","floor":23.0,"key":"SMITH"},{"data":"Acrobatics","floor":30.0,"key":"SMITH"},{"data":"Acrobatics","floor":32.0,"key":"SMITH"},{"data":"Masterful Stab","floor":40.0,"key":"SMITH"},{"floor":44.0,"key":"RECALL"},{"floor":46.0,"key":"REST"},{"data":"Tactician","floor":49.0,"key":"SMITH"},{"floor":53.0,"key":"REST"}],"neow_cost":"NONE","seed_source_timestamp":0,"circlet_count":0,"master_deck":["AscendersBane","Defend_G","Defend_G","Defend_G","Defend_G","Defend_G","Survivor","Deep Breath+1","Predator+1","Acrobatics+1","PiercingWail","Noxious Fumes","Concentrate+1","Acrobatics+1","Reflex+1","Tactician+1"],"special_seed":0,"relics":["Ring of the Snake","Orichalcum","Smiling Mask","Dream Catcher","Pen Nib","Black Star","Bag of Marbles","Centennial Puzzle","Gambling Chip","Strawberry","Nunchaku","Bronze Scales","Tough Bandages","Empty Cage","Tingsha","Bag of Preparation","Pantograph","Blue Candle","Lantern","Mummified Hand","Sundial","Turnip"],"potions_floor_usage":[56],"damage_taken":[{"damage":0.0,"enemies":"2 Louse","floor":1.0,"turns":3.0},{"damage":4.0,"enemies":"Small Slimes","floor":2.0,"turns":3.0},{"damage":17.0,"enemies":"Jaw Worm","floor":3.0,"turns":9.0},{"damage":1.0,"enemies":"Blue Slaver","floor":5.0,"turns":4.0},{"damage":0.0,"enemies":"Exordium Wildlife","floor":7.0,"turns":4.0},{"damage":10.0,"enemies":"Lagavulin","floor":8.0,"turns":6.0},{"damage":26.0,"enemies":"3 Sentries","floor":13.0,"turns":9.0},{"damage":30.0,"enemies":"Slime Boss","floor":16.0,"turns":9.0},{"damage":6.0,"enemies":"2 Thieves","floor":18.0,"turns":4.0},{"damage":0.0,"enemies":"Chosen","floor":22.0,"turns":3.0},{"damage":5.0,"enemies":"Gremlin Leader","floor":24.0,"turns":6.0},{"damage":10.0,"enemies":"Slavers","floor":27.0,"turns":4.0},{"damage":18.0,"enemies":"Snake Plant","floor":28.0,"turns":4.0},{"damage":0.0,"enemies":"Gremlin Leader","floor":29.0,"turns":5.0},{"damage":1.0,"enemies":"Champ","floor":33.0,"turns":9.0},{"damage":0.0,"enemies":"3 Darklings","floor":35.0,"turns":3.0},{"damage":7.0,"enemies":"2 Orb Walkers","floor":36.0,"turns":4.0},{"damage":0.0,"enemies":"3 Shapes","floor":38.0,"turns":2.0},{"damage":0.0,"enemies":"Giant Head","floor":41.0,"turns":2.0},{"damage":1.0,"enemies":"Jaw Worm Horde","floor":47.0,"turns":2.0},{"damage":0.0,"enemies":"Nemesis","floor":48.0,"turns":1.0},{"damage":0.0,"enemies":"Awakened One","floor":50.0,"turns":3.0},{"damage":70.0,"enemies":"Time Eater","floor":51.0,"turns":10.0},{"damage":1.0,"enemies":"Shield and Spear","floor":55.0,"turns":1.0},{"damage":66,"enemies":"The Heart","floor":56,"turns":8}],"seed_played":"5011957722806755832","potions_obtained":[{"floor":2.0,"key":"Dexterity Potion"},{"floor":3.0,"key":"Energy Potion"},{"floor":8.0,"key":"Regen Potion"},{"floor":16.0,"key":"LiquidBronze"},{"floor":18.0,"key":"GhostInAJar"},{"floor":27.0,"key":"Poison Potion"},{"floor":35.0,"key":"Poison Potion"},{"floor":36.0,"key":"PowerPotion"}],"is_trial":false,"path_per_floor":["M","M","M","$","M","R","M","E","T","R","?","$","E","?","R","B",null,"M","?","?","?","M","R","E","$","T","E","M","E","R","$","R","B",null,"M","?","?","M","$","R","E","$","T","R","?","R","M","E","R","B","B",null,"R","$","E","B",null],"character_chosen":"THE_SILENT","items_purchased":["Noxious Fumes","Acrobatics","Swift Potion","Bag of Preparation"],"campfire_rested":3,"item_purchase_floors":[12,25,25,39],"current_hp_per_floor":[59,55,38,38,37,37,37,27,27,27,27,27,16,16,35,5,51,45,45,45,45,45,45,40,40,40,37,19,19,19,19,19,18,59,59,52,52,52,52,52,52,52,52,52,52,73,72,72,72,73,3,56,73,73,72,7],"gold":109,"neow_bonus":"RANDOM_COLORLESS","is_prod":false,"is_daily":false,"chose_seed":false,"campfire_upgraded":7,"win_rate":0,"timestamp":1564721469,"path_taken":["M","M","M","$","M","R","M","E","T","R","?","$","E","?","R","BOSS","M","?","?","?","M","R","E","$","T","E","?","E","R","$","R","BOSS","M","?","?","M","$","R","E","$","T","R","?","R","?","E","R","BOSS","BOSS","R","$","E","BOSS"],"build_version":"2019-07-17","purchased_purges":6,"victory":true,"max_hp_per_floor":[66,66,66,66,66,66,66,66,66,66,66,66,66,66,66,66,66,66,66,66,66,66,66,66,66,66,73,73,73,73,73,73,73,73,73,73,73,73,73,73,73,73,73,73,73,73,73,73,73,73,73,73,73,73,73,73],"card_choices":[{"not_picked":["Dodge and Roll","Prepared"],"picked":"Predator","floor":1.0},{"not_picked":["Backstab","Bane"],"picked":"Acrobatics","floor":2.0},{"not_picked":["Outmaneuver","Expertise"],"picked":"PiercingWail","floor":3.0},{"not_picked":["Dodge and Roll","Prepared","Deflect"],"picked":"SKIP","floor":5.0},{"not_picked":["Skewer","Escape Plan"],"picked":"Doppelganger","floor":7.0},{"not_picked":["Blur","Slice","Dagger Throw"],"picked":"SKIP","floor":8.0},{"not_picked":["Finisher","Riddle With Holes"],"picked":"Glass Knife","floor":13.0},{"not_picked":["Bane","Dagger Spray"],"picked":"Masterful Stab","floor":15.0},{"not_picked":["Outmaneuver","Deadly Poison","Deflect"],"picked":"SKIP","floor":18.0},{"not_picked":["Eviscerate","Skewer","Concentrate"],"picked":"SKIP","floor":22.0},{"not_picked":["Eviscerate","Skewer"],"picked":"Concentrate","floor":22.0},{"not_picked":["Flying Knee","Backflip","Outmaneuver"],"picked":"SKIP","floor":24.0},{"not_picked":["Sucker Punch","Slice","Deadly Poison"],"picked":"SKIP","floor":27.0},{"not_picked":["Deadly Poison+1","Escape Plan"],"picked":"Reflex+1","floor":28.0},{"not_picked":["Malaise","Dagger Spray","Outmaneuver"],"picked":"SKIP","floor":29.0},{"not_picked":["Acrobatics","Blade Dance","Dagger Spray"],"picked":"SKIP","floor":35.0},{"not_picked":["Footwork","Sucker Punch","Corpse Explosion"],"picked":"SKIP","floor":38.0},{"not_picked":["Deflect","Caltrops+1","Crippling Poison"],"picked":"SKIP","floor":41.0},{"not_picked":["Dagger Spray+1","Quick Slash"],"picked":"Tactician","floor":46.0},{"not_picked":["Dagger Throw","Escape Plan+1","Outmaneuver+1"],"picked":"SKIP","floor":47.0},{"not_picked":["PiercingWail","Poisoned Stab","Envenom"],"picked":"SKIP","floor":48.0},{"not_picked":["PiercingWail","Poisoned Stab","Envenom"],"picked":"SKIP","floor":48.0},{"not_picked":["Prepared","Noxious Fumes","Dodge and Roll"],"picked":"SKIP","floor":55.0}],"player_experience":726681,"relics_obtained":[{"floor":8.0,"key":"Orichalcum"},{"floor":9.0,"key":"Smiling Mask"},{"floor":13.0,"key":"Pen Nib"},{"floor":24.0,"key":"Bag of Marbles"},{"floor":24.0,"key":"Centennial Puzzle"},{"floor":26.0,"key":"Gambling Chip"},{"floor":27.0,"key":"Strawberry"},{"floor":27.0,"key":"Nunchaku"},{"floor":29.0,"key":"Bronze Scales"},{"floor":29.0,"key":"Tough Bandages"},{"floor":36.0,"key":"Tingsha"},{"floor":41.0,"key":"Pantograph"},{"floor":41.0,"key":"Blue Candle"},{"floor":48.0,"key":"Lantern"},{"floor":48.0,"key":"Mummified Hand"},{"floor":55.0,"key":"Sundial"},{"floor":55.0,"key":"Turnip"}],"event_choices":[{"damage_healed":0.0,"max_hp_gain":0.0,"max_hp_loss":0.0,"gold_gain":0.0,"event_name":"Dead Adventurer","player_choice":"Searched \u00271\u0027 times","floor":11.0,"gold_loss":0.0,"damage_taken":0.0,"relics_obtained":["Dream Catcher"]},{"damage_healed":0.0,"max_hp_gain":0.0,"max_hp_loss":0.0,"gold_gain":0.0,"event_name":"Liars Game","player_choice":"Ignored","floor":14.0,"gold_loss":0.0,"damage_taken":0.0},{"damage_healed":0.0,"max_hp_gain":0.0,"max_hp_loss":0.0,"gold_gain":50.0,"event_name":"Nest","player_choice":"Stole From Cult","floor":19.0,"gold_loss":0.0,"damage_taken":0.0},{"cards_removed":["Strike_G"],"damage_healed":0.0,"max_hp_gain":0.0,"max_hp_loss":0.0,"gold_gain":0.0,"event_name":"Beggar","player_choice":"Gave Gold","floor":20.0,"gold_loss":75.0,"damage_taken":0.0},{"damage_healed":0.0,"max_hp_gain":0.0,"max_hp_loss":0.0,"gold_gain":0.0,"event_name":"The Mausoleum","player_choice":"Ignored","floor":21.0,"gold_loss":0.0,"damage_taken":0.0},{"damage_healed":0.0,"max_hp_gain":0.0,"max_hp_loss":0.0,"gold_gain":0.0,"event_name":"Mysterious Sphere","player_choice":"Fight","floor":36.0,"gold_loss":0.0,"damage_taken":0.0},{"damage_healed":0.0,"max_hp_gain":0.0,"max_hp_loss":0.0,"gold_gain":0.0,"event_name":"Tomb of Lord Red Mask","player_choice":"Ignored","floor":37.0,"gold_loss":0.0,"damage_taken":0.0},{"damage_healed":0.0,"max_hp_gain":0.0,"max_hp_loss":0.0,"gold_gain":0.0,"event_name":"The Woman in Blue","player_choice":"Bought 1 Potion","floor":45.0,"gold_loss":0.0,"damage_taken":0.0}],"is_beta":false,"boss_relics":[{"not_picked":["Eternal Feather","Ectoplasm"],"picked":"Black Star"},{"not_picked":["Calling Bell","Orrery"],"picked":"Empty Cage"}],"items_purged_floors":[4,12,25,31,42,54],"is_endless":false,"potions_floor_spawned":[2,3,8,16,18,22,27,35,36],"ascension_level":20}