{"gold_per_floor":[18,18,37,54,134,134,167,167,213,244,262,297,314,327,327,402,402,420,335,335,352,3,32,32,57,81,81],"floor_reached":27,"playtime":2508,"items_purged":[],"score":542,"play_id":"d209f0f3-5091-471d-b50d-41bf5946636a","local_time":"20190730093033","is_ascension_mode":true,"campfire_choices":[{"data":"Iron Wave","floor":6.0,"key":"SMITH"},{"data":"Pommel Strike","floor":8.0,"key":"SMITH"},{"data":"Armaments","floor":15.0,"key":"SMITH"},{"floor":24,"key":"REST"}],"neow_cost":"NO_GOLD","seed_source_timestamp":899847792691471,"circlet_count":0,"master_deck":["AscendersBane","Strike_R","Strike_R","Strike_R","Strike_R","Strike_R","Defend_R","Defend_R","Defend_R","Defend_R","Bash+1","Evolve","Iron Wave+1","Rampage","Pommel Strike+1","Reaper","Uppercut","Armaments+1","Feel No Pain","Impervious","Body Slam+1","Headbutt+1","Corruption","Armaments","Flame Barrier+1","Armaments"],"special_seed":0,"relics":["Burning Blood","Ice Cream","Vajra","Boot","Regal Pillow","Dream Catcher","Velvet Choker","Matryoshka","Sling","Juzu Bracelet","Darkstone Periapt","Smiling Mask","Bronze Scales"],"potions_floor_usage":[23,23,23,25],"damage_taken":[{"damage":3.0,"enemies":"Small Slimes","floor":1.0,"turns":3.0},{"damage":11.0,"enemies":"Jaw Worm","floor":3.0,"turns":5.0},{"damage":1.0,"enemies":"Cultist","floor":4.0,"turns":3.0},{"damage":20.0,"enemies":"3 Sentries","floor":7.0,"turns":10.0},{"damage":6.0,"enemies":"Lagavulin","floor":10.0,"turns":5.0},{"damage":14.0,"enemies":"Blue Slaver","floor":11.0,"turns":5.0},{"damage":1.0,"enemies":"Gremlin Nob","floor":12.0,"turns":3.0},{"damage":7.0,"enemies":"Gremlin Gang","floor":13.0,"turns":6.0},{"damage":4.0,"enemies":"2 Fungi Beasts","floor":14.0,"turns":3.0},{"damage":57.0,"enemies":"Hexaghost","floor":16.0,"turns":10.0},{"damage":26.0,"enemies":"Shell Parasite","floor":18.0,"turns":5.0},{"damage":10.0,"enemies":"3 Byrds","floor":21.0,"turns":7.0},{"damage":53,"enemies":"Gremlin Leader","floor":23,"turns":5},{"damage":56,"enemies":"Slavers","floor":25,"turns":6},{"damage":38,"enemies":"Gremlin Leader","floor":27,"turns":5}],"seed_played":"6423414109588507107","potions_obtained":[{"floor":1.0,"key":"SkillPotion"},{"floor":4.0,"key":"SkillPotion"},{"floor":10.0,"key":"SkillPotion"},{"floor":13.0,"key":"Dexterity Potion"},{"floor":14.0,"key":"Energy Potion"},{"floor":20.0,"key":"Energy Potion"},{"floor":21.0,"key":"EntropicBrew"},{"floor":25,"key":"Fire Potion"}],"is_trial":false,"path_per_floor":["M","?","M","M","?","R","E","R","T","E","M","E","M","M","R","B",null,"M","?","?","M","$","E","R","E","T","E"],"character_chosen":"IRONCLAD","items_purchased":["Corruption","Sling","Armaments"],"campfire_rested":1,"item_purchase_floors":[22,22,22],"current_hp_per_floor":[71,71,66,71,71,71,57,57,57,57,54,59,63,65,65,23,62,42,42,42,48,48,28,65,33,33,0],"gold":81,"neow_bonus":"ONE_RARE_RELIC","is_prod":false,"is_daily":false,"chose_seed":false,"campfire_upgraded":3,"win_rate":0,"timestamp":1564468233,"path_taken":["M","?","M","M","?","R","E","R","T","E","M","E","M","M","R","BOSS","M","?","?","?","$","E","R","E","T","E"],"build_version":"2019-07-17","purchased_purges":0,"victory":false,"max_hp_per_floor":[75,75,75,75,75,75,75,75,75,75,75,75,75,75,75,75,75,75,75,75,75,75,75,75,75,75,75],"card_choices":[{"not_picked":["Flex","Clash"],"picked":"Evolve","floor":1.0},{"not_picked":["Dropkick","Heavy Blade"],"picked":"Iron Wave","floor":3.0},{"not_picked":["Sword Boomerang","Armaments"],"picked":"Rampage","floor":4.0},{"not_picked":["Corruption","Sword Boomerang"],"picked":"Pommel Strike","floor":7.0},{"not_picked":["Armaments","Pommel Strike"],"picked":"Reaper","floor":10.0},{"not_picked":["Warcry","Havoc","Reckless Charge"],"picked":"SKIP","floor":11.0},{"not_picked":["Clothesline","Burning Pact"],"picked":"Uppercut","floor":12.0},{"not_picked":["Burning Pact","Intimidate"],"picked":"Armaments","floor":13.0},{"not_picked":["Fire Breathing","Twin Strike"],"picked":"Feel No Pain","floor":14.0},{"not_picked":["Feed","Juggernaut"],"picked":"Impervious","floor":16.0},{"not_picked":["Iron Wave","Dropkick"],"picked":"Body Slam+1","floor":18.0},{"not_picked":["Power Through","Havoc"],"picked":"Headbutt+1","floor":21.0},{"not_picked":["Seeing Red","True Grit"],"picked":"Flame Barrier+1","floor":23},{"not_picked":["Anger+1","Twin Strike"],"picked":"Armaments","floor":24},{"not_picked":["Combust","Rage","Rupture"],"picked":"SKIP","floor":25}],"player_experience":1091682,"relics_obtained":[{"floor":7.0,"key":"Vajra"},{"floor":9.0,"key":"Boot"},{"floor":10.0,"key":"Regal Pillow"},{"floor":12.0,"key":"Dream Catcher"},{"floor":23,"key":"Juzu Bracelet"},{"floor":25,"key":"Darkstone Periapt"},{"floor":26,"key":"Smiling Mask"},{"floor":26,"key":"Bronze Scales"}],"event_choices":[{"damage_healed":0.0,"max_hp_gain":0.0,"max_hp_loss":0.0,"gold_gain":0.0,"event_name":"Living Wall","player_choice":"Grow","floor":2.0,"gold_loss":0.0,"damage_taken":0.0,"cards_upgraded":["Bash"]},{"damage_healed":0.0,"max_hp_gain":0.0,"max_hp_loss":0.0,"gold_gain":80.0,"event_name":"Golden Wing","player_choice":"Gained Gold","floor":5.0,"gold_loss":0.0,"damage_taken":0.0},{"damage_healed":0.0,"max_hp_gain":0.0,"max_hp_loss":0.0,"gold_gain":0.0,"event_name":"Addict","player_choice":"Obtained Relic","floor":19.0,"gold_loss":85.0,"damage_taken":0.0,"relics_obtained":["Matryoshka"]},{"damage_healed":0.0,"max_hp_gain":0.0,"max_hp_loss":0.0,"gold_gain":0.0,"event_name":"Lab","player_choice":"Got Potions","floor":20.0,"gold_loss":0.0,"damage_taken":0.0}],"is_beta":false,"boss_relics":[{"not_picked":["White Beast Statue","Runic Cube"],"picked":"Velvet Choker"}],"items_purged_floors":[],"is_endless":false,"potions_floor_spawned":[1,4,10,13,14,21,25],"killed_by":"Gremlin Leader","ascension_level":20}