{"gold_per_floor":[116,41,59,59,70,105,105,136,175,202,214,226,49,80,80,80],"floor_reached":16,"playtime":530,"items_purged":["Defend_B","Parasite"],"score":204,"play_id":"46482e0c-53f0-4e35-9952-1c19fc05fac3","local_time":"20190805170757","is_ascension_mode":true,"campfire_choices":[{"data":"Zap","floor":11.0,"key":"SMITH"},{"floor":15,"key":"REST"}],"neow_cost":"NONE","seed_source_timestamp":32764438316205,"circlet_count":0,"master_deck":["AscendersBane","Strike_B","Strike_B","Strike_B","Strike_B","Defend_B","Defend_B","Defend_B","Zap+1","Dualcast","Chill","Gash","Streamline","Go for the Eyes","Rebound","Defragment","Skim"],"special_seed":0,"relics":["Cracked Core","NeowsBlessing","Lantern","MawBank","Ancient Tea Set","Bottled Lightning"],"potions_floor_usage":[],"damage_taken":[{"damage":0.0,"enemies":"2 Louse","floor":1.0,"turns":1.0},{"damage":0.0,"enemies":"Cultist","floor":3.0,"turns":1.0},{"damage":0.0,"enemies":"Jaw Worm","floor":5.0,"turns":1.0},{"damage":14.0,"enemies":"3 Sentries","floor":6.0,"turns":9.0},{"damage":6.0,"enemies":"Looter","floor":8.0,"turns":2.0},{"damage":16.0,"enemies":"Gremlin Gang","floor":10.0,"turns":5.0},{"damage":14.0,"enemies":"Lagavulin","floor":14.0,"turns":7.0},{"damage":49,"enemies":"The Guardian","floor":16,"turns":8}],"seed_played":"-3751109734833437822","potions_obtained":[{"floor":1.0,"key":"Swift Potion"},{"floor":4.0,"key":"FairyPotion"},{"floor":4.0,"key":"FocusPotion"},{"floor":8.0,"key":"Poison Potion"},{"floor":10.0,"key":"Weak Potion"}],"is_trial":false,"path_per_floor":["M","$","M","?","M","E","?","M","T","M","R","?","$","E","R","B"],"character_chosen":"DEFECT","items_purchased":["Defragment"],"campfire_rested":1,"item_purchase_floors":[13],"current_hp_per_floor":[64,64,64,64,64,50,39,33,33,17,17,34,34,20,40,0],"gold":80,"neow_bonus":"THREE_ENEMY_KILL","is_prod":false,"is_daily":false,"chose_seed":false,"campfire_upgraded":1,"win_rate":0,"timestamp":1564992477,"path_taken":["M","$","M","?","?","E","?","M","T","M","R","?","?","E","R","BOSS"],"build_version":"2019-07-17","purchased_purges":2,"victory":false,"max_hp_per_floor":[71,71,71,71,71,71,71,71,71,71,71,71,68,68,68,68],"card_choices":[{"not_picked":["Redo","Stack"],"picked":"Chill","floor":1.0},{"not_picked":["Redo","Melter"],"picked":"Gash","floor":3.0},{"not_picked":["Compile Driver","Doom and Gloom","Steam Power"],"picked":"SKIP","floor":5.0},{"not_picked":["Leap","Sweeping Beam"],"picked":"Streamline","floor":6.0},{"not_picked":["Double Energy","Cold Snap"],"picked":"Go for the Eyes","floor":8.0},{"not_picked":["Cold Snap","Go for the Eyes"],"picked":"Rebound","floor":10.0},{"not_picked":["Ball Lightning","Redo"],"picked":"Skim","floor":14}],"player_experience":243101,"relics_obtained":[{"floor":6.0,"key":"Lantern"},{"floor":9.0,"key":"Ancient Tea Set"},{"floor":14,"key":"Bottled Lightning"}],"event_choices":[{"damage_healed":0.0,"max_hp_gain":0.0,"max_hp_loss":0.0,"gold_gain":0.0,"event_name":"Lab","player_choice":"Got Potions","floor":4.0,"gold_loss":0.0,"damage_taken":0.0},{"damage_healed":0.0,"max_hp_gain":0.0,"max_hp_loss":0.0,"gold_gain":0.0,"event_name":"Scrap Ooze","player_choice":"Success","floor":7.0,"gold_loss":0.0,"damage_taken":11.0,"relics_obtained":["MawBank"]},{"damage_healed":17.0,"max_hp_gain":0.0,"max_hp_loss":0.0,"gold_gain":0.0,"event_name":"Mushrooms","player_choice":"Healed and dodged fight","floor":12.0,"gold_loss":0.0,"damage_taken":0.0,"cards_obtained":["Parasite"]}],"is_beta":false,"boss_relics":[],"items_purged_floors":[2,13],"is_endless":false,"potions_floor_spawned":[1,8,10],"killed_by":"The Guardian","ascension_level":17}