{"gold_per_floor":[110,123,55,55,67,67,93,93,142,102,132,32,32,32,32,127,127,67,67,67,67,67,67,67,67,67,67,67,67,67,67,67,67,67,67,67,67,67,0,0,0,0,0,0,0,0,0,0,0,0],"floor_reached":50,"playtime":2939,"items_purged":["Strike_G","Strike_G"],"score":828,"play_id":"cea3f539-c60b-4c5a-900b-05f192dd70a7","local_time":"20190704113752","is_ascension_mode":true,"campfire_choices":[{"data":"Noxious Fumes","floor":6,"key":"SMITH"},{"data":"Footwork","floor":8,"key":"SMITH"},{"data":"Die Die Die","floor":15,"key":"SMITH"},{"floor":24,"key":"REST"},{"floor":29,"key":"REST"},{"floor":32,"key":"REST"},{"floor":40,"key":"REST"},{"data":"Footwork","floor":49,"key":"SMITH"}],"neow_cost":"","seed_source_timestamp":1862705404821500,"circlet_count":0,"master_deck":["Strike_G","Strike_G","Strike_G","Defend_G","Defend_G","Defend_G","Defend_G","Defend_G","Survivor","Neutralize","Die Die Die+1","Footwork+1","Deflect","Noxious Fumes+1","Neutralize","Dagger Throw","Blur","Venomology","Concentrate+1","Prepared+1","Backflip+1","Blade Dance+1","Underhanded Strike","Venomology","Cloak And Dagger+1","Footwork+1","Accuracy+1","Writhe","Tactician","Underhanded Strike"],"relics":["Ring of the Snake","Tingsha","Potion Belt","Juzu Bracelet","Ancient Tea Set","CultistMask","Ectoplasm","Pen Nib","MawBank","Ornamental Fan","Tiny Chest","Ninja Scroll","Busted Crown","Peace Pipe","Red Mask","Vajra","Paper Crane","Prayer Wheel"],"potions_floor_usage":[11,16,18,23,23,23,27,28,33,33,33,33,35,36,36,38,38,42,42,42,45,47,50,50,50,50,50],"damage_taken":[{"damage":0,"enemies":"2 Louse","floor":1,"turns":1},{"damage":0,"enemies":"Cultist","floor":2,"turns":4},{"damage":0,"enemies":"Small Slimes","floor":5,"turns":2},{"damage":13,"enemies":"Lagavulin","floor":7,"turns":7},{"damage":10,"enemies":"Gremlin Nob","floor":11,"turns":5},{"damage":19,"enemies":"The Guardian","floor":16,"turns":11},{"damage":3,"enemies":"2 Thieves","floor":18,"turns":5},{"damage":8,"enemies":"Shell Parasite","floor":21,"turns":8},{"damage":36,"enemies":"Gremlin Leader","floor":23,"turns":8},{"damage":26,"enemies":"Slavers","floor":27,"turns":7},{"damage":15,"enemies":"Snake Plant","floor":28,"turns":5},{"damage":19,"enemies":"Centurion and Healer","floor":30,"turns":7},{"damage":30,"enemies":"Collector","floor":33,"turns":9},{"damage":0,"enemies":"Orb Walker","floor":35,"turns":3},{"damage":24,"enemies":"Mind Bloom Boss Battle","floor":36,"turns":7},{"damage":10,"enemies":"3 Darklings","floor":38,"turns":3},{"damage":58,"enemies":"Giant Head","floor":42,"turns":10},{"damage":11,"enemies":"Nemesis","floor":45,"turns":9},{"damage":0,"enemies":"Jaw Worm Horde","floor":47,"turns":4},{"damage":68,"enemies":"Donu and Deca","floor":50,"turns":7}],"seed_played":"-1706545160263011304","potions_obtained":[{"floor":5,"key":"PowerPotion"},{"floor":10,"key":"FearPotion"},{"floor":10,"key":"PowerPotion"},{"floor":10,"key":"SkillPotion"},{"floor":21,"key":"Poison Potion"},{"floor":30,"key":"SkillPotion"},{"floor":33,"key":"Fruit Juice"},{"floor":42,"key":"Poison Potion"},{"floor":45,"key":"Ancient Potion"}],"is_trial":false,"path_per_floor":["M","M","$","?","M","R","E","R","T","?","E","$","?","?","R","B",null,"M","?","?","M","$","E","R","T","T","E","M","R","M","?","R","B",null,"M","?","?","M","?","R","?","E","T","$","E","$","M","?","R","B"],"character_chosen":"THE_SILENT","items_purchased":["Die Die Die","Footwork","Deflect","Noxious Fumes"],"campfire_rested":4,"item_purchase_floors":[0,0,0,3],"current_hp_per_floor":[48,48,48,48,48,48,35,35,35,35,25,25,25,48,48,29,70,67,67,67,59,59,23,44,44,44,32,17,38,19,19,40,15,75,75,51,51,41,41,63,75,17,17,17,6,6,6,66,66,0],"gold":0,"neow_bonus":"","is_prod":false,"is_daily":false,"chose_seed":false,"campfire_upgraded":4,"win_rate":0,"timestamp":1562258272,"path_taken":["M","M","$","?","M","R","E","R","T","?","E","$","?","?","R","BOSS","M","?","?","M","$","E","R","?","T","E","M","R","M","?","R","BOSS","M","?","?","M","?","R","?","E","T","?","E","$","M","?","R","BOSS"],"build_version":"2019-07-01","purchased_purges":2,"victory":false,"max_hp_per_floor":[70,70,70,70,70,70,70,70,70,70,70,70,70,70,70,70,70,70,70,70,70,70,70,70,70,70,70,70,70,70,70,70,75,75,75,75,75,75,75,75,75,75,75,75,75,75,75,66,66,66],"card_choices":[{"not_picked":["Bane","Underhanded Strike","Slice"],"picked":"SKIP","floor":1},{"not_picked":["Outmaneuver","Night Terror","Cloak And Dagger"],"picked":"SKIP","floor":2},{"not_picked":["Prepared","Acrobatics"],"picked":"Dagger Throw","floor":5},{"not_picked":["Backstab","Calculated Gamble"],"picked":"Blur","floor":7},{"not_picked":["After Image","Dodge and Roll","Bane"],"picked":"SKIP","floor":11},{"not_picked":["Burst","Phantasmal Killer"],"picked":"Venomology","floor":16},{"not_picked":["Deflect","Expertise"],"picked":"Concentrate+1","floor":18},{"not_picked":["Dodge and Roll","Sucker Punch+1","Bane+1"],"picked":"SKIP","floor":21},{"not_picked":["Bouncing Flask","Acrobatics"],"picked":"Prepared+1","floor":23},{"not_picked":["Accuracy","Distraction+1"],"picked":"Backflip+1","floor":27},{"not_picked":["Endless Agony+1","Prepared"],"picked":"Blade Dance+1","floor":28},{"not_picked":["Dagger Spray","Cloak And Dagger"],"picked":"Underhanded Strike","floor":30},{"not_picked":["Doppelganger","Envenom"],"picked":"Venomology","floor":33},{"not_picked":[],"picked":"Cloak And Dagger+1","floor":35},{"not_picked":[],"picked":"Footwork","floor":36},{"not_picked":[],"picked":"Accuracy+1","floor":38},{"not_picked":["Sucker Punch+1"],"picked":"SKIP","floor":42},{"not_picked":["Setup"],"picked":"SKIP","floor":45},{"not_picked":[],"picked":"Tactician","floor":47},{"not_picked":[],"picked":"Underhanded Strike","floor":47}],"player_experience":378503,"relics_obtained":[{"floor":7,"key":"Potion Belt"},{"floor":9,"key":"Juzu Bracelet"},{"floor":11,"key":"Ancient Tea Set"},{"floor":23,"key":"MawBank"},{"floor":25,"key":"Ornamental Fan"},{"floor":26,"key":"Tiny Chest"},{"floor":27,"key":"Ninja Scroll"},{"floor":36,"key":"Peace Pipe"},{"floor":42,"key":"Vajra"},{"floor":43,"key":"Paper Crane"},{"floor":45,"key":"Prayer Wheel"}],"event_choices":[{"damage_healed":0,"gold_gain":0,"player_choice":"1 cards matched","damage_taken":0,"max_hp_gain":0,"max_hp_loss":0,"event_name":"Match and Keep!","floor":4,"gold_loss":0,"cards_obtained":["Neutralize"]},{"damage_healed":0,"gold_gain":0,"player_choice":"Bought 3 Potions","damage_taken":0,"max_hp_gain":0,"max_hp_loss":0,"event_name":"The Woman in Blue","floor":10,"gold_loss":0},{"damage_healed":0,"gold_gain":0,"player_choice":"Trade","damage_taken":0,"relics_obtained":["CultistMask"],"max_hp_gain":0,"max_hp_loss":0,"event_name":"FaceTrader","floor":13,"gold_loss":0},{"damage_healed":23,"gold_gain":0,"player_choice":"Banana","damage_taken":0,"max_hp_gain":0,"max_hp_loss":0,"event_name":"Big Fish","floor":14,"gold_loss":0},{"damage_healed":0,"gold_gain":0,"player_choice":"Opened","damage_taken":0,"relics_obtained":["Pen Nib"],"max_hp_gain":0,"max_hp_loss":0,"event_name":"The Mausoleum","floor":19,"gold_loss":0},{"damage_healed":0,"gold_gain":0,"player_choice":"Ignored","damage_taken":0,"max_hp_gain":0,"max_hp_loss":0,"event_name":"Vampires","floor":20,"gold_loss":0},{"damage_healed":0,"gold_gain":0,"player_choice":"Fight","damage_taken":0,"max_hp_gain":0,"max_hp_loss":0,"event_name":"MindBloom","floor":36,"gold_loss":0},{"damage_healed":0,"gold_gain":0,"player_choice":"Memory 1","damage_taken":0,"max_hp_gain":0,"max_hp_loss":0,"event_name":"SensoryStone","floor":37,"gold_loss":0},{"damage_healed":0,"gold_gain":0,"player_choice":"Paid","damage_taken":0,"relics_obtained":["Red Mask"],"max_hp_gain":0,"max_hp_loss":0,"event_name":"Tomb of Lord Red Mask","floor":39,"gold_loss":67},{"damage_healed":19,"gold_gain":0,"player_choice":"Writhe","damage_taken":0,"max_hp_gain":0,"max_hp_loss":0,"event_name":"Winding Halls","floor":41,"gold_loss":0,"cards_obtained":["Writhe"]},{"damage_healed":66,"gold_gain":0,"player_choice":"Heal","damage_taken":0,"max_hp_gain":0,"max_hp_loss":9,"event_name":"The Moai Head","floor":48,"gold_loss":0}],"is_beta":false,"boss_relics":[{"not_picked":["Coffee Dripper","Runic Dome"],"picked":"Ectoplasm"},{"not_picked":["Black Star","Pandora\u0027s Box"],"picked":"Busted Crown"}],"items_purged_floors":[0,12],"is_endless":false,"potions_floor_spawned":[5,21,30,33,42,45,47],"killed_by":"Donu and Deca","ascension_level":4}