{"gold_per_floor":[115,115,115,33,33,33,58,58,58,87,87,101,115,40,40,141,141,154,166,166,166,166,166,166,166,192,225,225,254,254,272,272,371,371],"floor_reached":34,"playtime":1385,"items_purged":["Strike_B"],"score":412,"play_id":"e78569d3-0029-4308-8a24-3f542237a930","local_time":"20190808135058","is_ascension_mode":true,"campfire_choices":[{"data":"Consume","floor":6,"key":"SMITH"},{"data":"Defragment","floor":8,"key":"SMITH"},{"data":"Zap","floor":11,"key":"SMITH"},{"data":"Dualcast","floor":15,"key":"SMITH"},{"data":"Coolheaded","floor":24,"key":"SMITH"},{"data":"Recycle","floor":28,"key":"SMITH"},{"data":"Capacitor","floor":30,"key":"SMITH"},{"data":"Seek","floor":32,"key":"SMITH"}],"neow_cost":"NONE","seed_source_timestamp":76577954495477,"circlet_count":0,"master_deck":["Zap+1","Dualcast+1","Self Repair+1","FTL+1","Beam Cell+1","Reboot","Consume+1","Defragment+1","Cold Snap","Cold Snap","Seek+1","Capacitor+1","Coolheaded+1","Reprogram","Lockon","Recycle+1"],"relics":["Astrolabe","Dodecahedron","Blue Candle","Anchor","Vajra","Sozu","Nilry\u0027s Codex","Bag of Preparation","Mummified Hand","Calipers","Inserter"],"potions_floor_usage":[10],"damage_taken":[{"damage":1,"enemies":"Jaw Worm","floor":1,"turns":3},{"damage":16,"enemies":"Gremlin Nob","floor":7,"turns":3},{"damage":26,"enemies":"3 Sentries","floor":10,"turns":5},{"damage":0,"enemies":"Small Slimes","floor":12,"turns":3},{"damage":0,"enemies":"Cultist","floor":13,"turns":3},{"damage":30,"enemies":"Hexaghost","floor":16,"turns":7},{"damage":0,"enemies":"2 Thieves","floor":18,"turns":4},{"damage":0,"enemies":"Chosen","floor":19,"turns":3},{"damage":2,"enemies":"Book of Stabbing","floor":27,"turns":4},{"damage":6,"enemies":"Gremlin Leader","floor":29,"turns":4},{"damage":8,"enemies":"Shelled Parasite and Fungi","floor":31,"turns":7},{"damage":1,"enemies":"Automaton","floor":33,"turns":29}],"seed_played":"1724083880746042138","potions_obtained":[{"floor":1,"key":"Swift Potion"},{"floor":7,"key":"LiquidBronze"},{"floor":16,"key":"LiquidBronze"}],"is_trial":false,"path_per_floor":["M","?","T","$","?","R","E","R","T","E","R","M","M","$","R","B",null,"M","M","?","?","?","?","R","?","T","E","R","E","R","M","R","B",null],"character_chosen":"DEFECT","items_purchased":["Consume"],"campfire_rested":0,"item_purchase_floors":[4],"current_hp_per_floor":[75,75,75,75,80,80,74,74,74,58,58,68,78,78,78,58,80,80,80,80,80,80,64,64,64,64,72,72,76,76,78,78,80,80],"gold":371,"neow_bonus":"BOSS_RELIC","is_prod":false,"is_daily":false,"chose_seed":false,"campfire_upgraded":8,"win_rate":0,"timestamp":1565239858,"path_taken":["M","?","?","$","?","R","E","R","T","E","R","M","M","$","R","BOSS","M","M","?","?","?","?","R","?","T","E","R","E","R","M","R","BOSS"],"build_version":"2019-07-17","purchased_purges":1,"victory":false,"max_hp_per_floor":[75,75,75,75,80,80,80,80,80,80,80,80,80,80,80,80,80,80,80,80,80,80,80,80,80,80,80,80,80,80,80,80,80,80],"card_choices":[{"not_picked":["Auto Shields","Barrage","Melter"],"picked":"SKIP","floor":1},{"not_picked":["Cold Snap","Double Energy"],"picked":"Defragment","floor":7},{"not_picked":["Barrage","Compile Driver","Static Discharge"],"picked":"SKIP","floor":10},{"not_picked":["Reinforced Body","Tempest"],"picked":"Cold Snap","floor":12},{"not_picked":["Hologram","Barrage"],"picked":"Cold Snap","floor":13},{"not_picked":["Meteor Strike","Biased Cognition"],"picked":"Seek","floor":16},{"not_picked":["Rebound","Leap"],"picked":"Capacitor","floor":18},{"not_picked":["Hologram","Conserve Battery"],"picked":"Coolheaded","floor":19},{"not_picked":["Steam","Gash","Reprogram"],"picked":"SKIP","floor":27},{"not_picked":["Steam","Gash","Reprogram"],"picked":"SKIP","floor":27},{"not_picked":["Stack","Hello World","Blizzard"],"picked":"SKIP","floor":29},{"not_picked":["Genetic Algorithm","Conserve Battery","Sweeping Beam"],"picked":"SKIP","floor":31}],"player_experience":299044,"relics_obtained":[{"floor":3,"key":"Dodecahedron"},{"floor":7,"key":"Blue Candle"},{"floor":9,"key":"Anchor"},{"floor":10,"key":"Vajra"},{"floor":23,"key":"Nilry\u0027s Codex"},{"floor":26,"key":"Bag of Preparation"},{"floor":27,"key":"Mummified Hand"},{"floor":29,"key":"Calipers"}],"event_choices":[{"damage_healed":0,"gold_gain":0,"cards_transformed":["Strike_B"],"player_choice":"Change","damage_taken":0,"max_hp_gain":0,"max_hp_loss":0,"event_name":"Living Wall","floor":2,"gold_loss":0,"cards_obtained":["Reboot"]},{"damage_healed":0,"gold_gain":0,"player_choice":"Donut","damage_taken":0,"max_hp_gain":5,"max_hp_loss":0,"event_name":"Big Fish","floor":5,"gold_loss":0},{"damage_healed":0,"gold_gain":0,"player_choice":"Ignored","damage_taken":0,"max_hp_gain":0,"max_hp_loss":0,"event_name":"Vampires","floor":20,"gold_loss":0},{"damage_healed":0,"gold_gain":0,"cards_transformed":["Defend_B","Strike_B"],"player_choice":"Became Test Subject","damage_taken":0,"max_hp_gain":0,"max_hp_loss":0,"event_name":"Drug Dealer","floor":21,"gold_loss":0,"cards_obtained":["Reprogram","Lockon"]},{"cards_removed":["Defend_B"],"damage_healed":0,"gold_gain":0,"player_choice":"Elegance","damage_taken":0,"max_hp_gain":0,"max_hp_loss":0,"event_name":"Back to Basics","floor":22,"gold_loss":0},{"damage_healed":0,"gold_gain":0,"player_choice":"Obtained Book","damage_taken":16,"max_hp_gain":0,"max_hp_loss":0,"event_name":"Cursed Tome","floor":23,"gold_loss":0},{"damage_healed":0,"gold_gain":0,"player_choice":"Read","damage_taken":0,"max_hp_gain":0,"max_hp_loss":0,"event_name":"The Library","floor":25,"gold_loss":0,"cards_obtained":["Recycle"]}],"is_beta":false,"boss_relics":[{"not_picked":["Calling Bell","Nuclear Battery"],"picked":"Sozu"},{"not_picked":["Orrery","Empty Cage"],"picked":"Inserter"}],"items_purged_floors":[14],"is_endless":false,"potions_floor_spawned":[1,7,16,18,19,31,33],"ascension_level":1}