{"gold_per_floor":[113,125,142,154,167,197,197,167,214,231,231,210,223,178,178,280,280,300,399,46,46,62,62,62,39,65,75,75,23,23,36,36,136,136,155,171,171,182,282,282,282],"floor_reached":41,"playtime":3434,"items_purged":["Strike_Br"],"score":418,"play_id":"66dfec95-0f55-43ba-955a-cc98bc190129","local_time":"20190731091039","is_ascension_mode":false,"campfire_choices":[{"data":"SecondHand","floor":7,"key":"SMITH"},{"floor":15,"key":"REST"},{"data":"LockedWarPaint","floor":23,"key":"SMITH"},{"data":"Echoward","floor":28,"key":"SMITH"},{"data":"WatchCommand","floor":30,"key":"SMITH"},{"data":"Defend_Br","floor":32,"key":"SMITH"},{"floor":40,"key":"REST"}],"neow_cost":"NONE","seed_source_timestamp":104193987388154,"circlet_count":0,"master_deck":["Strike_Br","Strike_Br","Strike_Br","Defend_Br","Defend_Br+1","SecondHand+1","PatternShift","Purity+1","WatchCommand+1","LockedAnchor","LockedWarPaint+1","HandsUpC","ExoVibe+14","BlueShift","LockedAnchor","LockedAnchor","LockedCalendar","HandsUpC","Pendulum","TiringSlam","Echoward+1","HandsUpB","LockedAnchor","HandsUpB"],"relics":["Chronometer","Dodecahedron","Happy Flower","Busted Crown","War Paint","Smiling Mask","Sozu","FossilizedHelix"],"potions_floor_usage":[6,18,22,31,33,33,33],"damage_taken":[{"damage":2,"enemies":"Cultist","floor":1,"turns":5},{"damage":11,"enemies":"Jaw Worm","floor":2,"turns":7},{"damage":0,"enemies":"2 Louse","floor":3,"turns":6},{"damage":2,"enemies":"Blue Slaver","floor":4,"turns":7},{"damage":4,"enemies":"Large Slime","floor":5,"turns":15},{"damage":14,"enemies":"Gremlin Nob","floor":6,"turns":6},{"damage":5,"enemies":"Looter","floor":8,"turns":4},{"damage":1,"enemies":"Exordium Thugs","floor":10,"turns":10},{"damage":0,"enemies":"Blue Slaver","floor":13,"turns":7},{"damage":5,"enemies":"Looter","floor":14,"turns":5},{"damage":12,"enemies":"Slime Boss","floor":16,"turns":18},{"damage":19,"enemies":"3 Byrds","floor":18,"turns":11},{"damage":16,"enemies":"Spheric Guardian","floor":22,"turns":9},{"damage":2,"enemies":"Centurion and Healer","floor":27,"turns":11},{"damage":4,"enemies":"Snecko","floor":31,"turns":8},{"damage":23,"enemies":"Automaton","floor":33,"turns":15},{"damage":11,"enemies":"Orb Walker","floor":35,"turns":6},{"damage":6,"enemies":"3 Darklings","floor":36,"turns":11},{"damage":39,"enemies":"Transient","floor":38,"turns":5},{"damage":0,"enemies":"Mind Bloom Boss Battle","floor":39,"turns":9},{"damage":32,"enemies":"Jaw Worm Horde","floor":41,"turns":4}],"seed_played":"-7767386953543061588","potions_obtained":[{"floor":1,"key":"PowerPotion"},{"floor":4,"key":"SpeedPotion"},{"floor":5,"key":"SteroidPotion"},{"floor":13,"key":"Energy Potion"},{"floor":27,"key":"LiquidBronze"},{"floor":31,"key":"SteroidPotion"}],"is_trial":false,"path_per_floor":["M","M","M","M","M","E","R","M","T","M","?","?","M","M","R","B",null,"M","?","$","?","M","R","?","$","T","M","R","$","R","M","R","B",null,"M","M","?","M","?","R","M"],"character_chosen":"CHRONO_CLASS","items_purchased":["War Paint","Regen Potion","HandsUpC","Echoward","HandsUpB"],"campfire_rested":2,"item_purchase_floors":[20,20,20,25,29],"current_hp_per_floor":[63,52,52,50,46,32,32,27,27,26,14,14,14,9,28,16,65,46,46,46,46,45,45,45,45,45,43,43,43,43,39,39,16,65,54,48,48,9,9,28,0],"gold":282,"neow_bonus":"RANDOM_COLORLESS","is_prod":false,"is_daily":false,"chose_seed":false,"campfire_upgraded":5,"win_rate":0.0,"timestamp":1564531839,"path_taken":["M","M","M","M","M","E","R","M","T","M","?","?","M","M","R","BOSS","M","?","$","?","M","R","?","$","T","M","R","$","R","M","R","BOSS","M","M","?","M","?","R","M"],"build_version":"2019-07-17","purchased_purges":1,"victory":false,"max_hp_per_floor":[65,65,65,65,65,65,65,65,65,65,65,65,65,65,65,65,65,65,65,65,65,65,65,65,65,65,65,65,65,65,65,65,65,65,65,65,65,65,65,65,65],"card_choices":[{"not_picked":["Goo","ExoVibe"],"picked":"WatchCommand","floor":1},{"not_picked":["LockedThread","Tempo","LockedScales"],"picked":"SKIP","floor":2},{"not_picked":["HandsUpC","Break"],"picked":"LockedAnchor","floor":3},{"not_picked":["Tempo","Parity"],"picked":"LockedWarPaint","floor":4},{"not_picked":["ShortSighted","LockedMedicine"],"picked":"HandsUpC","floor":5},{"not_picked":["Chronoelasticity","BeatsPerMinute"],"picked":"ExoVibe","floor":6},{"not_picked":["LockedOrichalcum","Recurrance"],"picked":"BlueShift","floor":8},{"not_picked":["Echoward","HandsUpC"],"picked":"LockedAnchor","floor":10},{"not_picked":["LockedMedicine","LockedThread","Tempo"],"picked":"SKIP","floor":13},{"not_picked":["BiteCommand","BlueShift"],"picked":"LockedAnchor","floor":14},{"not_picked":["LockedBell","Chronoelasticity"],"picked":"LockedCalendar","floor":16},{"not_picked":["LockedScales"],"picked":"SKIP","floor":18},{"not_picked":["TiringSlam"],"picked":"SKIP","floor":22},{"not_picked":["LockedTornado+1"],"picked":"SKIP","floor":27},{"not_picked":["Parity"],"picked":"SKIP","floor":31},{"not_picked":[],"picked":"LockedAnchor","floor":35},{"not_picked":["LockedOrichalcum"],"picked":"SKIP","floor":36},{"not_picked":[],"picked":"HandsUpB","floor":38}],"player_experience":208618,"relics_obtained":[{"floor":6,"key":"Dodecahedron"},{"floor":9,"key":"Happy Flower"},{"floor":26,"key":"Smiling Mask"},{"floor":39,"key":"FossilizedHelix"}],"event_choices":[{"damage_healed":0,"gold_gain":0,"player_choice":"Fled","damage_taken":12,"max_hp_gain":0,"max_hp_loss":0,"event_name":"Scrap Ooze","floor":11,"gold_loss":0},{"damage_healed":0,"gold_gain":0,"player_choice":"Left Gold","damage_taken":0,"max_hp_gain":0,"max_hp_loss":0,"event_name":"World of Goop","floor":12,"gold_loss":21},{"damage_healed":0,"gold_gain":99,"player_choice":"Stole From Cult","damage_taken":0,"max_hp_gain":0,"max_hp_loss":0,"event_name":"Nest","floor":19,"gold_loss":0},{"damage_healed":0,"gold_gain":0,"player_choice":"Ignored","damage_taken":0,"max_hp_gain":0,"max_hp_loss":0,"event_name":"Ghosts","floor":21,"gold_loss":0},{"damage_healed":0,"gold_gain":0,"cards_transformed":["Defend_Br","Defend_Br"],"player_choice":"Became Test Subject","damage_taken":0,"max_hp_gain":0,"max_hp_loss":0,"event_name":"Drug Dealer","floor":24,"gold_loss":0,"cards_obtained":["Pendulum","TiringSlam"]},{"damage_healed":0,"gold_gain":0,"player_choice":"Ignored","damage_taken":0,"max_hp_gain":0,"max_hp_loss":0,"event_name":"Mysterious Sphere","floor":37,"gold_loss":0},{"damage_healed":0,"gold_gain":0,"player_choice":"Fight","damage_taken":0,"max_hp_gain":0,"max_hp_loss":0,"event_name":"MindBloom","floor":39,"gold_loss":0}],"is_beta":false,"boss_relics":[{"not_picked":["Calling Bell","Ectoplasm"],"picked":"Busted Crown"},{"not_picked":["Velvet Choker","Coffee Dripper"],"picked":"Sozu"}],"items_purged_floors":[20],"is_endless":false,"potions_floor_spawned":[1,4,5,13,27,31,39],"killed_by":"Jaw Worm Horde","ascension_level":0}