{"gold_per_floor":[112,112,128,146,383,418,418,450,450,450,465,465,65,85,85,185,185,202,122,134,154,172,172,44,44],"floor_reached":25,"playtime":1935,"items_purged":["Strike_G","Regret","Doubt"],"score":277,"play_id":"dce53ee3-eeb6-4470-9eb2-118567040b79","local_time":"20190806204928","is_ascension_mode":true,"campfire_choices":[{"data":"Glass Knife","floor":7,"key":"SMITH"},{"floor":10,"key":"REST"},{"data":"Infinite Blades","floor":12,"key":"SMITH"},{"data":"Noxious Fumes","floor":15,"key":"SMITH"},{"floor":23,"key":"REST"}],"neow_cost":"NONE","seed_source_timestamp":79869997568897,"circlet_count":0,"master_deck":["Strike_G","Strike_G","Strike_G","Strike_G","Defend_G","Defend_G","Defend_G","Defend_G","Defend_G","Survivor","Neutralize","Blade Dance","Deadly Poison","Expertise","Glass Knife+1","Infinite Blades+1","Noxious Fumes+1","Footwork","Die Die Die","Injury","Backflip","Terror","Noxious Fumes"],"relics":["Sozu","Old Coin","Gambling Chip","Bottled Lightning","FossilizedHelix","Pantograph","Calling Bell","StoneCalendar","The Courier","Centennial Puzzle"],"potions_floor_usage":[],"damage_taken":[{"damage":0,"enemies":"2 Louse","floor":1,"turns":3},{"damage":2,"enemies":"Cultist","floor":3,"turns":4},{"damage":0,"enemies":"Small Slimes","floor":4,"turns":2},{"damage":24,"enemies":"Lagavulin","floor":6,"turns":9},{"damage":19,"enemies":"Gremlin Nob","floor":8,"turns":4},{"damage":0,"enemies":"Exordium Thugs","floor":11,"turns":3},{"damage":11,"enemies":"Lots of Slimes","floor":14,"turns":4},{"damage":9,"enemies":"Hexaghost","floor":16,"turns":9},{"damage":20,"enemies":"Chosen","floor":18,"turns":5},{"damage":6,"enemies":"Spheric Guardian","floor":20,"turns":5},{"damage":12,"enemies":"Snake Plant","floor":21,"turns":4},{"damage":9,"enemies":"Sentry and Sphere","floor":22,"turns":7},{"damage":41,"enemies":"Slavers","floor":25,"turns":3}],"seed_played":"-8530083161850276755","potions_obtained":[],"is_trial":false,"path_per_floor":["M","?","M","M","?","E","R","E","T","R","M","R","$","M","R","B",null,"M","$","M","M","M","R","$","E"],"character_chosen":"THE_SILENT","items_purchased":["Noxious Fumes","Pantograph","Noxious Fumes"],"campfire_rested":2,"item_purchase_floors":[13,13,24],"current_hp_per_floor":[63,68,66,66,66,42,42,23,23,45,45,45,45,34,34,50,69,49,49,43,31,22,44,44,3],"gold":44,"neow_bonus":"BOSS_RELIC","is_prod":false,"is_daily":false,"chose_seed":false,"campfire_upgraded":3,"win_rate":0,"timestamp":1565149768,"path_taken":["M","?","M","M","?","E","R","E","T","R","M","R","$","M","R","BOSS","M","$","M","?","M","R","$","E"],"build_version":"2019-07-17","purchased_purges":3,"victory":false,"max_hp_per_floor":[70,75,75,75,75,75,75,75,75,75,75,75,75,75,75,75,75,75,75,75,75,75,75,75,75],"card_choices":[{"not_picked":["Deflect","Bane"],"picked":"Blade Dance","floor":1},{"not_picked":["PiercingWail","Underhanded Strike"],"picked":"Deadly Poison","floor":3},{"not_picked":["Dagger Spray","Sucker Punch"],"picked":"Expertise","floor":4},{"not_picked":["Sucker Punch","Expertise"],"picked":"Glass Knife","floor":6},{"not_picked":["Riddle With Holes","PiercingWail"],"picked":"Infinite Blades","floor":8},{"not_picked":["Outmaneuver","Slice","Quick Slash"],"picked":"SKIP","floor":11},{"not_picked":["Flying Knee","Deadly Poison"],"picked":"Footwork","floor":14},{"not_picked":["Bullet Time","Phantasmal Killer"],"picked":"Die Die Die","floor":16},{"not_picked":["Flying Knee","Blade Dance","Deflect+1"],"picked":"SKIP","floor":18},{"not_picked":["All Out Attack","Endless Agony+1","Setup"],"picked":"SKIP","floor":20},{"not_picked":["Dagger Spray","Skewer"],"picked":"Backflip","floor":21},{"not_picked":["Dash+1","Prepared"],"picked":"Terror","floor":22}],"player_experience":198721,"relics_obtained":[{"floor":6,"key":"Gambling Chip"},{"floor":8,"key":"Bottled Lightning"},{"floor":9,"key":"FossilizedHelix"},{"floor":17,"key":"StoneCalendar"},{"floor":17,"key":"The Courier"},{"floor":17,"key":"Centennial Puzzle"}],"event_choices":[{"damage_healed":0,"gold_gain":0,"player_choice":"Donut","damage_taken":0,"max_hp_gain":5,"max_hp_loss":0,"event_name":"Big Fish","floor":2,"gold_loss":0},{"damage_healed":0,"gold_gain":0,"player_choice":"Paid Gold","damage_taken":0,"relics_obtained":["Old Coin"],"max_hp_gain":0,"max_hp_loss":0,"event_name":"WeMeetAgain","floor":5,"gold_loss":63}],"is_beta":false,"boss_relics":[{"not_picked":["Fusion Hammer","White Beast Statue"],"picked":"Calling Bell"}],"items_purged_floors":[13,19,24],"is_endless":false,"potions_floor_spawned":[3,11,14,16],"killed_by":"Slavers","ascension_level":6}