{"gold_per_floor":[110,110,124,84,100,134,150,163,163,163,206,227,227,271,271,361,361,361,381,405,430,39,39,83,83,110,110,134,184,184,219,219,314,314,327,327,342,342,361,361,401,21,21,21,21,35,54,78,78,78,78],"floor_reached":52,"playtime":8228,"items_purged":["Strike_G"],"score":1938,"play_id":"1ef2bcc2-42d2-4ea3-b2e7-c202294cf78c","local_time":"20190806112519","is_ascension_mode":true,"campfire_choices":[{"data":"Envenom","floor":10.0,"key":"SMITH"},{"data":"Catalyst","floor":13.0,"key":"SMITH"},{"data":"Neutralize","floor":15.0,"key":"SMITH"},{"data":"After Image","floor":23.0,"key":"SMITH"},{"data":"Deadly Poison","floor":25.0,"key":"SMITH"},{"floor":27.0,"key":"REST"},{"data":"Crippling Poison","floor":32.0,"key":"SMITH"},{"data":"Malaise","floor":40.0,"key":"SMITH"},{"floor":45.0,"key":"REST"},{"data":"Catalyst","floor":49.0,"key":"SMITH"}],"neow_cost":"NONE","seed_source_timestamp":370219080004700,"circlet_count":0,"master_deck":["AscendersBane","Defend_G","Defend_G+1","Defend_G","Defend_G","Defend_G+1","Survivor","Neutralize+1","Bane","All Out Attack","Poisoned Stab","Envenom+1","Catalyst+1","Escape Plan","After Image+1","Leg Sweep+1","Bouncing Flask","Riddle With Holes","Leg Sweep","Deadly Poison+1","Leg Sweep","Crippling Poison+1","Bite","Bite","Bite","Bite","Bite","Crippling Poison","Malaise+1","Acrobatics","Dodge and Roll","Adrenaline","Well Laid Plans+1","Envenom","Acrobatics","Catalyst+1","Skewer+1"],"special_seed":0,"relics":["Ring of the Serpent","Potion Belt","Golden Idol","Art of War","Letter Opener","FossilizedHelix","Ninja Scroll","Velvet Choker","Frozen Eye","Happy Flower","War Paint","The Specimen","Snake Skull","Blue Candle"],"potions_floor_usage":[51,51],"damage_taken":[{"damage":0.0,"enemies":"2 Louse","floor":1.0,"turns":4.0},{"damage":0.0,"enemies":"Jaw Worm","floor":3.0,"turns":4.0},{"damage":0.0,"enemies":"Cultist","floor":5.0,"turns":3.0},{"damage":12.0,"enemies":"Lagavulin","floor":6.0,"turns":5.0},{"damage":3.0,"enemies":"Lots of Slimes","floor":7.0,"turns":3.0},{"damage":0.0,"enemies":"2 Fungi Beasts","floor":8.0,"turns":3.0},{"damage":6.0,"enemies":"Gremlin Nob","floor":11.0,"turns":3.0},{"damage":0.0,"enemies":"Large Slime","floor":12.0,"turns":4.0},{"damage":0.0,"enemies":"3 Sentries","floor":14.0,"turns":5.0},{"damage":16.0,"enemies":"Hexaghost","floor":16.0,"turns":8.0},{"damage":0.0,"enemies":"Spheric Guardian","floor":18.0,"turns":3.0},{"damage":11.0,"enemies":"3 Byrds","floor":19.0,"turns":5.0},{"damage":0.0,"enemies":"Centurion and Healer","floor":20.0,"turns":7.0},{"damage":10.0,"enemies":"Chosen and Byrds","floor":21.0,"turns":5.0},{"damage":9.0,"enemies":"Slavers","floor":24.0,"turns":4.0},{"damage":4.0,"enemies":"Sentry and Sphere","floor":28.0,"turns":6.0},{"damage":12.0,"enemies":"Gremlin Leader","floor":31.0,"turns":5.0},{"damage":33.0,"enemies":"Champ","floor":33.0,"turns":12.0},{"damage":18.0,"enemies":"3 Darklings","floor":35.0,"turns":5.0},{"damage":0.0,"enemies":"3 Shapes","floor":37.0,"turns":3.0},{"damage":13.0,"enemies":"Spire Growth","floor":39.0,"turns":6.0},{"damage":27.0,"enemies":"Giant Head","floor":41.0,"turns":8.0},{"damage":9.0,"enemies":"3 Darklings","floor":46.0,"turns":5.0},{"damage":0.0,"enemies":"Writhing Mass","floor":47.0,"turns":7.0},{"damage":1.0,"enemies":"Transient","floor":48.0,"turns":6.0},{"damage":21.0,"enemies":"Time Eater","floor":50.0,"turns":9.0},{"damage":36,"enemies":"Awakened One","floor":51,"turns":13}],"seed_played":"-8344759318199065982","potions_obtained":[{"floor":1.0,"key":"Ancient Potion"},{"floor":4.0,"key":"Poison Potion"},{"floor":4.0,"key":"Weak Potion"},{"floor":4.0,"key":"GamblersBrew"},{"floor":6.0,"key":"SkillPotion"},{"floor":8.0,"key":"SkillPotion"},{"floor":14.0,"key":"Explosive Potion"},{"floor":16.0,"key":"SmokeBomb"},{"floor":19.0,"key":"FearPotion"},{"floor":24.0,"key":"Strength Potion"},{"floor":31.0,"key":"Block Potion"},{"floor":33.0,"key":"Weak Potion"},{"floor":39.0,"key":"SneckoOil"},{"floor":41.0,"key":"Weak Potion"},{"floor":47.0,"key":"PowerPotion"}],"is_trial":false,"path_per_floor":["M","?","M","?","M","E","M","M","T","R","E","M","R","E","R","B",null,"M","M","M","M","$","R","E","R","T","R","M","?","?","E","R","B",null,"M","?","M","?","M","R","E","$","T","?","R","M","M","M","R","B","B",null],"character_chosen":"THE_SILENT","items_purchased":["Leg Sweep","Frozen Eye","Deadly Poison","Envenom","PowerPotion","Acrobatics","SkillPotion","Swift Potion"],"campfire_rested":2,"item_purchase_floors":[22,22,22,42,42,42,42,42],"current_hp_per_floor":[59,59,59,59,59,47,44,44,44,44,38,38,38,38,38,22,51,51,40,40,30,30,30,21,21,21,39,35,35,35,33,33,20,37,25,25,27,27,20,20,3,3,3,3,15,14,24,37,37,28,8],"gold":78,"neow_bonus":"RANDOM_COMMON_RELIC","is_prod":false,"is_daily":false,"chose_seed":false,"campfire_upgraded":8,"win_rate":0,"timestamp":1565115919,"path_taken":["M","?","M","?","M","E","M","M","T","R","E","M","R","E","R","BOSS","M","M","?","?","$","R","E","R","T","R","?","?","?","E","R","BOSS","M","?","M","?","M","R","E","$","T","?","R","M","M","?","R","BOSS","BOSS"],"build_version":"2019-07-17","purchased_purges":1,"victory":true,"max_hp_per_floor":[66,60,60,60,60,60,60,60,60,60,60,60,60,60,60,60,60,60,60,60,60,60,60,60,60,60,60,60,60,42,42,42,42,42,42,40,40,40,40,40,40,40,40,40,40,40,40,40,40,40,40],"card_choices":[{"not_picked":["Catalyst","Skewer"],"picked":"Backstab","floor":1.0},{"not_picked":["Outmaneuver","Prepared"],"picked":"Bane","floor":3.0},{"not_picked":["Bane","Slice"],"picked":"All Out Attack","floor":5.0},{"not_picked":["Choke","Dodge and Roll"],"picked":"Poisoned Stab","floor":6.0},{"not_picked":["Sucker Punch","Heel Hook","Bane"],"picked":"SKIP","floor":7.0},{"not_picked":["Deflect","Blade Dance"],"picked":"Envenom","floor":8.0},{"not_picked":["Flying Knee","Heel Hook","Quick Slash"],"picked":"SKIP","floor":11.0},{"not_picked":["Footwork","Terror"],"picked":"Catalyst","floor":12.0},{"not_picked":["Dagger Throw","All Out Attack"],"picked":"Escape Plan","floor":14.0},{"not_picked":["Phantasmal Killer","Bullet Time"],"picked":"After Image","floor":16.0},{"not_picked":["Dagger Spray","Bane"],"picked":"Leg Sweep+1","floor":19.0},{"not_picked":["Finisher+1","Masterful Stab"],"picked":"Bouncing Flask","floor":20.0},{"not_picked":["Slice","Backflip"],"picked":"Riddle With Holes","floor":21.0},{"not_picked":["Outmaneuver","Phantasmal Killer"],"picked":"Leg Sweep","floor":24.0},{"not_picked":["Backflip","Prepared+1"],"picked":"Crippling Poison","floor":28.0},{"not_picked":["Dagger Spray","Escape Plan+1"],"picked":"Crippling Poison","floor":31.0},{"not_picked":["Night Terror","Tools of the Trade"],"picked":"Malaise","floor":33.0},{"not_picked":["Accuracy","Outmaneuver"],"picked":"Acrobatics","floor":35.0},{"not_picked":["Dash","Sucker Punch"],"picked":"Dodge and Roll","floor":37.0},{"not_picked":["Outmaneuver","Infinite Blades+1"],"picked":"Adrenaline","floor":39.0},{"not_picked":["All Out Attack","Underhanded Strike"],"picked":"Well Laid Plans+1","floor":41.0},{"not_picked":["Acrobatics","Slice"],"picked":"Catalyst","floor":46.0},{"not_picked":["Masterful Stab","Cloak And Dagger+1"],"picked":"Skewer+1","floor":47.0},{"not_picked":["Underhanded Strike","Slice","Caltrops+1"],"picked":"SKIP","floor":48.0}],"player_experience":1283571,"relics_obtained":[{"floor":6.0,"key":"Art of War"},{"floor":9.0,"key":"Letter Opener"},{"floor":11.0,"key":"FossilizedHelix"},{"floor":14.0,"key":"Ninja Scroll"},{"floor":24.0,"key":"Happy Flower"},{"floor":26.0,"key":"War Paint"},{"floor":31.0,"key":"The Specimen"},{"floor":41.0,"key":"Snake Skull"},{"floor":43.0,"key":"Blue Candle"}],"event_choices":[{"damage_healed":0.0,"max_hp_gain":0.0,"max_hp_loss":6.0,"gold_gain":0.0,"event_name":"Golden Idol","player_choice":"Lose Max HP","floor":2.0,"gold_loss":0.0,"damage_taken":0.0,"relics_obtained":["Golden Idol"]},{"damage_healed":0.0,"max_hp_gain":0.0,"max_hp_loss":0.0,"gold_gain":0.0,"event_name":"The Woman in Blue","player_choice":"Bought 3 Potions","floor":4.0,"gold_loss":0.0,"damage_taken":0.0},{"damage_healed":0.0,"max_hp_gain":0.0,"max_hp_loss":0.0,"gold_gain":50.0,"event_name":"Nest","player_choice":"Stole From Cult","floor":29.0,"gold_loss":0.0,"damage_taken":0.0},{"damage_healed":0.0,"max_hp_gain":0.0,"max_hp_loss":18.0,"gold_gain":0.0,"event_name":"Vampires","player_choice":"Became a vampire","floor":30.0,"gold_loss":0.0,"damage_taken":0.0,"cards_obtained":["Bite","Bite","Bite","Bite","Bite"]},{"damage_healed":0.0,"max_hp_gain":0.0,"max_hp_loss":2.0,"gold_gain":0.0,"event_name":"Winding Halls","player_choice":"Max HP","floor":36.0,"gold_loss":0.0,"damage_taken":0.0},{"damage_healed":0.0,"max_hp_gain":0.0,"max_hp_loss":0.0,"gold_gain":0.0,"event_name":"Tomb of Lord Red Mask","player_choice":"Ignored","floor":38.0,"gold_loss":0.0,"damage_taken":0.0},{"cards_removed":["Backstab"],"damage_healed":0.0,"max_hp_gain":0.0,"max_hp_loss":0.0,"gold_gain":0.0,"event_name":"Purifier","player_choice":"Purged","floor":44.0,"gold_loss":0.0,"damage_taken":0.0}],"is_beta":false,"boss_relics":[{"not_picked":["HoveringKite","White Beast Statue"],"picked":"Velvet Choker"},{"not_picked":["Busted Crown","Pandora\u0027s Box"],"picked":"Ring of the Serpent"}],"items_purged_floors":[22],"is_endless":false,"potions_floor_spawned":[1,6,8,14,16,18,19,24,31,33,39,41,47],"ascension_level":20}