{"gold_per_floor":[112,112,35,47,47,47,47,73,97,97,97,122,141,158,158,262,262,279,123,123,38,38,54,54],"floor_reached":24,"playtime":1054,"items_purged":["Strike_G"],"score":298,"play_id":"64029763-2b71-410e-a98b-64903746af48","local_time":"20190731231317","is_ascension_mode":true,"campfire_choices":[{"data":"Sucker Punch","floor":6,"key":"SMITH"},{"floor":15,"key":"REST"}],"neow_cost":"NONE","seed_source_timestamp":283223009011200,"circlet_count":0,"master_deck":["Strike_G","Strike_G+1","Strike_G+1","Defend_G","Defend_G","Defend_G+1","Defend_G","Defend_G","Survivor","Neutralize+1","Adrenaline","Terror","Noxious Fumes+1","Sucker Punch+1","Cloak And Dagger","Quick Slash+1","Dagger Spray+1","Die Die Die+1","Dash+1","Leg Sweep","Ghostly","Ghostly","Ghostly","Ghostly","Ghostly"],"relics":["Ring of the Snake","Centennial Puzzle","Whetstone","Darkstone Periapt","Molten Egg 2","Snecko Eye","Letter Opener","MutagenicStrength"],"potions_floor_usage":[8],"damage_taken":[{"damage":8,"enemies":"Cultist","floor":1,"turns":4},{"damage":0,"enemies":"2 Louse","floor":4,"turns":3},{"damage":5,"enemies":"Lagavulin","floor":8,"turns":5},{"damage":16,"enemies":"3 Sentries","floor":12,"turns":7},{"damage":0,"enemies":"Jaw Worm","floor":13,"turns":2},{"damage":6,"enemies":"3 Louse","floor":14,"turns":3},{"damage":10,"enemies":"Hexaghost","floor":16,"turns":9},{"damage":3,"enemies":"2 Thieves","floor":18,"turns":3},{"damage":21,"enemies":"Spheric Guardian","floor":23,"turns":6},{"damage":0,"enemies":"Gremlin Leader","floor":24,"turns":1}],"seed_played":"-5073572806893463992","potions_obtained":[{"floor":1,"key":"Strength Potion"},{"floor":4,"key":"Weak Potion"},{"floor":16,"key":"Ancient Potion"},{"floor":23,"key":"Block Potion"}],"is_trial":false,"path_per_floor":["M","?","$","M","?","R","?","E","T","?","T","E","M","M","R","B",null,"M","$","?","?","?","M","E"],"character_chosen":"THE_SILENT","items_purchased":["Noxious Fumes","Leg Sweep"],"campfire_rested":1,"item_purchase_floors":[3,19],"current_hp_per_floor":[55,48,48,48,48,48,34,29,29,29,29,13,13,7,28,18,57,54,54,35,35,35,14,14],"gold":54,"neow_bonus":"ONE_RANDOM_RARE_CARD","is_prod":false,"is_daily":false,"chose_seed":false,"campfire_upgraded":1,"win_rate":0,"timestamp":1564632797,"path_taken":["M","?","$","M","?","R","?","E","T","?","?","E","M","M","R","BOSS","M","$","?","?","?","M","E"],"build_version":"2019-07-17","purchased_purges":1,"victory":false,"max_hp_per_floor":[70,70,70,70,70,70,70,70,70,70,70,70,70,70,70,70,70,70,70,35,35,35,35,35],"card_choices":[{"not_picked":["Catalyst","Underhanded Strike"],"picked":"Terror","floor":1},{"not_picked":["Poisoned Stab","Outmaneuver"],"picked":"Sucker Punch","floor":4},{"not_picked":["Concentrate","Masterful Stab","Quick Slash"],"picked":"SKIP","floor":8},{"not_picked":["Deadly Poison","Deflect"],"picked":"Cloak And Dagger","floor":12},{"not_picked":["Acrobatics","Eviscerate+1"],"picked":"Quick Slash+1","floor":13},{"not_picked":["Envenom","Distraction"],"picked":"Dagger Spray+1","floor":14},{"not_picked":["Phantasmal Killer","Malaise"],"picked":"Die Die Die+1","floor":16},{"not_picked":["Slice+1","Acrobatics"],"picked":"Dash+1","floor":18},{"not_picked":["Cloak And Dagger","Accuracy","Prepared+1"],"picked":"SKIP","floor":23}],"player_experience":439735,"relics_obtained":[{"floor":8,"key":"Centennial Puzzle"},{"floor":9,"key":"Whetstone"},{"floor":11,"key":"Darkstone Periapt"},{"floor":12,"key":"Molten Egg 2"}],"event_choices":[{"cards_removed":["Strike_G"],"damage_healed":0,"gold_gain":0,"player_choice":"Card Removal","damage_taken":7,"max_hp_gain":0,"max_hp_loss":0,"event_name":"Golden Wing","floor":2,"gold_loss":0},{"damage_healed":0,"gold_gain":0,"player_choice":"Ignored","damage_taken":0,"max_hp_gain":0,"max_hp_loss":0,"event_name":"Liars Game","floor":5,"gold_loss":0},{"damage_healed":0,"gold_gain":0,"player_choice":"Entered Light","damage_taken":14,"max_hp_gain":0,"max_hp_loss":0,"event_name":"Shining Light","floor":7,"gold_loss":0,"cards_upgraded":["Neutralize","Defend_G"]},{"damage_healed":0,"gold_gain":0,"player_choice":"Grow","damage_taken":0,"max_hp_gain":0,"max_hp_loss":0,"event_name":"Living Wall","floor":10,"gold_loss":0,"cards_upgraded":["Noxious Fumes"]},{"damage_healed":0,"gold_gain":0,"player_choice":"Became a Ghost","damage_taken":0,"max_hp_gain":0,"max_hp_loss":35,"event_name":"Ghosts","floor":20,"gold_loss":0,"cards_obtained":["Ghostly","Ghostly","Ghostly","Ghostly","Ghostly"]},{"damage_healed":0,"gold_gain":0,"player_choice":"Obtained Relic","damage_taken":0,"relics_obtained":["Letter Opener"],"max_hp_gain":0,"max_hp_loss":0,"event_name":"Addict","floor":21,"gold_loss":85},{"damage_healed":0,"gold_gain":0,"player_choice":"Inject Mutagens","damage_taken":0,"relics_obtained":["MutagenicStrength"],"max_hp_gain":0,"max_hp_loss":0,"event_name":"Drug Dealer","floor":22,"gold_loss":0}],"is_beta":false,"boss_relics":[{"not_picked":["Coffee Dripper","Black Star"],"picked":"Snecko Eye"}],"items_purged_floors":[19],"is_endless":false,"potions_floor_spawned":[1,4,16,23],"killed_by":"Gremlin Leader","ascension_level":7}