{"gold_per_floor":[110,32,46,46,61,61,61,87,87,3,33,33,52,84,84,182,182,198,198,198,214,61,96,114,114,114,140,140,159,159,186,186,291,291,304,304,322,377,377,407,407,440,463,463,494,15,34,11,11,11],"floor_reached":51,"playtime":3900,"items_purged":["Strike_G"],"score":1233,"play_id":"1f4da44b-1897-4679-b8fa-10365775113e","local_time":"20190617233350","is_ascension_mode":true,"campfire_choices":[{"data":"Neutralize","floor":6,"key":"SMITH"},{"data":"Infinite Blades","floor":12,"key":"SMITH"},{"floor":15,"key":"REST"},{"data":"J.A.X.","floor":25,"key":"SMITH"},{"data":"After Image","floor":28,"key":"SMITH"},{"data":"Tools of the Trade","floor":32,"key":"SMITH"},{"data":"Venomology","floor":41,"key":"SMITH"},{"data":"Malaise","floor":44,"key":"SMITH"},{"floor":49,"key":"REST"}],"neow_cost":"","seed_source_timestamp":435768574687500,"circlet_count":0,"master_deck":["Defend_G","Defend_G","Defend_G","Defend_G","Defend_G+1","Strike_G","Strike_G","Strike_G","Strike_G","Survivor","Neutralize+1","Deflect","Infinite Blades+1","Backstab","Dagger Spray+1","Tools of the Trade+1","Underhanded Strike","Caltrops","Choke","After Image+1","Die Die Die","J.A.X.+1","Terror","Backstab","Venomology+1","Cloak And Dagger+1","Malaise+1","Envenom","Cloak And Dagger+1","Outmaneuver"],"relics":["Ring of the Snake","Mango","Vajra","Strawberry","Ninja Scroll","Bag of Preparation","PreservedInsect","WristBlade","Bronze Scales","Ancient Tea Set","Pantograph","Bag of Marbles","Mummified Hand","Ginger","Eternal Feather","WingedGreaves","Gambling Chip","Mercury Hourglass","Art of War","Happy Flower","Shuriken"],"potions_floor_usage":[33,38,40,42,45,47,47,47,50,50,50],"damage_taken":[{"damage":0,"enemies":"Small Slimes","floor":1,"turns":3},{"damage":0,"enemies":"Jaw Worm","floor":3,"turns":2},{"damage":0,"enemies":"Cultist","floor":5,"turns":2},{"damage":6,"enemies":"3 Sentries","floor":8,"turns":6},{"damage":14,"enemies":"Lagavulin","floor":11,"turns":7},{"damage":12,"enemies":"Exordium Wildlife","floor":13,"turns":2},{"damage":2,"enemies":"Gremlin Nob","floor":14,"turns":3},{"damage":51,"enemies":"The Guardian","floor":16,"turns":10},{"damage":2,"enemies":"Spheric Guardian","floor":18,"turns":2},{"damage":3,"enemies":"3 Byrds","floor":21,"turns":3},{"damage":5,"enemies":"Book of Stabbing","floor":23,"turns":4},{"damage":21,"enemies":"Centurion and Healer","floor":24,"turns":4},{"damage":0,"enemies":"Slavers","floor":27,"turns":2},{"damage":3,"enemies":"Cultist and Chosen","floor":29,"turns":3},{"damage":5,"enemies":"Book of Stabbing","floor":31,"turns":1},{"damage":15,"enemies":"Champ","floor":33,"turns":8},{"damage":0,"enemies":"Orb Walker","floor":35,"turns":1},{"damage":12,"enemies":"3 Shapes","floor":37,"turns":1},{"damage":2,"enemies":"2 Orb Walkers","floor":38,"turns":3},{"damage":28,"enemies":"Reptomancer","floor":40,"turns":3},{"damage":12,"enemies":"Giant Head","floor":42,"turns":5},{"damage":0,"enemies":"Nemesis","floor":45,"turns":3},{"damage":22,"enemies":"Transient","floor":47,"turns":5},{"damage":88,"enemies":"Awakened One","floor":50,"turns":9}],"seed_played":"-7423666177812277428","potions_obtained":[{"floor":5,"key":"SteroidPotion"},{"floor":8,"key":"SkillPotion"},{"floor":13,"key":"Ancient Potion"},{"floor":14,"key":"GhostInAJar"},{"floor":35,"key":"Poison Potion"},{"floor":42,"key":"SteroidPotion"},{"floor":47,"key":"Dexterity Potion"}],"is_trial":false,"path_per_floor":["M","$","M","?","M","R","$","E","T","$","E","R","M","E","R","B",null,"M","?","?","M","$","E","M","R","T","E","R","M","?","E","R","B",null,"M","?","M","?","?","E","R","E","T","R","E","$","M","$","R","B",null],"character_chosen":"THE_SILENT","items_purchased":["Vajra","Backstab","Underhanded Strike","Caltrops","Bronze Scales","Shuriken","Envenom","Outmaneuver"],"campfire_rested":2,"item_purchase_floors":[0,2,10,10,22,46,46,48],"current_hp_per_floor":[84,84,84,67,67,67,67,68,68,68,54,54,42,40,67,16,91,89,89,89,86,86,81,60,60,60,60,60,57,57,52,52,62,91,91,91,79,77,77,49,64,52,52,67,67,67,45,45,90,3],"gold":11,"neow_bonus":"","is_prod":false,"is_daily":false,"chose_seed":false,"campfire_upgraded":7,"win_rate":0,"timestamp":1560832430,"path_taken":["M","$","M","?","M","R","?","E","T","?","E","R","M","E","R","BOSS","M","?","?","M","$","E","M","R","T","E","R","M","?","E","R","BOSS","M","?","M","?","?","E","R","E","T","R","E","$","?","$","R","BOSS"],"build_version":"2019-01-23","purchased_purges":1,"victory":true,"max_hp_per_floor":[84,84,84,84,84,84,84,91,91,91,91,91,91,91,91,91,91,91,91,91,91,91,91,91,91,91,91,91,91,91,91,91,91,91,91,91,91,91,91,91,91,91,91,91,91,91,91,91,91,91],"card_choices":[{"not_picked":["Blade Dance","Acrobatics"],"picked":"Infinite Blades","floor":1},{"not_picked":["Infinite Blades","Backflip"],"picked":"Dagger Spray","floor":3},{"not_picked":["Blade Dance","Escape Plan","Poisoned Stab"],"picked":"SKIP","floor":5},{"not_picked":["Poisoned Stab","Slice"],"picked":"Tools of the Trade","floor":8},{"not_picked":["Cloak And Dagger","Blade Dance"],"picked":"Choke","floor":11},{"not_picked":["Poisoned Stab","Cloak And Dagger","Quick Slash"],"picked":"SKIP","floor":13},{"not_picked":["Deflect","Blade Dance"],"picked":"After Image","floor":14},{"not_picked":["Glass Knife","Grand Finale"],"picked":"Die Die Die","floor":16},{"not_picked":["Blade Dance","Sucker Punch","Outmaneuver"],"picked":"SKIP","floor":18},{"not_picked":["Calculated Gamble+1","Dagger Throw","Expertise"],"picked":"SKIP","floor":21},{"not_picked":["Skewer+1","Expertise","Reflex"],"picked":"SKIP","floor":23},{"not_picked":["Bouncing Flask","PiercingWail","Setup+1"],"picked":"SKIP","floor":24},{"not_picked":["Dash","Deadly Poison","Concentrate"],"picked":"SKIP","floor":27},{"not_picked":["Blade Dance","Poisoned Stab"],"picked":"Backstab","floor":29},{"not_picked":["Calculated Gamble+1","Deadly Poison","Night Terror"],"picked":"SKIP","floor":31},{"not_picked":["Bullet Time","Glass Knife"],"picked":"Venomology","floor":33},{"not_picked":["Outmaneuver+1","Dodge and Roll+1"],"picked":"Cloak And Dagger+1","floor":35},{"not_picked":["Dagger Spray+1","Bouncing Flask+1","Backflip+1"],"picked":"SKIP","floor":37},{"not_picked":["Doppelganger","Underhanded Strike","Prepared"],"picked":"SKIP","floor":40},{"not_picked":["Predator","Catalyst"],"picked":"Malaise","floor":42},{"not_picked":["Heel Hook","Flying Knee","Caltrops"],"picked":"SKIP","floor":45},{"not_picked":["Bouncing Flask","Dagger Throw+1"],"picked":"Cloak And Dagger+1","floor":47}],"player_experience":346456,"relics_obtained":[{"floor":8,"key":"Strawberry"},{"floor":9,"key":"Ninja Scroll"},{"floor":11,"key":"Bag of Preparation"},{"floor":14,"key":"PreservedInsect"},{"floor":23,"key":"Ancient Tea Set"},{"floor":26,"key":"Pantograph"},{"floor":27,"key":"Bag of Marbles"},{"floor":31,"key":"Ginger"},{"floor":38,"key":"WingedGreaves"},{"floor":40,"key":"Gambling Chip"},{"floor":42,"key":"Mercury Hourglass"},{"floor":43,"key":"Art of War"},{"floor":45,"key":"Happy Flower"}],"event_choices":[{"damage_healed":0,"gold_gain":0,"player_choice":"Entered Light","damage_taken":17,"max_hp_gain":0,"max_hp_loss":0,"event_name":"Shining Light","floor":4,"gold_loss":0,"cards_upgraded":["Dagger Spray","Defend_G"]},{"damage_healed":0,"gold_gain":0,"player_choice":"Obtain J.A.X.","damage_taken":0,"max_hp_gain":0,"max_hp_loss":0,"event_name":"Drug Dealer","floor":19,"gold_loss":0,"cards_obtained":["J.A.X."]},{"damage_healed":0,"gold_gain":0,"player_choice":"Read","damage_taken":0,"max_hp_gain":0,"max_hp_loss":0,"event_name":"The Library","floor":20,"gold_loss":0,"cards_obtained":["Terror"]},{"damage_healed":0,"gold_gain":0,"player_choice":"Opened","damage_taken":0,"relics_obtained":["Mummified Hand"],"max_hp_gain":0,"max_hp_loss":0,"event_name":"The Mausoleum","floor":30,"gold_loss":0},{"damage_healed":0,"gold_gain":0,"player_choice":"Ignored","damage_taken":0,"max_hp_gain":0,"max_hp_loss":0,"event_name":"Tomb of Lord Red Mask","floor":36,"gold_loss":0},{"damage_healed":0,"gold_gain":0,"player_choice":"Fight","damage_taken":0,"max_hp_gain":0,"max_hp_loss":0,"event_name":"Mysterious Sphere","floor":38,"gold_loss":0},{"damage_healed":0,"gold_gain":0,"player_choice":"Ignored","damage_taken":0,"max_hp_gain":0,"max_hp_loss":0,"event_name":"SecretPortal","floor":39,"gold_loss":0}],"is_beta":false,"boss_relics":[{"not_picked":["Coffee Dripper","Tiny House"],"picked":"WristBlade"},{"not_picked":["HoveringKite","Snecko Eye"],"picked":"Eternal Feather"}],"items_purged_floors":[46],"is_endless":false,"potions_floor_spawned":[5,8,13,14,16,23,24,29,31,35,38,42,47],"ascension_level":4}