{"gold_per_floor":[114,128,147,167,187,187,202,202,281,119,119,119,134,166,166,262,262,272,272,362,73,90,117,136,136,136,136,153,164,183,202,202,303,303,322,333,37,50,65,65,94,111,111,127,127,140,165,184,184,184],"floor_reached":51,"playtime":7615,"items_purged":["Strike_G"],"score":739,"play_id":"555ddea1-af97-4bc1-b2a2-a3dcc219cbab","local_time":"20190801010513","is_ascension_mode":false,"campfire_choices":[{"data":"Noxious Fumes","floor":6.0,"key":"SMITH"},{"data":"Catalyst","floor":8.0,"key":"SMITH"},{"data":"PiercingWail","floor":11.0,"key":"SMITH"},{"data":"Neutralize","floor":15.0,"key":"SMITH"},{"data":"Tools of the Trade","floor":25.0,"key":"SMITH"},{"floor":27.0,"key":"REST"},{"data":"Deadly Poison","floor":32.0,"key":"SMITH"},{"data":"Wraith Form v2","floor":40,"key":"SMITH"},{"data":"Finisher","floor":45,"key":"SMITH"},{"data":"Crippling Poison","floor":49,"key":"SMITH"}],"neow_cost":"NONE","seed_source_timestamp":41371922231600,"circlet_count":0,"master_deck":["Strike_G","Strike_G","Strike_G","Strike_G","Defend_G+1","Defend_G","Defend_G","Defend_G+1","Defend_G","Survivor","Neutralize+1","Backstab","Underhanded Strike","Catalyst+1","Dagger Spray","Noxious Fumes+1","Backstab","PiercingWail+1","Glass Knife","Deadly Poison+1","Finisher+1","Tools of the Trade+1","Caltrops","Crippling Poison+1","Footwork","Blur","Dagger Throw+1","Poisoned Stab+1","Outmaneuver+1","Tactician+1","Burst","Dagger Throw+1","Backstab+1","Wraith Form v2+1","Dash+1","Blade Dance+1","Underhanded Strike+1","Bullet Time","Infinite Blades+1","Underhanded Strike+1","Poisoned Stab+1"],"special_seed":0,"relics":["Ring of the Snake","NeowsBlessing","Mercury Hourglass","Ornamental Fan","WristBlade","Torii","StoneCalendar","Vajra","Ninja Scroll","Runic Pyramid","Anchor","Omamori","The Specimen","Pantograph"],"potions_floor_usage":[41,42,42,46,50],"damage_taken":[{"damage":0.0,"enemies":"Cultist","floor":1.0,"turns":1.0},{"damage":0.0,"enemies":"Jaw Worm","floor":2.0,"turns":1.0},{"damage":0.0,"enemies":"2 Louse","floor":3.0,"turns":1.0},{"damage":3.0,"enemies":"Lots of Slimes","floor":4.0,"turns":5.0},{"damage":0.0,"enemies":"Red Slaver","floor":5.0,"turns":3.0},{"damage":0.0,"enemies":"3 Louse","floor":7.0,"turns":2.0},{"damage":0.0,"enemies":"Lots of Slimes","floor":13.0,"turns":1.0},{"damage":12.0,"enemies":"3 Sentries","floor":14.0,"turns":5.0},{"damage":13.0,"enemies":"Slime Boss","floor":16.0,"turns":7.0},{"damage":0.0,"enemies":"Chosen","floor":18.0,"turns":3.0},{"damage":1.0,"enemies":"Shell Parasite","floor":22.0,"turns":5.0},{"damage":4.0,"enemies":"Slavers","floor":23.0,"turns":6.0},{"damage":4.0,"enemies":"Sentry and Sphere","floor":24.0,"turns":6.0},{"damage":1.0,"enemies":"Cultist and Chosen","floor":28.0,"turns":5.0},{"damage":0.0,"enemies":"Snake Plant","floor":29.0,"turns":2.0},{"damage":7.0,"enemies":"3 Cultists","floor":30.0,"turns":5.0},{"damage":7.0,"enemies":"Shelled Parasite and Fungi","floor":31.0,"turns":3.0},{"damage":39.0,"enemies":"Collector","floor":33.0,"turns":7.0},{"damage":18.0,"enemies":"3 Darklings","floor":35.0,"turns":4.0},{"damage":1,"enemies":"3 Shapes","floor":36,"turns":3},{"damage":0,"enemies":"Spire Growth","floor":38,"turns":2},{"damage":1,"enemies":"3 Darklings","floor":39,"turns":3},{"damage":2,"enemies":"Giant Head","floor":41,"turns":7},{"damage":13,"enemies":"Writhing Mass","floor":42,"turns":7},{"damage":0,"enemies":"Sphere and 2 Shapes","floor":44,"turns":3},{"damage":0,"enemies":"Transient","floor":46,"turns":5},{"damage":0,"enemies":"Reptomancer","floor":47,"turns":4},{"damage":1,"enemies":"Jaw Worm Horde","floor":48,"turns":3},{"damage":53,"enemies":"Time Eater","floor":50,"turns":9}],"seed_played":"-7418356526788862242","potions_obtained":[{"floor":1.0,"key":"Regen Potion"},{"floor":5.0,"key":"Poison Potion"},{"floor":7.0,"key":"Block Potion"},{"floor":16.0,"key":"SpeedPotion"},{"floor":22.0,"key":"Dexterity Potion"},{"floor":28.0,"key":"EssenceOfSteel"},{"floor":31.0,"key":"Dexterity Potion"},{"floor":33.0,"key":"Regen Potion"},{"floor":35,"key":"GamblersBrew"},{"floor":39,"key":"Block Potion"},{"floor":41,"key":"SpeedPotion"},{"floor":42,"key":"SkillPotion"},{"floor":46,"key":"Energy Potion"}],"is_trial":false,"path_per_floor":["M","M","M","M","M","R","M","R","T","$","R","?","M","E","R","B",null,"M","?","?","$","M","E","M","R","T","R","M","M","M","M","R","B",null,"M","M","$","M","M","R","E","M","T","M","R","M","E","M","R","B",null],"character_chosen":"THE_SILENT","items_purchased":["PiercingWail","Glass Knife","StoneCalendar","Wraith Form v2","Anchor"],"campfire_rested":1,"item_purchase_floors":[10,10,21,37,37],"current_hp_per_floor":[70,70,70,67,67,67,67,67,67,67,67,53,53,55,55,42,70,70,70,56,56,55,51,47,47,47,68,67,67,60,53,53,14,70,52,51,51,51,50,50,62,49,49,49,49,49,49,48,48,17],"gold":184,"neow_bonus":"THREE_ENEMY_KILL","is_prod":false,"is_daily":false,"chose_seed":false,"campfire_upgraded":9,"win_rate":0.0,"timestamp":1564589113,"path_taken":["M","M","?","M","M","R","M","R","T","$","R","?","M","E","R","BOSS","M","?","?","$","M","E","M","R","T","R","?","M","M","M","R","BOSS","M","M","$","M","M","R","E","?","T","M","R","M","E","M","R","BOSS"],"build_version":"2019-07-17","purchased_purges":1,"victory":true,"max_hp_per_floor":[70,70,70,70,70,70,70,70,70,70,70,70,70,70,70,70,70,70,70,70,70,70,70,70,70,70,70,70,70,70,70,70,70,70,70,70,70,70,70,70,70,70,70,70,70,70,70,70,70,70],"card_choices":[{"not_picked":["Caltrops","Backflip"],"picked":"Backstab","floor":1.0},{"not_picked":["Backflip","Deflect"],"picked":"Underhanded Strike","floor":2.0},{"not_picked":["Sucker Punch","Blade Dance"],"picked":"Catalyst","floor":3.0},{"not_picked":["Dagger Throw","Blade Dance"],"picked":"Dagger Spray","floor":4.0},{"not_picked":["Acrobatics","Dagger Throw"],"picked":"Noxious Fumes","floor":5.0},{"not_picked":["Underhanded Strike","Bane"],"picked":"Backstab","floor":7.0},{"not_picked":["Poisoned Stab","Glass Knife"],"picked":"Deadly Poison","floor":13.0},{"not_picked":["Underhanded Strike","Skewer"],"picked":"Finisher","floor":14.0},{"not_picked":["Malaise","Wraith Form v2"],"picked":"Tools of the Trade","floor":16.0},{"not_picked":["Deflect","Deadly Poison"],"picked":"Caltrops","floor":18.0},{"not_picked":["Bane","Dash"],"picked":"Crippling Poison","floor":22.0},{"not_picked":["Deflect","Well Laid Plans"],"picked":"Footwork","floor":23.0},{"not_picked":["Dagger Spray","Riddle With Holes"],"picked":"Blur","floor":24.0},{"not_picked":["Outmaneuver+1","Prepared"],"picked":"Dagger Throw+1","floor":28.0},{"not_picked":["All Out Attack","Acrobatics"],"picked":"Poisoned Stab+1","floor":29.0},{"not_picked":["Night Terror","Acrobatics+1"],"picked":"Outmaneuver+1","floor":30.0},{"not_picked":["Finisher+1","Calculated Gamble+1"],"picked":"Tactician+1","floor":31.0},{"not_picked":["Malaise","Die Die Die"],"picked":"Burst","floor":33.0},{"not_picked":["Noxious Fumes","Dodge and Roll+1"],"picked":"Dagger Throw+1","floor":35},{"not_picked":["Acrobatics+1","Prepared+1"],"picked":"Backstab+1","floor":36},{"not_picked":["Acrobatics","Blur+1"],"picked":"Dash+1","floor":38},{"not_picked":["Crippling Poison","Sucker Punch"],"picked":"Blade Dance+1","floor":39},{"not_picked":["Outmaneuver","Dodge and Roll"],"picked":"Underhanded Strike+1","floor":41},{"not_picked":["Quick Slash","Choke+1"],"picked":"Bullet Time","floor":42},{"not_picked":["Dodge and Roll+1","Leg Sweep"],"picked":"Infinite Blades+1","floor":44},{"not_picked":["Outmaneuver","Tactician+1"],"picked":"Underhanded Strike+1","floor":46},{"not_picked":["PiercingWail","All Out Attack"],"picked":"Poisoned Stab+1","floor":47},{"not_picked":["Dagger Spray+1","Slice+1","Distraction"],"picked":"SKIP","floor":48}],"player_experience":34628,"relics_obtained":[{"floor":9.0,"key":"Mercury Hourglass"},{"floor":14.0,"key":"Ornamental Fan"},{"floor":23.0,"key":"Vajra"},{"floor":26.0,"key":"Ninja Scroll"},{"floor":41,"key":"Omamori"},{"floor":43,"key":"The Specimen"},{"floor":47,"key":"Pantograph"}],"event_choices":[{"damage_healed":0.0,"max_hp_gain":0.0,"max_hp_loss":0.0,"gold_gain":0.0,"event_name":"Shining Light","player_choice":"Entered Light","floor":12.0,"gold_loss":0.0,"damage_taken":14.0,"cards_upgraded":["Defend_G","Defend_G"]},{"damage_healed":0.0,"max_hp_gain":0.0,"max_hp_loss":0.0,"gold_gain":0.0,"event_name":"The Mausoleum","player_choice":"Opened","floor":19.0,"gold_loss":0.0,"damage_taken":0.0,"relics_obtained":["Torii"]},{"damage_healed":0.0,"max_hp_gain":0.0,"max_hp_loss":0.0,"gold_gain":90.0,"event_name":"Knowing Skull","player_choice":"GOLD ","floor":20.0,"potions_obtained":[],"gold_loss":0.0,"damage_taken":14.0,"cards_obtained":[]}],"is_beta":false,"boss_relics":[{"not_picked":["Calling Bell","Coffee Dripper"],"picked":"WristBlade"},{"not_picked":["Snecko Eye","HoveringKite"],"picked":"Runic Pyramid"}],"items_purged_floors":[37],"is_endless":false,"potions_floor_spawned":[1,5,7,16,22,28,31,33,35,39,41,42,46],"ascension_level":0}