{"gold_per_floor":[116,41,41,59,71,71,97,112,137,170,170,345,173],"floor_reached":13,"playtime":566,"items_purged":["Defend_R","Defend_R"],"score":137,"play_id":"558cb109-92b9-45e8-807f-8e5f05614b4f","local_time":"20190715225038","daily_mods":["Specialized","Heirloom","Elite Swarm"],"is_ascension_mode":true,"campfire_choices":[{"data":"Armaments","floor":6,"key":"SMITH"},{"data":"Bash","floor":11,"key":"SMITH"}],"neow_cost":"","seed_source_timestamp":0,"circlet_count":0,"master_deck":["Strike_R","Strike_R","Strike_R","Strike_R","Strike_R","Defend_R","Defend_R","Bash+1","Ghostly Armor","Ghostly Armor","Ghostly Armor","Ghostly Armor","Ghostly Armor","Armaments+1","Clothesline","Cleave","Doubt","Flame Barrier"],"relics":["Burning Blood","Charon\u0027s Ashes","Art of War","Anchor","Juzu Bracelet"],"potions_floor_usage":[],"damage_taken":[{"damage":0,"enemies":"Cultist","floor":1,"turns":3},{"damage":0,"enemies":"Small Slimes","floor":4,"turns":3},{"damage":5,"enemies":"2 Louse","floor":5,"turns":2},{"damage":17,"enemies":"3 Sentries","floor":7,"turns":6},{"damage":0,"enemies":"Blue Slaver","floor":8,"turns":4},{"damage":41,"enemies":"Lagavulin","floor":10,"turns":9}],"seed_played":"-7466471889445050208","potions_obtained":[{"floor":7,"key":"Dexterity Potion"},{"floor":10,"key":"BloodPotion"}],"is_trial":true,"path_per_floor":["M","$","?","M","M","R","E","M","T","E","R","?","$"],"character_chosen":"IRONCLAD","items_purchased":["Flame Barrier"],"campfire_rested":0,"item_purchase_floors":[13],"current_hp_per_floor":[80,80,85,85,85,85,74,80,80,45,45,45,45],"gold":173,"neow_bonus":"","is_prod":false,"is_daily":false,"chose_seed":false,"campfire_upgraded":2,"win_rate":0,"timestamp":1563249038,"path_taken":["M","$","?","M","M","R","E","M","T","E","R","?","$"],"build_version":"2019-07-05","purchased_purges":2,"victory":false,"max_hp_per_floor":[80,80,85,85,85,85,85,85,85,85,85,85,85],"card_choices":[{"not_picked":["Flex","Evolve"],"picked":"Armaments","floor":1},{"not_picked":["Bloodletting","Shockwave"],"picked":"Clothesline","floor":4},{"not_picked":["Clothesline","Bloodletting","Double Tap"],"picked":"SKIP","floor":5},{"not_picked":["Impervious","Dark Embrace","Berserk"],"picked":"SKIP","floor":7},{"not_picked":["Shrug It Off","Evolve"],"picked":"Cleave","floor":8},{"not_picked":["Impervious","Bludgeon","Dark Embrace"],"picked":"SKIP","floor":10}],"player_experience":417667,"relics_obtained":[{"floor":7,"key":"Art of War"},{"floor":9,"key":"Anchor"},{"floor":10,"key":"Juzu Bracelet"}],"event_choices":[{"damage_healed":0,"gold_gain":0,"player_choice":"Donut","damage_taken":0,"max_hp_gain":5,"max_hp_loss":0,"event_name":"Big Fish","floor":3,"gold_loss":0},{"damage_healed":0,"gold_gain":175,"player_choice":"AGREE","damage_taken":0,"max_hp_gain":0,"max_hp_loss":0,"event_name":"Liars Game","floor":12,"gold_loss":0,"cards_obtained":["Doubt"]}],"is_beta":false,"boss_relics":[],"items_purged_floors":[2,13],"is_endless":false,"potions_floor_spawned":[7,10],"ascension_level":4}