{"gold_per_floor":[117,134,134,134,145,145,32,32,57,92,92,12,40,51,51,151,151,168,182,182,194,194,224,224,249,549,549,261,272,372,372,372,473,473,484,503,603,614,444,444,7,7],"floor_reached":42,"playtime":2704,"items_purged":["Strike_G","Strike_G","Strike_G"],"score":824,"play_id":"3eba7907-63d3-49b1-b52b-d5990d430512","local_time":"20190715204127","is_ascension_mode":true,"campfire_choices":[{"data":"Noxious Fumes","floor":6.0,"key":"SMITH"},{"floor":8.0,"key":"REST"},{"floor":11.0,"key":"REST"},{"data":"Caltrops","floor":15.0,"key":"SMITH"},{"floor":24.0,"key":"REST"},{"data":"Phantasmal Killer","floor":27.0,"key":"SMITH"},{"floor":32.0,"key":"REST"},{"floor":40,"key":"REST"}],"neow_cost":"","seed_source_timestamp":0,"circlet_count":0,"master_deck":["Strike_G","Defend_G","Defend_G","Defend_G+1","Defend_G","Defend_G+1","Survivor","Neutralize","Noxious Fumes+1","PiercingWail","Bane","Caltrops+1","Dagger Spray","Backstab","All Out Attack","Malaise","Acrobatics+1","Underhanded Strike","Underhanded Strike+1","Phantasmal Killer+1","Well Laid Plans","Envenom","Deflect+1","Apotheosis"],"special_seed":0,"relics":["Ring of the Snake","Tingsha","Thread and Needle","Omamori","Strawberry","Tough Bandages","Boot","Philosopher\u0027s Stone","Nilry\u0027s Codex","Letter Opener","Torii","Old Coin","Anchor","Calipers","Bottled Lightning","CultistMask","Black Star","Ice Cream"],"potions_floor_usage":[42,42,42],"damage_taken":[{"damage":0.0,"enemies":"Jaw Worm","floor":1.0,"turns":5.0},{"damage":0.0,"enemies":"Small Slimes","floor":2.0,"turns":3.0},{"damage":2.0,"enemies":"Cultist","floor":5.0,"turns":5.0},{"damage":18.0,"enemies":"Gremlin Nob","floor":10.0,"turns":5.0},{"damage":9.0,"enemies":"3 Sentries","floor":13.0,"turns":6.0},{"damage":4.0,"enemies":"Exordium Thugs","floor":14.0,"turns":4.0},{"damage":9.0,"enemies":"The Guardian","floor":16.0,"turns":10.0},{"damage":8.0,"enemies":"Spheric Guardian","floor":18.0,"turns":4.0},{"damage":9.0,"enemies":"2 Thieves","floor":19.0,"turns":4.0},{"damage":5.0,"enemies":"Snake Plant","floor":21.0,"turns":4.0},{"damage":20.0,"enemies":"Book of Stabbing","floor":23.0,"turns":5.0},{"damage":3.0,"enemies":"Gremlin Leader","floor":25.0,"turns":5.0},{"damage":1.0,"enemies":"3 Cultists","floor":29.0,"turns":4.0},{"damage":0.0,"enemies":"Colosseum Slavers","floor":30.0,"turns":2.0},{"damage":1.0,"enemies":"Colosseum Nobs","floor":30.0,"turns":5.0},{"damage":56.0,"enemies":"Automaton","floor":33.0,"turns":9.0},{"damage":7,"enemies":"Orb Walker","floor":35,"turns":4},{"damage":4,"enemies":"3 Shapes","floor":36,"turns":5},{"damage":48,"enemies":"Spire Growth","floor":38,"turns":6},{"damage":28,"enemies":"Giant Head","floor":42,"turns":6}],"seed_played":"5381316648614492764","potions_obtained":[{"floor":2.0,"key":"Weak Potion"},{"floor":10.0,"key":"Weak Potion"},{"floor":16.0,"key":"LiquidBronze"},{"floor":19.0,"key":"Energy Potion"},{"floor":21.0,"key":"Strength Potion"},{"floor":23.0,"key":"SpeedPotion"},{"floor":33.0,"key":"Poison Potion"},{"floor":38,"key":"Explosive Potion"}],"is_trial":false,"path_per_floor":["M","M","?","?","M","R","$","R","T","E","R","$","E","M","R","B",null,"M","M","?","M","?","E","R","E","T","R","$","M","?","?","R","B",null,"M","M","?","M","$","R","$","E"],"character_chosen":"THE_SILENT","items_purchased":["Noxious Fumes","Thread and Needle","Omamori","Caltrops","Backstab","Anchor","Well Laid Plans","Apotheosis","Ice Cream"],"campfire_rested":5,"item_purchase_floors":[0,0,0,7,12,28,28,39,41],"current_hp_per_floor":[49,49,42,28,26,26,26,47,54,36,59,59,50,46,46,37,67,59,50,75,70,54,34,57,54,54,54,54,53,52,52,75,19,63,56,52,52,4,4,27,27,0],"gold":7,"neow_bonus":"","is_prod":false,"is_daily":false,"chose_seed":false,"campfire_upgraded":3,"win_rate":0,"timestamp":1563241287,"path_taken":["M","M","?","?","M","R","$","R","T","E","R","$","E","M","R","BOSS","M","M","?","M","?","E","R","E","T","R","$","?","?","?","R","BOSS","M","M","?","M","?","R","$","E"],"build_version":"2019-07-05","purchased_purges":3,"victory":false,"max_hp_per_floor":[70,70,70,70,70,70,70,70,77,77,77,77,77,77,77,77,77,77,77,77,77,77,77,77,77,77,77,77,77,77,77,77,77,77,77,77,77,77,77,77,77,77],"card_choices":[{"not_picked":["Acrobatics","Calculated Gamble"],"picked":"PiercingWail","floor":1.0},{"not_picked":["Bane","Predator","Deflect"],"picked":"SKIP","floor":2.0},{"not_picked":["Slice","Quick Slash"],"picked":"Bane","floor":5.0},{"not_picked":["Blur","Backflip"],"picked":"Dagger Spray","floor":10.0},{"not_picked":["Underhanded Strike","Dagger Spray","Predator"],"picked":"SKIP","floor":13.0},{"not_picked":["Endless Agony","Burst"],"picked":"All Out Attack","floor":14.0},{"not_picked":["Bullet Time","A Thousand Cuts"],"picked":"Malaise","floor":16.0},{"not_picked":["Deflect","Slice"],"picked":"Acrobatics+1","floor":18.0},{"not_picked":["Noxious Fumes+1","Sucker Punch+1"],"picked":"Underhanded Strike","floor":19.0},{"not_picked":["Predator+1","Catalyst"],"picked":"Underhanded Strike+1","floor":21.0},{"not_picked":["Dash","Heel Hook+1","Noxious Fumes"],"picked":"SKIP","floor":23.0},{"not_picked":["Choke+1","Sucker Punch+1","Phantasmal Killer"],"picked":"SKIP","floor":25.0},{"not_picked":["Choke+1","Sucker Punch+1"],"picked":"Phantasmal Killer","floor":25.0},{"not_picked":["Poisoned Stab","Blade Dance+1","Backflip"],"picked":"SKIP","floor":29.0},{"not_picked":["Unload","Grand Finale"],"picked":"Envenom","floor":33.0},{"not_picked":["Dagger Spray","Infinite Blades","Escape Plan+1"],"picked":"SKIP","floor":35},{"not_picked":["Bane+1","Acrobatics","Blade Dance"],"picked":"SKIP","floor":36},{"not_picked":["Heel Hook","All Out Attack"],"picked":"Deflect+1","floor":38}],"player_experience":414963,"relics_obtained":[{"floor":9.0,"key":"Strawberry"},{"floor":10.0,"key":"Tough Bandages"},{"floor":13.0,"key":"Boot"},{"floor":22.0,"key":"Nilry\u0027s Codex"},{"floor":23.0,"key":"Letter Opener"},{"floor":25.0,"key":"Torii"},{"floor":26.0,"key":"Old Coin"},{"floor":30.0,"key":"Calipers"},{"floor":30.0,"key":"Bottled Lightning"}],"event_choices":[{"cards_removed":["Strike_G"],"damage_healed":0.0,"max_hp_gain":0.0,"max_hp_loss":0.0,"gold_gain":0.0,"event_name":"Golden Wing","player_choice":"Card Removal","floor":3.0,"gold_loss":0.0,"damage_taken":7.0},{"damage_healed":0.0,"max_hp_gain":0.0,"max_hp_loss":0.0,"gold_gain":0.0,"event_name":"Shining Light","player_choice":"Entered Light","floor":4.0,"gold_loss":0.0,"damage_taken":14.0,"cards_upgraded":["Defend_G","Defend_G"]},{"damage_healed":25.0,"max_hp_gain":0.0,"max_hp_loss":0.0,"gold_gain":0.0,"event_name":"The Library","player_choice":"Heal","floor":20.0,"gold_loss":0.0,"damage_taken":0.0},{"damage_healed":0.0,"max_hp_gain":0.0,"max_hp_loss":0.0,"gold_gain":0.0,"event_name":"Cursed Tome","player_choice":"Obtained Book","floor":22.0,"gold_loss":0.0,"damage_taken":16.0},{"damage_healed":0.0,"max_hp_gain":0.0,"max_hp_loss":0.0,"gold_gain":0.0,"event_name":"Colosseum","player_choice":"Fight","floor":30.0,"gold_loss":0.0,"damage_taken":0.0},{"damage_healed":0.0,"max_hp_gain":0.0,"max_hp_loss":0.0,"gold_gain":0.0,"event_name":"Colosseum","player_choice":"Fought Nobs","floor":30.0,"gold_loss":0.0,"damage_taken":0.0},{"damage_healed":0.0,"max_hp_gain":0.0,"max_hp_loss":0.0,"gold_gain":0.0,"event_name":"FaceTrader","player_choice":"Trade","floor":31.0,"gold_loss":0.0,"damage_taken":0.0,"relics_obtained":["CultistMask"]},{"damage_healed":0,"gold_gain":100,"player_choice":"Pray","damage_taken":0,"max_hp_gain":0,"max_hp_loss":0,"event_name":"Golden Shrine","floor":37,"gold_loss":0}],"is_beta":false,"boss_relics":[{"not_picked":["White Beast Statue","Snecko Eye"],"picked":"Philosopher\u0027s Stone"},{"not_picked":["Empty Cage","Lizard Tail"],"picked":"Black Star"}],"items_purged_floors":[7,28,41],"is_endless":false,"potions_floor_spawned":[2,10,16,19,21,23,33,38],"killed_by":"Giant Head","ascension_level":7}