{"gold_per_floor":[118,132,132,145,145,145,179,193,216,216],"floor_reached":10,"playtime":223,"items_purged":[],"score":136,"play_id":"f2b5db6d-98dc-4cb4-af61-bdefb455ad55","local_time":"20190705193511","is_ascension_mode":true,"campfire_choices":[{"data":"Barrage","floor":6,"key":"SMITH"}],"neow_cost":"TEN_PERCENT_HP_LOSS","seed_source_timestamp":155197141853,"circlet_count":0,"master_deck":["AscendersBane","Strike_B","Strike_B","Strike_B","Strike_B","Defend_B","Defend_B","Defend_B+1","Defend_B","Zap","Dualcast+1","Electrodynamics","Barrage+1","Rip and Tear","Undo","Cold Snap","Reinforced Body"],"relics":["Cracked Core","Golden Idol","Lantern","War Paint"],"potions_floor_usage":[7,7],"damage_taken":[{"damage":11,"enemies":"Small Slimes","floor":1,"turns":3},{"damage":1,"enemies":"2 Louse","floor":2,"turns":3},{"damage":7,"enemies":"Jaw Worm","floor":4,"turns":3},{"damage":20,"enemies":"Gremlin Nob","floor":7,"turns":4},{"damage":13,"enemies":"Exordium Wildlife","floor":8,"turns":3},{"damage":12,"enemies":"3 Sentries","floor":10,"turns":2}],"seed_played":"-4368463654332235369","potions_obtained":[{"floor":1,"key":"Strength Potion"},{"floor":4,"key":"Block Potion"}],"is_trial":false,"path_per_floor":["M","M","?","M","?","R","E","M","T","E"],"character_chosen":"DEFECT","items_purchased":[],"campfire_rested":0,"item_purchase_floors":[],"current_hp_per_floor":[53,52,52,45,45,45,25,12,12,0],"gold":216,"neow_bonus":"THREE_RARE_CARDS","is_prod":false,"is_daily":false,"chose_seed":false,"campfire_upgraded":1,"win_rate":0,"timestamp":1562348111,"path_taken":["M","M","?","M","?","R","E","M","T","E"],"build_version":"2019-07-03","purchased_purges":0,"victory":false,"max_hp_per_floor":[64,64,64,64,58,58,58,58,58,58],"card_choices":[{"not_picked":["Hyperbeam","Fission"],"picked":"Electrodynamics","floor":0},{"not_picked":["Hello World","Beam Cell"],"picked":"Barrage","floor":1},{"not_picked":["Hologram","Barrage"],"picked":"Rip and Tear","floor":2},{"not_picked":["Static Discharge","FTL"],"picked":"Undo","floor":4},{"not_picked":["Recycle","Turbo"],"picked":"Cold Snap","floor":7},{"not_picked":["Redo","Rebound"],"picked":"Reinforced Body","floor":8}],"player_experience":1809214,"relics_obtained":[{"floor":7,"key":"Lantern"},{"floor":9,"key":"War Paint"}],"event_choices":[{"damage_healed":0,"gold_gain":0,"player_choice":"Ignored","damage_taken":0,"max_hp_gain":0,"max_hp_loss":0,"event_name":"Liars Game","floor":3,"gold_loss":0},{"damage_healed":0,"gold_gain":0,"player_choice":"Lose Max HP","damage_taken":0,"relics_obtained":["Golden Idol"],"max_hp_gain":0,"max_hp_loss":6,"event_name":"Golden Idol","floor":5,"gold_loss":0}],"is_beta":true,"boss_relics":[],"items_purged_floors":[],"is_endless":false,"potions_floor_spawned":[1,4],"killed_by":"3 Sentries","ascension_level":20}