{"gold_per_floor":[109,59,59,74,87,87,113,113,113,113,143,143,153,164,164,267,267,281,281,181,181,181,181,206,166,166,181,199,234,159,174,174,273,273,286,296,310,320,320,348,348,154,181,181,194,194,212,212,212,212],"floor_reached":50,"playtime":2572,"items_purged":["Pain","Strike_R","Strike_R"],"score":941,"play_id":"7a19a35b-a8d6-41ff-bf33-a8496a79336a","local_time":"20190808231310","is_ascension_mode":true,"campfire_choices":[{"data":"Bash","floor":6.0,"key":"SMITH"},{"data":"Rampage","floor":8.0,"key":"SMITH"},{"data":"Demon Form","floor":12.0,"key":"SMITH"},{"data":"Havoc","floor":15.0,"key":"SMITH"},{"data":"Spot Weakness","floor":23.0,"key":"SMITH"},{"floor":32.0,"key":"REST"},{"floor":46,"key":"REST"},{"floor":49,"key":"REST"}],"neow_cost":"","seed_source_timestamp":0,"circlet_count":0,"master_deck":["Defend_R","Defend_R+1","Defend_R+1","Defend_R","Bash+1","Rampage+1","Armaments+1","Demon Form+1","Headbutt","Havoc+1","Immolate","Spot Weakness+1","Armaments","Shockwave+1","Shrug It Off+1","Whirlwind","Impervious"],"special_seed":0,"relics":["Burning Blood","Paper Frog","Juzu Bracelet","War Paint","Calipers","Velvet Choker","Singing Bowl","Potion Belt","Ornamental Fan","Smiling Mask","Lizard Tail","Bag of Preparation","Lantern","Vajra"],"potions_floor_usage":[39,45,50,50],"damage_taken":[{"damage":4.0,"enemies":"Jaw Worm","floor":1.0,"turns":4.0},{"damage":0.0,"enemies":"2 Louse","floor":4.0,"turns":4.0},{"damage":6.0,"enemies":"Cultist","floor":5.0,"turns":4.0},{"damage":21.0,"enemies":"3 Sentries","floor":7.0,"turns":9.0},{"damage":14.0,"enemies":"Lagavulin","floor":11.0,"turns":7.0},{"damage":22.0,"enemies":"2 Fungi Beasts","floor":13.0,"turns":4.0},{"damage":13.0,"enemies":"Red Slaver","floor":14.0,"turns":3.0},{"damage":44.0,"enemies":"The Guardian","floor":16.0,"turns":7.0},{"damage":13.0,"enemies":"Spheric Guardian","floor":18.0,"turns":4.0},{"damage":31.0,"enemies":"Gremlin Leader","floor":24.0,"turns":7.0},{"damage":12.0,"enemies":"Shell Parasite","floor":27.0,"turns":4.0},{"damage":21.0,"enemies":"Snake Plant","floor":28.0,"turns":4.0},{"damage":34.0,"enemies":"Slavers","floor":29.0,"turns":5.0},{"damage":9.0,"enemies":"3 Cultists","floor":31.0,"turns":4.0},{"damage":65.0,"enemies":"Collector","floor":33.0,"turns":8.0},{"damage":3,"enemies":"3 Darklings","floor":35,"turns":4},{"damage":0,"enemies":"3 Shapes","floor":36,"turns":2},{"damage":11,"enemies":"Maw","floor":37,"turns":7},{"damage":35,"enemies":"Writhing Mass","floor":38,"turns":6},{"damage":14,"enemies":"3 Darklings","floor":39,"turns":2},{"damage":44,"enemies":"Giant Head","floor":40,"turns":8},{"damage":35,"enemies":"Transient","floor":45,"turns":5},{"damage":8,"enemies":"Jaw Worm Horde","floor":47,"turns":3},{"damage":80,"enemies":"Time Eater","floor":50,"turns":10}],"seed_played":"137430939483970161","potions_obtained":[{"floor":1.0,"key":"Block Potion"},{"floor":11.0,"key":"LiquidBronze"},{"floor":13.0,"key":"AttackPotion"},{"floor":14.0,"key":"Regen Potion"},{"floor":24.0,"key":"Block Potion"},{"floor":25.0,"key":"FairyPotion"},{"floor":25.0,"key":"BloodPotion"},{"floor":25.0,"key":"BloodPotion"},{"floor":28.0,"key":"FearPotion"},{"floor":29.0,"key":"EssenceOfSteel"},{"floor":35,"key":"SmokeBomb"},{"floor":36,"key":"LiquidBronze"},{"floor":45,"key":"Ancient Potion"}],"is_trial":false,"path_per_floor":["M","?","?","M","M","R","E","R","T","?","E","R","M","M","R","B",null,"M","T","$","?","?","R","E","?","T","M","M","E","?","M","R","B",null,"M","M","M","M","M","E","?","$","T","?","M","R","M","?","R","B"],"character_chosen":"IRONCLAD","items_purchased":["Rampage","Block Potion","Lantern"],"campfire_rested":3,"item_purchase_floors":[0,0,42],"current_hp_per_floor":[74,74,74,80,80,80,65,65,65,65,57,57,41,34,34,11,63,56,56,56,56,56,56,33,33,33,47,32,26,26,23,48,14,67,72,80,77,50,42,53,53,53,53,53,26,53,53,53,80,0],"gold":212,"neow_bonus":"","is_prod":false,"is_daily":false,"chose_seed":false,"campfire_upgraded":5,"win_rate":0,"timestamp":1565323990,"path_taken":["M","?","?","M","?","R","E","R","T","?","E","R","M","M","R","BOSS","M","?","$","?","?","R","E","?","T","M","M","E","?","M","R","BOSS","M","M","M","M","M","E","?","?","T","?","M","R","M","?","R","BOSS"],"build_version":"2019-07-17","purchased_purges":3,"victory":false,"max_hp_per_floor":[80,80,80,80,80,80,80,80,80,80,80,80,80,80,80,80,80,80,80,80,80,80,80,82,82,82,82,82,84,84,84,84,84,84,86,88,90,92,92,94,94,94,94,89,91,91,93,93,93,93],"card_choices":[{"not_picked":["Twin Strike","Clash"],"picked":"Armaments","floor":1.0},{"not_picked":["Rampage","Ghostly Armor","Flex"],"picked":"SKIP","floor":4.0},{"not_picked":["Metallicize","Wild Strike","Fire Breathing"],"picked":"SKIP","floor":5.0},{"not_picked":["Wild Strike","Clothesline"],"picked":"Demon Form","floor":7.0},{"not_picked":["Twin Strike","True Grit","Clothesline"],"picked":"SKIP","floor":11.0},{"not_picked":["Dual Wield","Thunderclap"],"picked":"Headbutt","floor":13.0},{"not_picked":["Pommel Strike","Sever Soul"],"picked":"Havoc","floor":14.0},{"not_picked":["Double Tap","Feed"],"picked":"Immolate","floor":16.0},{"not_picked":["Sword Boomerang","Warcry"],"picked":"Spot Weakness","floor":18.0},{"not_picked":["Dual Wield","Infernal Blade","Iron Wave"],"picked":"Singing Bowl","floor":24.0},{"not_picked":["Clash","Rupture+1"],"picked":"Shockwave","floor":27.0},{"not_picked":["Seeing Red","Twin Strike"],"picked":"Shrug It Off+1","floor":28.0},{"not_picked":["Iron Wave+1","Immolate","Cleave"],"picked":"Singing Bowl","floor":29.0},{"not_picked":["Iron Wave+1","Warcry"],"picked":"Whirlwind","floor":31.0},{"not_picked":["Immolate","Fiend Fire"],"picked":"Impervious","floor":33.0},{"not_picked":["Flex","Rage","Wild Strike"],"picked":"Singing Bowl","floor":35},{"not_picked":["Infernal Blade","Clash","Thunderclap+1"],"picked":"Singing Bowl","floor":36},{"not_picked":["Pommel Strike+1","Clash","Twin Strike"],"picked":"Singing Bowl","floor":37},{"not_picked":["Pommel Strike","Perfected Strike","Wild Strike+1"],"picked":"Singing Bowl","floor":38},{"not_picked":["Havoc+1","Perfected Strike+1","Bloodletting"],"picked":"Singing Bowl","floor":40},{"not_picked":["Clash","Ghostly Armor","Carnage"],"picked":"Singing Bowl","floor":45},{"not_picked":["Cleave","Wild Strike+1","Body Slam"],"picked":"Singing Bowl","floor":47}],"player_experience":479036,"relics_obtained":[{"floor":7.0,"key":"Paper Frog"},{"floor":9.0,"key":"Juzu Bracelet"},{"floor":11.0,"key":"Calipers"},{"floor":19.0,"key":"Singing Bowl"},{"floor":24.0,"key":"Potion Belt"},{"floor":26.0,"key":"Ornamental Fan"},{"floor":29.0,"key":"Smiling Mask"},{"floor":40,"key":"Bag of Preparation"},{"floor":43,"key":"Vajra"}],"event_choices":[{"cards_removed":["Strike_R"],"damage_healed":0.0,"max_hp_gain":0.0,"max_hp_loss":0.0,"gold_gain":0.0,"event_name":"The Cleric","player_choice":"Card Removal","floor":2.0,"gold_loss":50.0,"damage_taken":0.0},{"damage_healed":0.0,"max_hp_gain":0.0,"max_hp_loss":0.0,"gold_gain":0.0,"event_name":"Upgrade Shrine","player_choice":"Upgraded","floor":3.0,"gold_loss":0.0,"damage_taken":0.0,"cards_upgraded":["Armaments"]},{"damage_healed":0.0,"max_hp_gain":0.0,"max_hp_loss":0.0,"gold_gain":0.0,"event_name":"WeMeetAgain","player_choice":"Gave Potion","floor":10.0,"gold_loss":0.0,"damage_taken":0.0,"relics_obtained":["War Paint"]},{"damage_healed":0.0,"max_hp_gain":0.0,"max_hp_loss":0.0,"gold_gain":0.0,"event_name":"Ghosts","player_choice":"Ignored","floor":21.0,"gold_loss":0.0,"damage_taken":0.0},{"damage_healed":0.0,"max_hp_gain":0.0,"max_hp_loss":0.0,"gold_gain":0.0,"cards_transformed":["Strike_R"],"event_name":"Transmorgrifier","player_choice":"Transformed","floor":22.0,"gold_loss":0.0,"damage_taken":0.0,"cards_obtained":["Armaments"]},{"damage_healed":0.0,"max_hp_gain":0.0,"max_hp_loss":0.0,"gold_gain":0.0,"event_name":"The Woman in Blue","player_choice":"Bought 3 Potions","floor":25.0,"gold_loss":0.0,"damage_taken":0.0},{"cards_removed":["Strike_R"],"damage_healed":0.0,"max_hp_gain":0.0,"max_hp_loss":0.0,"gold_gain":0.0,"event_name":"Beggar","player_choice":"Gave Gold","floor":30.0,"gold_loss":75.0,"damage_taken":0.0},{"damage_healed":0,"gold_gain":0,"player_choice":"Upgraded","damage_taken":0,"max_hp_gain":0,"max_hp_loss":0,"event_name":"Upgrade Shrine","floor":41,"gold_loss":0,"cards_upgraded":["Shockwave"]},{"damage_healed":0,"gold_gain":0,"player_choice":"Max HP","damage_taken":0,"max_hp_gain":0,"max_hp_loss":5,"event_name":"Winding Halls","floor":44,"gold_loss":0},{"damage_healed":0,"gold_gain":0,"player_choice":"Ignored","damage_taken":0,"max_hp_gain":0,"max_hp_loss":0,"event_name":"Mysterious Sphere","floor":48,"gold_loss":0}],"is_beta":false,"boss_relics":[{"not_picked":["Black Blood","Cursed Key"],"picked":"Velvet Choker"},{"not_picked":["Coffee Dripper","Pandora\u0027s Box"],"picked":"Lizard Tail"}],"items_purged_floors":[0,20,42],"is_endless":false,"potions_floor_spawned":[1,11,13,14,24,28,29,35,36,45],"killed_by":"Time Eater","ascension_level":7}