{"gold_per_floor":[111,59,59,79,79,110,110,141,141,151,176,176,10,10],"floor_reached":14,"playtime":601,"items_purged":[],"score":262,"play_id":"21a25828-53de-4adc-b375-7bebf9a0e0cc","local_time":"20190806214218","is_ascension_mode":true,"campfire_choices":[{"data":"Defragment","floor":7,"key":"SMITH"}],"neow_cost":"NONE","seed_source_timestamp":416529886236000,"circlet_count":0,"master_deck":["AscendersBane","Strike_B","Strike_B","Strike_B","Strike_B","Defend_B","Defend_B","Defend_B","Defend_B","Zap","Dualcast","Gash","Ball Lightning","Ball Lightning","Defragment+1","Gash","Gash"],"relics":["Cracked Core","NeowsBlessing","Letter Opener","Lantern","Girya","Emotion Chip","FaceOfCleric","Anchor"],"potions_floor_usage":[8,8,14],"damage_taken":[{"damage":0,"enemies":"Jaw Worm","floor":1,"turns":1},{"damage":0,"enemies":"Cultist","floor":4,"turns":1},{"damage":0,"enemies":"Gremlin Nob","floor":6,"turns":1},{"damage":31,"enemies":"3 Sentries","floor":8,"turns":7},{"damage":1,"enemies":"2 Louse","floor":10,"turns":2},{"damage":31,"enemies":"Gremlin Nob","floor":11,"turns":4},{"damage":12,"enemies":"Large Slime","floor":14,"turns":2}],"seed_played":"-8614881662701419283","potions_obtained":[{"floor":3,"key":"Dexterity Potion"},{"floor":3,"key":"Block Potion"},{"floor":8,"key":"Explosive Potion"},{"floor":10,"key":"Strength Potion"}],"is_trial":false,"path_per_floor":["M","$","?","M","?","E","R","E","T","M","E","?","$","M"],"character_chosen":"DEFECT","items_purchased":["Ball Lightning","Anchor"],"campfire_rested":0,"item_purchase_floors":[2,13],"current_hp_per_floor":[64,64,64,64,64,64,64,33,33,32,1,1,1,0],"gold":10,"neow_bonus":"THREE_ENEMY_KILL","is_prod":false,"is_daily":false,"chose_seed":false,"campfire_upgraded":1,"win_rate":0,"timestamp":1565152938,"path_taken":["M","$","?","?","?","E","R","E","T","M","E","?","$","M"],"build_version":"2019-07-17","purchased_purges":0,"victory":false,"max_hp_per_floor":[71,71,71,71,71,71,71,71,71,71,71,71,71,71],"card_choices":[{"not_picked":["Stack","Streamline"],"picked":"Gash","floor":1},{"not_picked":["Beam Cell","Rip and Tear"],"picked":"Ball Lightning","floor":4},{"not_picked":["Reinforced Body","Double Energy"],"picked":"Defragment","floor":6},{"not_picked":["Steam","Compile Driver"],"picked":"Gash","floor":8},{"not_picked":["Stack","Fission"],"picked":"Gash","floor":10},{"not_picked":["Reprogram","Heatsinks","Barrage"],"picked":"SKIP","floor":11}],"player_experience":1303306,"relics_obtained":[{"floor":6,"key":"Letter Opener"},{"floor":8,"key":"Lantern"},{"floor":9,"key":"Girya"},{"floor":11,"key":"Emotion Chip"}],"event_choices":[{"damage_healed":0,"gold_gain":0,"player_choice":"Got Potions","damage_taken":0,"max_hp_gain":0,"max_hp_loss":0,"event_name":"Lab","floor":3,"gold_loss":0},{"damage_healed":0,"gold_gain":0,"player_choice":"Ignored","damage_taken":0,"max_hp_gain":0,"max_hp_loss":0,"event_name":"Liars Game","floor":5,"gold_loss":0},{"damage_healed":0,"gold_gain":0,"player_choice":"Trade","damage_taken":0,"relics_obtained":["FaceOfCleric"],"max_hp_gain":0,"max_hp_loss":0,"event_name":"FaceTrader","floor":12,"gold_loss":0}],"is_beta":false,"boss_relics":[],"items_purged_floors":[],"is_endless":false,"potions_floor_spawned":[8,10],"killed_by":"Large Slime","ascension_level":20}