{"gold_per_floor":[117,129,8,27,44,64,64,89,114,34,45,78,78,95,95,198,198,216,226,241,254,254,254,284,284,363,112,132,145,178,197,197,292,292,304,304,317,217,217,252,252,252,278,278,295,328,328,343,343,343],"floor_reached":51,"playtime":4238,"items_purged":["Gash","Coolheaded"],"score":773,"play_id":"03bc51b6-5a71-48b1-a646-53da67c9eb49","local_time":"20190704165054","daily_mods":["SealedDeck","Diverse"],"is_ascension_mode":true,"campfire_choices":[{"data":"Uppercut","floor":7,"key":"SMITH"},{"data":"Adrenaline","floor":13,"key":"SMITH"},{"data":"Clothesline","floor":15,"key":"SMITH"},{"data":"Inflame","floor":23,"key":"SMITH"},{"data":"Dodge and Roll","floor":25,"key":"SMITH"},{"data":"Coolheaded","floor":32,"key":"SMITH"},{"data":"Madness","floor":42,"key":"SMITH"},{"data":"1","floor":47,"key":"LIFT"},{"data":"2","floor":49,"key":"LIFT"}],"neow_cost":"","seed_source_timestamp":0,"circlet_count":0,"master_deck":["Outmaneuver","Clothesline+1","Cleave","Uppercut+1","Cold Snap","Coolheaded+1","Deflect","Rebound","Dodge and Roll+1","Anger","Adrenaline+1","Self Repair","Inflame+1","Well Laid Plans","Limit Break+1","PiercingWail","Leap","Madness","Madness+1","Shrug It Off+1","Doubt"],"relics":["Burning Blood","Regal Pillow","Blood Vial","PreservedInsect","Busted Crown","Centennial Puzzle","Meat on the Bone","Pantograph","Matryoshka","Runic Cube","Smiling Mask","Red Skull","Strawberry","Bag of Marbles","Girya","Letter Opener"],"potions_floor_usage":[19,40,40,50,50,50],"damage_taken":[{"damage":0,"enemies":"Cultist","floor":1,"turns":3},{"damage":0,"enemies":"2 Louse","floor":2,"turns":2},{"damage":0,"enemies":"Small Slimes","floor":4,"turns":3},{"damage":1,"enemies":"2 Fungi Beasts","floor":5,"turns":3},{"damage":0,"enemies":"Large Slime","floor":6,"turns":4},{"damage":10,"enemies":"Lagavulin","floor":8,"turns":7},{"damage":3,"enemies":"Looter","floor":11,"turns":4},{"damage":24,"enemies":"3 Sentries","floor":12,"turns":6},{"damage":0,"enemies":"Lots of Slimes","floor":14,"turns":4},{"damage":30,"enemies":"The Guardian","floor":16,"turns":10},{"damage":4,"enemies":"Spheric Guardian","floor":18,"turns":3},{"damage":15,"enemies":"3 Byrds","floor":19,"turns":3},{"damage":22,"enemies":"Centurion and Healer","floor":20,"turns":5},{"damage":21,"enemies":"Snake Plant","floor":21,"turns":4},{"damage":16,"enemies":"Book of Stabbing","floor":24,"turns":4},{"damage":4,"enemies":"Snecko","floor":28,"turns":4},{"damage":12,"enemies":"Sentry and Sphere","floor":29,"turns":5},{"damage":15,"enemies":"Slavers","floor":30,"turns":5},{"damage":14,"enemies":"Shelled Parasite and Fungi","floor":31,"turns":5},{"damage":53,"enemies":"Automaton","floor":33,"turns":9},{"damage":4,"enemies":"Orb Walker","floor":35,"turns":4},{"damage":29,"enemies":"3 Shapes","floor":37,"turns":4},{"damage":72,"enemies":"Reptomancer","floor":40,"turns":5},{"damage":28,"enemies":"Sphere and 2 Shapes","floor":45,"turns":6},{"damage":33,"enemies":"Nemesis","floor":46,"turns":7},{"damage":16,"enemies":"3 Darklings","floor":48,"turns":4},{"damage":41,"enemies":"Awakened One","floor":50,"turns":9}],"seed_played":"8546424546145787119","potions_obtained":[{"floor":5,"key":"BloodPotion"},{"floor":8,"key":"Dexterity Potion"},{"floor":11,"key":"LiquidBronze"},{"floor":20,"key":"SpeedPotion"},{"floor":30,"key":"Regen Potion"},{"floor":40,"key":"Dexterity Potion"},{"floor":46,"key":"Swift Potion"}],"is_trial":true,"path_per_floor":["M","M","$","M","M","M","R","E","T","$","M","E","R","M","R","B",null,"M","M","M","M","?","R","E","R","T","$","M","M","E","M","R","B",null,"M","?","M","$","?","E","?","R","T","T","M","E","R","M","R","B",null],"character_chosen":"IRONCLAD","items_purchased":["Anger","Inflame","Pantograph"],"campfire_rested":0,"item_purchase_floors":[3,10,27],"current_hp_per_floor":[80,80,80,80,80,80,80,76,76,76,80,69,69,80,80,63,80,80,78,71,65,65,65,64,64,64,64,75,78,78,79,79,52,80,80,70,56,56,56,36,80,80,87,87,72,66,66,65,65,59],"gold":343,"neow_bonus":"","is_prod":false,"is_daily":false,"chose_seed":false,"campfire_upgraded":7,"win_rate":0,"timestamp":1562277054,"path_taken":["M","M","$","M","M","M","R","E","T","?","M","E","R","M","R","BOSS","M","?","M","M","?","R","E","R","T","$","?","M","E","M","R","BOSS","M","?","M","$","?","E","?","R","T","?","M","E","R","M","R","BOSS"],"build_version":"2019-07-01","purchased_purges":2,"victory":true,"max_hp_per_floor":[80,80,80,80,80,80,80,80,80,80,80,80,80,80,80,80,80,80,80,80,80,80,80,80,80,80,80,80,80,80,80,80,80,80,80,80,80,80,80,80,80,80,87,87,87,87,87,87,87,87],"card_choices":[{"not_picked":["Headbutt","Chill","Finisher"],"picked":"SKIP","floor":1},{"not_picked":["Fusion","Ball Lightning"],"picked":"Dodge and Roll","floor":2},{"not_picked":["Uppercut","Deflect","Leap"],"picked":"SKIP","floor":4},{"not_picked":["Underhanded Strike","Wild Strike"],"picked":"Adrenaline","floor":5},{"not_picked":["Intimidate","FTL","Compile Driver"],"picked":"SKIP","floor":6},{"not_picked":["Heavy Blade","Loop"],"picked":"Self Repair","floor":8},{"not_picked":["Hologram","Compile Driver"],"picked":"Well Laid Plans","floor":11},{"not_picked":["Sunder","Dash","Redo"],"picked":"SKIP","floor":12},{"not_picked":["Cloak And Dagger","Barrage","Sunder"],"picked":"SKIP","floor":14},{"not_picked":["Dark Embrace","Multi-Cast"],"picked":"Limit Break","floor":16},{"not_picked":["White Noise"],"picked":"SKIP","floor":18},{"not_picked":["White Noise"],"picked":"SKIP","floor":18},{"not_picked":["Chill"],"picked":"SKIP","floor":19},{"not_picked":["Poisoned Stab"],"picked":"SKIP","floor":20},{"not_picked":[],"picked":"PiercingWail","floor":21},{"not_picked":["Perfected Strike+1"],"picked":"SKIP","floor":24},{"not_picked":[],"picked":"Leap","floor":28},{"not_picked":["Dagger Spray"],"picked":"SKIP","floor":29},{"not_picked":["Impervious"],"picked":"SKIP","floor":30},{"not_picked":["Fusion"],"picked":"SKIP","floor":31},{"not_picked":["Shrug It Off"],"picked":"SKIP","floor":35},{"not_picked":[],"picked":"Shrug It Off+1","floor":37},{"not_picked":["Backflip"],"picked":"SKIP","floor":40},{"not_picked":["Turbo+1"],"picked":"SKIP","floor":45},{"not_picked":["Deadly Poison"],"picked":"SKIP","floor":46},{"not_picked":["Dual Wield+1"],"picked":"SKIP","floor":48}],"player_experience":384046,"relics_obtained":[{"floor":8,"key":"Regal Pillow"},{"floor":9,"key":"Blood Vial"},{"floor":12,"key":"PreservedInsect"},{"floor":24,"key":"Centennial Puzzle"},{"floor":26,"key":"Meat on the Bone"},{"floor":30,"key":"Matryoshka"},{"floor":40,"key":"Smiling Mask"},{"floor":43,"key":"Red Skull"},{"floor":43,"key":"Strawberry"},{"floor":44,"key":"Bag of Marbles"},{"floor":44,"key":"Girya"},{"floor":46,"key":"Letter Opener"}],"event_choices":[{"damage_healed":0,"gold_gain":0,"player_choice":"Forge","damage_taken":0,"max_hp_gain":0,"max_hp_loss":0,"event_name":"Accursed Blacksmith","floor":22,"gold_loss":0,"cards_upgraded":["Limit Break"]},{"damage_healed":0,"gold_gain":0,"player_choice":"Embrace Madness","damage_taken":10,"max_hp_gain":0,"max_hp_loss":0,"event_name":"Winding Halls","floor":36,"gold_loss":0,"cards_obtained":["Madness","Madness"]},{"damage_healed":0,"gold_gain":0,"player_choice":"Ignored","damage_taken":0,"max_hp_gain":0,"max_hp_loss":0,"event_name":"Mysterious Sphere","floor":39,"gold_loss":0},{"damage_healed":44,"gold_gain":0,"player_choice":"Heal","damage_taken":0,"max_hp_gain":0,"max_hp_loss":0,"event_name":"MindBloom","floor":41,"gold_loss":0,"cards_obtained":["Doubt"]}],"is_beta":false,"boss_relics":[{"not_picked":["Orrery","Eternal Feather"],"picked":"Busted Crown"},{"not_picked":["Cursed Key","Fusion Hammer"],"picked":"Runic Cube"}],"items_purged_floors":[3,38],"is_endless":false,"potions_floor_spawned":[5,8,11,16,18,20,28,30,31,37,40,46],"ascension_level":1}