{"gold_per_floor":[110,110,130,130,145,145,174,196,273,307,307,360,395,238,238,333,333,346,365,378,477,477,477,477,330,330,356,356,376,406,422,422,520,520,537,339,353,353,365,365,375,401,401,416,444,454,489,30,30,30],"floor_reached":51,"playtime":2504,"items_purged":["Dash","Parasite"],"score":1140,"play_id":"6348cbf7-dd4b-489e-b924-de9f51d1c5db","local_time":"20190711230416","daily_mods":["SealedDeck","Heirloom","Binary"],"is_ascension_mode":true,"campfire_choices":[{"data":"Skewer","floor":6.0,"key":"SMITH"},{"data":"Dagger Spray","floor":11.0,"key":"SMITH"},{"data":"Accuracy","floor":15.0,"key":"SMITH"},{"data":"Cloak And Dagger","floor":23,"key":"SMITH"},{"data":"Cloak And Dagger","floor":28,"key":"SMITH"},{"data":"Sucker Punch","floor":32,"key":"SMITH"},{"floor":40,"key":"REST"},{"data":"PiercingWail","floor":49,"key":"SMITH"}],"neow_cost":"","seed_source_timestamp":0,"circlet_count":0,"master_deck":["Sucker Punch+1","Skewer+1","Dash+1","Cloak And Dagger+1","PiercingWail+1","Cloak And Dagger+1","Cloak And Dagger+1","Leg Sweep","Dagger Spray+1","Accuracy+1"],"special_seed":0,"relics":["Ring of the Snake","Busted Crown","WingedGreaves","Art of War","Odd Mushroom","Kunai","Dodecahedron","Paper Crane","Black Star","Vajra","Dream Catcher","Bag of Preparation","Potion Belt","Pen Nib","Gremlin Horn","Eternal Feather","Chemical X","Snake Skull","Mummified Hand","Whetstone","Anchor","Toxic Egg 2","Bronze Scales","Orichalcum","TwistedFunnel","Bag of Marbles"],"potions_floor_usage":[44,50,50,50],"damage_taken":[{"damage":0.0,"enemies":"Small Slimes","floor":1.0,"turns":2.0},{"damage":0.0,"enemies":"2 Louse","floor":3.0,"turns":2.0},{"damage":0.0,"enemies":"Jaw Worm","floor":5.0,"turns":2.0},{"damage":0.0,"enemies":"Lagavulin","floor":7.0,"turns":5.0},{"damage":4.0,"enemies":"The Mushroom Lair","floor":8.0,"turns":3.0},{"damage":8.0,"enemies":"3 Sentries","floor":10.0,"turns":6.0},{"damage":6.0,"enemies":"Gremlin Nob","floor":13.0,"turns":3.0},{"damage":5.0,"enemies":"Slime Boss","floor":16.0,"turns":7.0},{"damage":0,"enemies":"3 Byrds","floor":18,"turns":3},{"damage":0,"enemies":"Chosen","floor":19,"turns":3},{"damage":12,"enemies":"Centurion and Healer","floor":20,"turns":5},{"damage":0,"enemies":"Book of Stabbing","floor":27,"turns":4},{"damage":0,"enemies":"Snecko","floor":29,"turns":3},{"damage":0,"enemies":"Slavers","floor":30,"turns":3},{"damage":0,"enemies":"Chosen and Byrds","floor":31,"turns":3},{"damage":0,"enemies":"Automaton","floor":33,"turns":7},{"damage":0,"enemies":"Orb Walker","floor":35,"turns":2},{"damage":0,"enemies":"3 Darklings","floor":37,"turns":3},{"damage":0,"enemies":"Transient","floor":39,"turns":5},{"damage":0,"enemies":"Writhing Mass","floor":41,"turns":4},{"damage":0,"enemies":"Reptomancer","floor":42,"turns":2},{"damage":0,"enemies":"Jaw Worm Horde","floor":44,"turns":2},{"damage":0,"enemies":"Giant Head","floor":45,"turns":6},{"damage":0,"enemies":"4 Shapes","floor":46,"turns":1},{"damage":0,"enemies":"Nemesis","floor":47,"turns":5},{"damage":11,"enemies":"Awakened One","floor":50,"turns":9}],"seed_played":"-4883884551532991075","potions_obtained":[{"floor":3.0,"key":"SteroidPotion"},{"floor":5.0,"key":"Ancient Potion"},{"floor":10.0,"key":"EssenceOfSteel"},{"floor":16.0,"key":"EssenceOfSteel"},{"floor":29,"key":"EssenceOfSteel"},{"floor":35,"key":"Fire Potion"},{"floor":44,"key":"Fruit Juice"},{"floor":47,"key":"SteroidPotion"}],"is_trial":true,"path_per_floor":["M","$","M","?","M","R","E","?","T","E","R","?","E","$","R","B",null,"M","M","M","?","?","R","?","$","T","E","R","M","E","M","R","B",null,"M","$","M","?","M","R","M","E","T","M","E","M","E","$","R","B",null],"character_chosen":"THE_SILENT","items_purchased":["Accuracy","Vajra","Chemical X","TwistedFunnel","Bag of Marbles"],"campfire_rested":1,"item_purchase_floors":[14,25,36,48,48],"current_hp_per_floor":[70,70,70,70,70,70,70,66,66,58,58,58,52,52,52,47,70,70,70,58,58,58,58,70,70,70,70,70,70,70,70,70,70,70,70,70,70,70,70,70,70,70,70,75,75,75,75,72,72,61],"gold":30,"neow_bonus":"","is_prod":false,"is_daily":false,"chose_seed":false,"campfire_upgraded":7,"win_rate":0,"timestamp":1562904256,"path_taken":["M","$","M","?","M","R","E","?","T","E","R","?","E","$","R","BOSS","M","M","M","?","?","R","?","$","T","E","R","M","E","M","R","BOSS","M","$","M","?","M","R","M","E","T","M","E","?","E","$","R","BOSS"],"build_version":"2019-07-05","purchased_purges":2,"victory":true,"max_hp_per_floor":[70,70,70,70,70,70,70,70,70,70,70,70,70,70,70,70,70,70,70,70,70,70,70,70,70,70,70,70,70,70,70,70,70,70,70,70,70,70,70,70,70,70,70,75,75,75,75,72,72,72],"card_choices":[],"player_experience":399243,"relics_obtained":[{"floor":7.0,"key":"Art of War"},{"floor":8.0,"key":"Odd Mushroom"},{"floor":9.0,"key":"Kunai"},{"floor":10.0,"key":"Dodecahedron"},{"floor":13.0,"key":"Paper Crane"},{"floor":26,"key":"Dream Catcher"},{"floor":27,"key":"Bag of Preparation"},{"floor":27,"key":"Potion Belt"},{"floor":30,"key":"Pen Nib"},{"floor":30,"key":"Gremlin Horn"},{"floor":42,"key":"Snake Skull"},{"floor":42,"key":"Mummified Hand"},{"floor":43,"key":"Whetstone"},{"floor":45,"key":"Anchor"},{"floor":45,"key":"Toxic Egg 2"},{"floor":47,"key":"Bronze Scales"},{"floor":47,"key":"Orichalcum"}],"event_choices":[{"damage_healed":0.0,"max_hp_gain":0.0,"max_hp_loss":0.0,"gold_gain":0.0,"event_name":"The Cleric","player_choice":"Leave","floor":4.0,"gold_loss":0.0,"damage_taken":0.0},{"damage_healed":0.0,"max_hp_gain":0.0,"max_hp_loss":0.0,"gold_gain":0.0,"event_name":"Mushrooms","player_choice":"Fought Mushrooms","floor":8.0,"gold_loss":0.0,"damage_taken":0.0},{"damage_healed":0.0,"max_hp_gain":0.0,"max_hp_loss":0.0,"gold_gain":53.0,"event_name":"Golden Wing","player_choice":"Gained Gold","floor":12.0,"gold_loss":0.0,"damage_taken":0.0},{"damage_healed":0,"gold_gain":99,"player_choice":"Stole From Cult","damage_taken":0,"max_hp_gain":0,"max_hp_loss":0,"event_name":"Nest","floor":21,"gold_loss":0},{"damage_healed":0,"gold_gain":0,"player_choice":"Ignored","damage_taken":0,"max_hp_gain":0,"max_hp_loss":0,"event_name":"The Mausoleum","floor":22,"gold_loss":0},{"damage_healed":23,"gold_gain":0,"player_choice":"Heal","damage_taken":0,"max_hp_gain":0,"max_hp_loss":0,"event_name":"The Library","floor":24,"gold_loss":0},{"damage_healed":0,"gold_gain":0,"player_choice":"Upgraded","damage_taken":0,"max_hp_gain":0,"max_hp_loss":0,"event_name":"Upgrade Shrine","floor":38,"gold_loss":0,"cards_upgraded":["Cloak And Dagger"]}],"is_beta":false,"boss_relics":[{"not_picked":["Cursed Key","Velvet Choker"],"picked":"Black Star"},{"not_picked":["HoveringKite","Empty Cage"],"picked":"Eternal Feather"}],"items_purged_floors":[14,48],"is_endless":false,"potions_floor_spawned":[3,5,10,16,20,29,35,44,47],"ascension_level":1}