{"gold_per_floor":[117,128,128,303,303,303,379,379,379,226,226,126,126,1,1,120,120,136,160,160,179,197,197,197],"floor_reached":24,"playtime":1059,"items_purged":["Doubt","Strike_G","Strike_G"],"score":209,"play_id":"939f28c0-9df0-4188-9922-9aac9ff55951","local_time":"20190801170515","is_ascension_mode":true,"campfire_choices":[{"data":"Neutralize","floor":6,"key":"SMITH"},{"data":"Well Laid Plans","floor":8,"key":"SMITH"},{"floor":15,"key":"REST"},{"floor":23,"key":"REST"}],"neow_cost":"NONE","seed_source_timestamp":220322130541100,"circlet_count":0,"master_deck":["Strike_G","Strike_G","Strike_G","Defend_G","Defend_G","Defend_G","Defend_G","Defend_G","Survivor","Neutralize+1","Dodge and Roll+1","Quick Slash","Well Laid Plans+1","Bouncing Flask+1","Malaise","Finisher+1","Decay","Accuracy","Blade Dance"],"relics":["Ring of the Snake","NeowsBlessing","Golden Idol","Lantern","Vajra","Pocketwatch","Meat on the Bone","White Beast Statue"],"potions_floor_usage":[],"damage_taken":[{"damage":0,"enemies":"Small Slimes","floor":1,"turns":1},{"damage":0,"enemies":"2 Louse","floor":2,"turns":1},{"damage":0,"enemies":"Lagavulin Event","floor":7,"turns":1},{"damage":1,"enemies":"The Guardian","floor":16,"turns":8},{"damage":40,"enemies":"2 Thieves","floor":18,"turns":5},{"damage":3,"enemies":"Chosen","floor":19,"turns":5},{"damage":38,"enemies":"Sentry and Sphere","floor":21,"turns":7},{"damage":0,"enemies":"Snecko","floor":22,"turns":4},{"damage":47,"enemies":"Gremlin Leader","floor":24,"turns":5}],"seed_played":"8588956962552478490","potions_obtained":[{"floor":2,"key":"EssenceOfSteel"},{"floor":16,"key":"SpeedPotion"},{"floor":18,"key":"Poison Potion"}],"is_trial":false,"path_per_floor":["M","M","?","?","?","R","?","R","T","$","?","$","T","$","R","B",null,"M","M","?","M","M","R","E"],"character_chosen":"THE_SILENT","items_purchased":["Bouncing Flask"],"campfire_rested":2,"item_purchase_floors":[10],"current_hp_per_floor":[70,70,53,53,35,35,35,35,35,35,21,21,21,21,42,41,70,42,39,39,13,25,46,0],"gold":197,"neow_bonus":"THREE_ENEMY_KILL","is_prod":false,"is_daily":false,"chose_seed":false,"campfire_upgraded":2,"win_rate":0,"timestamp":1564693515,"path_taken":["M","M","?","?","?","R","?","R","T","?","?","$","?","$","R","BOSS","M","M","?","M","M","R","E"],"build_version":"2019-07-18","purchased_purges":3,"victory":false,"max_hp_per_floor":[70,70,70,70,70,70,70,70,70,70,70,70,70,70,70,70,70,70,70,70,70,70,70,70],"card_choices":[{"not_picked":["PiercingWail","Cloak And Dagger"],"picked":"Dodge and Roll","floor":1},{"not_picked":["Slice","Flying Knee"],"picked":"Quick Slash","floor":2},{"not_picked":["Distraction","Acrobatics"],"picked":"Well Laid Plans","floor":7},{"not_picked":["Doppelganger","Phantasmal Killer"],"picked":"Malaise","floor":16},{"not_picked":["Poisoned Stab","Sucker Punch","Underhanded Strike+1"],"picked":"SKIP","floor":18},{"not_picked":["A Thousand Cuts","Quick Slash"],"picked":"Finisher+1","floor":19},{"not_picked":["Underhanded Strike","Deflect+1"],"picked":"Accuracy","floor":21},{"not_picked":["Deflect","Dagger Spray"],"picked":"Blade Dance","floor":22}],"player_experience":273170,"relics_obtained":[{"floor":7,"key":"Vajra"},{"floor":9,"key":"Pocketwatch"},{"floor":13,"key":"Meat on the Bone"}],"event_choices":[{"damage_healed":0,"gold_gain":0,"player_choice":"Take Damage","damage_taken":17,"relics_obtained":["Golden Idol"],"max_hp_gain":0,"max_hp_loss":0,"event_name":"Golden Idol","floor":3,"gold_loss":0},{"damage_healed":0,"gold_gain":175,"player_choice":"AGREE","damage_taken":0,"max_hp_gain":0,"max_hp_loss":0,"event_name":"Liars Game","floor":4,"gold_loss":0,"cards_obtained":["Doubt"]},{"damage_healed":0,"gold_gain":0,"player_choice":"Success","damage_taken":18,"relics_obtained":["Lantern"],"max_hp_gain":0,"max_hp_loss":0,"event_name":"Scrap Ooze","floor":5,"gold_loss":0},{"damage_healed":0,"gold_gain":0,"player_choice":"Searched \u00272\u0027 times","damage_taken":0,"max_hp_gain":0,"max_hp_loss":0,"event_name":"Dead Adventurer","floor":7,"gold_loss":0},{"damage_healed":0,"gold_gain":0,"player_choice":"Entered Light","damage_taken":14,"max_hp_gain":0,"max_hp_loss":0,"event_name":"Shining Light","floor":11,"gold_loss":0,"cards_upgraded":["Dodge and Roll","Bouncing Flask"]},{"damage_healed":0,"gold_gain":0,"player_choice":"Cursed","damage_taken":0,"max_hp_gain":0,"max_hp_loss":0,"event_name":"Wheel of Change","floor":20,"gold_loss":0,"cards_obtained":["Decay"]}],"is_beta":true,"boss_relics":[{"not_picked":["Coffee Dripper","Runic Dome"],"picked":"White Beast Statue"}],"items_purged_floors":[10,12,14],"is_endless":false,"potions_floor_spawned":[2,16,18,19,21,22],"killed_by":"Gremlin Leader","ascension_level":3}