{"gold_per_floor":[116,216,229,229,245,245,260,260,260,210,222,251,251,271,271,342,342,361,375,80,91,111,139,139,110,110,110,110,110,122,149,149,228,228,243,260,260,260,280,280,22,67,67,167,182,182,182],"floor_reached":47,"playtime":1914,"items_purged":["Defend_B"],"score":955,"play_id":"6639ed32-65a7-44c7-a73f-b9097b857477","local_time":"20190807204615","is_ascension_mode":true,"campfire_choices":[{"data":"Sunder","floor":6.0,"key":"SMITH"},{"data":"Zap","floor":8.0,"key":"SMITH"},{"data":"Dualcast","floor":13.0,"key":"SMITH"},{"data":"Glacier","floor":15.0,"key":"SMITH"},{"data":"Hologram","floor":24.0,"key":"SMITH"},{"data":"Steam","floor":27.0,"key":"SMITH"},{"data":"Glacier","floor":32.0,"key":"SMITH"},{"floor":40.0,"key":"REST"},{"floor":46,"key":"REST"}],"neow_cost":"NONE","seed_source_timestamp":14546414472160,"circlet_count":0,"master_deck":["AscendersBane","Strike_B","Strike_B","Strike_B","Defend_B","Defend_B","Zap+1","Dualcast+1","Sunder+1","BootSequence","Self Repair","Beam Cell","Beam Cell","Gash","Glacier+1","All For One","Go for the Eyes","Gash","Gash","Hologram+1","Go for the Eyes+1","Steam+1","Glacier+1","Beam Cell","Gash","Gash","Scrape+1","Madness","Madness","Gash","Magnetism","Coolheaded","BootSequence+1","Conserve Battery+1"],"special_seed":0,"relics":["Cracked Core","NeowsBlessing","Shuriken","Dodecahedron","Peace Pipe","Cursed Key","ClockworkSouvenir","Emotion Chip","Sundial","Sozu","Nunchaku","Shovel"],"potions_floor_usage":[],"damage_taken":[{"damage":0.0,"enemies":"Jaw Worm","floor":1.0,"turns":1.0},{"damage":0.0,"enemies":"Cultist","floor":3.0,"turns":1.0},{"damage":0.0,"enemies":"Small Slimes","floor":5.0,"turns":2.0},{"damage":0.0,"enemies":"2 Fungi Beasts","floor":7.0,"turns":2.0},{"damage":1.0,"enemies":"Looter","floor":11.0,"turns":2.0},{"damage":30.0,"enemies":"3 Sentries","floor":12.0,"turns":8.0},{"damage":0.0,"enemies":"Large Slime","floor":14.0,"turns":4.0},{"damage":20.0,"enemies":"The Guardian","floor":16.0,"turns":9.0},{"damage":0.0,"enemies":"Chosen","floor":18.0,"turns":3.0},{"damage":1.0,"enemies":"Spheric Guardian","floor":19.0,"turns":3.0},{"damage":6.0,"enemies":"Snecko","floor":21.0,"turns":5.0},{"damage":18.0,"enemies":"Centurion and Healer","floor":22.0,"turns":3.0},{"damage":20.0,"enemies":"Book of Stabbing","floor":23.0,"turns":4.0},{"damage":10.0,"enemies":"3 Cultists","floor":30.0,"turns":4.0},{"damage":6.0,"enemies":"Slavers","floor":31.0,"turns":5.0},{"damage":42.0,"enemies":"Automaton","floor":33.0,"turns":8.0},{"damage":0.0,"enemies":"3 Shapes","floor":35.0,"turns":9.0},{"damage":20.0,"enemies":"3 Darklings","floor":36.0,"turns":5.0},{"damage":7.0,"enemies":"Sphere and 2 Shapes","floor":39.0,"turns":3.0},{"damage":23.0,"enemies":"2 Orb Walkers","floor":42.0,"turns":6.0},{"damage":8,"enemies":"Mind Bloom Boss Battle","floor":44,"turns":4},{"damage":39,"enemies":"Transient","floor":45,"turns":6},{"damage":36,"enemies":"Giant Head","floor":47,"turns":4}],"seed_played":"659598307782116239","potions_obtained":[{"floor":11.0,"key":"Weak Potion"},{"floor":16.0,"key":"FocusPotion"},{"floor":18.0,"key":"AttackPotion"},{"floor":21.0,"key":"Regen Potion"},{"floor":30.0,"key":"FearPotion"}],"is_trial":false,"path_per_floor":["M","?","M","T","M","R","M","R","T","$","M","E","R","M","R","B",null,"M","M","$","M","M","E","R","$","T","R","?","?","M","E","R","B",null,"M","M","?","?","M","R","$","?","T","?","M","R","E"],"character_chosen":"DEFECT","items_purchased":["Beam Cell","ClockworkSouvenir","Steam","Magnetism","Coolheaded"],"campfire_rested":2,"item_purchase_floors":[10,20,25,41,41],"current_hp_per_floor":[64,64,64,64,64,64,64,64,64,64,70,47,47,54,54,41,64,71,71,71,71,60,47,47,47,47,47,47,47,44,45,45,25,60,67,54,54,41,41,62,62,49,49,41,9,30,0],"gold":182,"neow_bonus":"THREE_ENEMY_KILL","is_prod":false,"is_daily":false,"chose_seed":false,"campfire_upgraded":7,"win_rate":0,"timestamp":1565178375,"path_taken":["M","?","?","?","?","R","M","R","T","$","M","E","R","M","R","BOSS","M","M","$","M","?","E","R","$","T","R","?","?","M","E","R","BOSS","M","M","?","?","M","R","$","?","T","?","M","R","E"],"build_version":"2019-07-17","purchased_purges":1,"victory":false,"max_hp_per_floor":[71,71,71,71,71,71,71,71,71,71,71,71,71,71,71,71,71,71,71,71,71,71,71,71,71,71,71,71,71,71,71,71,71,71,71,71,71,71,71,71,71,71,71,71,71,71,71],"card_choices":[{"not_picked":["Beam Cell","Stack"],"picked":"Sunder","floor":1.0},{"not_picked":["Coolheaded","Go for the Eyes"],"picked":"BootSequence","floor":3.0},{"not_picked":["Turbo","Streamline","Barrage"],"picked":"SKIP","floor":5.0},{"not_picked":["Redo","Ball Lightning"],"picked":"Self Repair","floor":7.0},{"not_picked":["Darkness","Sweeping Beam"],"picked":"Beam Cell","floor":11.0},{"not_picked":["Steam Power","Undo"],"picked":"Gash","floor":12.0},{"not_picked":["Lockon","Recycle"],"picked":"Glacier","floor":14.0},{"not_picked":["Seek","Reboot"],"picked":"All For One","floor":16.0},{"not_picked":["Aggregate","Streamline"],"picked":"Go for the Eyes","floor":18.0},{"not_picked":["Reinforced Body","Force Field+1"],"picked":"Gash","floor":19.0},{"not_picked":["Compile Driver","Tempest"],"picked":"Gash","floor":21.0},{"not_picked":["Sweeping Beam","Ball Lightning+1"],"picked":"Hologram","floor":22.0},{"not_picked":["Amplify","Turbo"],"picked":"Go for the Eyes+1","floor":23.0},{"not_picked":["Beam Cell+1","Stack"],"picked":"Gash","floor":30.0},{"not_picked":["Hologram","Sweeping Beam"],"picked":"Gash","floor":31.0},{"not_picked":["Meteor Strike","Hyperbeam"],"picked":"Buffer","floor":33.0},{"not_picked":["Consume+1","Force Field","Barrage"],"picked":"SKIP","floor":35.0},{"not_picked":["Coolheaded","Streamline+1"],"picked":"Scrape+1","floor":36.0},{"not_picked":["Defragment","Go for the Eyes+1"],"picked":"Gash","floor":39.0},{"not_picked":["Streamline","Barrage"],"picked":"BootSequence+1","floor":44},{"not_picked":["Chill","Redo"],"picked":"Conserve Battery+1","floor":45}],"player_experience":291339,"relics_obtained":[{"floor":4.0,"key":"Shuriken"},{"floor":9.0,"key":"Dodecahedron"},{"floor":12.0,"key":"Peace Pipe"},{"floor":23.0,"key":"Emotion Chip"},{"floor":31.0,"key":"Sundial"},{"floor":42.0,"key":"Nunchaku"},{"floor":44,"key":"Shovel"}],"event_choices":[{"damage_healed":0.0,"max_hp_gain":0.0,"max_hp_loss":0.0,"gold_gain":100.0,"event_name":"Wheel of Change","player_choice":"Gold","floor":2.0,"gold_loss":0.0,"damage_taken":0.0},{"damage_healed":0.0,"max_hp_gain":0.0,"max_hp_loss":0.0,"gold_gain":0.0,"cards_transformed":["Strike_B","Defend_B"],"event_name":"Drug Dealer","player_choice":"Became Test Subject","floor":28.0,"gold_loss":0.0,"damage_taken":0.0,"cards_obtained":["Glacier","Beam Cell"]},{"damage_healed":0.0,"max_hp_gain":0.0,"max_hp_loss":0.0,"gold_gain":0.0,"event_name":"Cursed Tome","player_choice":"Ignored","floor":29.0,"gold_loss":0.0,"damage_taken":0.0},{"cards_removed":["Buffer"],"damage_healed":0.0,"max_hp_gain":0.0,"max_hp_loss":0.0,"gold_gain":0.0,"event_name":"Falling","player_choice":"Removed Power","floor":37.0,"gold_loss":0.0,"damage_taken":0.0},{"damage_healed":0.0,"max_hp_gain":0.0,"max_hp_loss":0.0,"gold_gain":0.0,"event_name":"Winding Halls","player_choice":"Embrace Madness","floor":38.0,"gold_loss":0.0,"damage_taken":13.0,"cards_obtained":["Madness","Madness"]},{"damage_healed":0.0,"max_hp_gain":0.0,"max_hp_loss":0.0,"gold_gain":0.0,"event_name":"Mysterious Sphere","player_choice":"Fight","floor":42.0,"gold_loss":0.0,"damage_taken":0.0},{"damage_healed":0,"gold_gain":0,"player_choice":"Fight","damage_taken":0,"max_hp_gain":0,"max_hp_loss":0,"event_name":"MindBloom","floor":44,"gold_loss":0}],"is_beta":false,"boss_relics":[{"not_picked":["Empty Cage","Nuclear Battery"],"picked":"Cursed Key"},{"not_picked":["Velvet Choker","Tiny House"],"picked":"Sozu"}],"items_purged_floors":[20],"is_endless":false,"potions_floor_spawned":[11,16,18,21,22,30,39,44],"killed_by":"Giant Head","ascension_level":20}