{"gold_per_floor":[118,193,193,206,223,223,249,267,313,238,238,238,238,60,60,60],"floor_reached":16,"playtime":494,"items_purged":["Defend_B","Strike_B"],"score":167,"play_id":"46df42a7-c2a7-4604-8523-f5db8813b4cd","local_time":"20190805081451","is_ascension_mode":true,"campfire_choices":[{"data":"Zap","floor":6,"key":"SMITH"},{"data":"Recycle","floor":11,"key":"SMITH"},{"floor":15,"key":"REST"}],"neow_cost":"TEN_PERCENT_HP_LOSS","seed_source_timestamp":824742581377,"circlet_count":0,"master_deck":["AscendersBane","Strike_B","Strike_B+1","Strike_B+1","Defend_B","Defend_B","Defend_B","Zap+1","Dualcast","Loop","Beam Cell","Recycle+1","Self Repair","Loop"],"relics":["Cracked Core","Unceasing Top","PreservedInsect","Incense Burner","Whetstone","Golden Idol"],"potions_floor_usage":[7,16],"damage_taken":[{"damage":0,"enemies":"Small Slimes","floor":1,"turns":3},{"damage":3,"enemies":"Jaw Worm","floor":4,"turns":4},{"damage":0,"enemies":"2 Louse","floor":5,"turns":4},{"damage":17,"enemies":"Gremlin Nob","floor":7,"turns":4},{"damage":7,"enemies":"Looter","floor":8,"turns":3},{"damage":29,"enemies":"Hexaghost","floor":16,"turns":10}],"seed_played":"5254770818354404122","potions_obtained":[{"floor":1,"key":"SkillPotion"},{"floor":7,"key":"GamblersBrew"}],"is_trial":false,"path_per_floor":["M","?","T","M","M","R","E","M","T","$","R","?","?","$","R","B"],"character_chosen":"DEFECT","items_purchased":["Loop"],"campfire_rested":1,"item_purchase_floors":[14],"current_hp_per_floor":[64,53,53,50,50,50,33,26,26,26,26,10,10,10,29,0],"gold":60,"neow_bonus":"ONE_RARE_RELIC","is_prod":false,"is_daily":false,"chose_seed":false,"campfire_upgraded":2,"win_rate":0,"timestamp":1564960491,"path_taken":["M","?","?","M","M","R","E","M","T","$","R","?","?","$","R","BOSS"],"build_version":"2019-07-17","purchased_purges":2,"victory":false,"max_hp_per_floor":[64,64,64,64,64,64,64,64,64,64,64,64,64,64,64,64],"card_choices":[{"not_picked":["Rebound","Doom and Gloom"],"picked":"Loop","floor":1},{"not_picked":["Consume","Barrage","Turbo"],"picked":"SKIP","floor":4},{"not_picked":["Reprogram","Ball Lightning"],"picked":"Beam Cell","floor":5},{"not_picked":["Fission","Aggregate"],"picked":"Recycle","floor":7},{"not_picked":["Rip and Tear","Stack"],"picked":"Self Repair","floor":8}],"player_experience":231171,"relics_obtained":[{"floor":3,"key":"PreservedInsect"},{"floor":7,"key":"Incense Burner"},{"floor":9,"key":"Whetstone"}],"event_choices":[{"damage_healed":0,"gold_gain":75,"player_choice":"Gather Gold","damage_taken":11,"max_hp_gain":0,"max_hp_loss":0,"event_name":"World of Goop","floor":2,"gold_loss":0},{"damage_healed":0,"gold_gain":0,"player_choice":"Take Damage","damage_taken":16,"relics_obtained":["Golden Idol"],"max_hp_gain":0,"max_hp_loss":0,"event_name":"Golden Idol","floor":12,"gold_loss":0},{"damage_healed":0,"gold_gain":0,"player_choice":"Ignored","damage_taken":0,"max_hp_gain":0,"max_hp_loss":0,"event_name":"Shining Light","floor":13,"gold_loss":0}],"is_beta":false,"boss_relics":[],"items_purged_floors":[10,14],"is_endless":false,"potions_floor_spawned":[1,7],"killed_by":"Hexaghost","ascension_level":14}