{"gold_per_floor":[115,265,265,33,50,50,84,104,104,123,151,166,166,184,184,259,259,273,273,23,42,42,42,68,68,95,95,126,47,47,47,47,120,120,132,152,166,166,166],"floor_reached":39,"playtime":3310,"items_purged":["Doubt","Strike_G"],"score":1204,"play_id":"ab1e07c6-faee-41e1-9b9f-0393f84a2e7c","local_time":"20190721203917","is_ascension_mode":true,"campfire_choices":[{"data":"Footwork","floor":6.0,"key":"SMITH"},{"data":"Catalyst","floor":13.0,"key":"SMITH"},{"data":"Noxious Fumes","floor":15.0,"key":"SMITH"},{"floor":23.0,"key":"REST"},{"floor":25.0,"key":"REST"},{"floor":27.0,"key":"REST"},{"floor":32.0,"key":"REST"}],"neow_cost":"NONE","seed_source_timestamp":0,"circlet_count":0,"master_deck":["AscendersBane","Defend_G","Defend_G","Defend_G","Defend_G","Defend_G","Survivor","Neutralize","Poisoned Stab","Catalyst+1","Footwork+1","Dodge and Roll","Footwork","Poisoned Stab","Noxious Fumes+1","Predator","Bane","Night Terror","Corpse Explosion","Deadly Poison","Dodge and Roll","Deflect","Noxious Fumes","Blade Dance","Blur","Footwork","Bite","Bite","Bite","Bite","Bite","Tools of the Trade","Backflip","Catalyst","Backflip"],"special_seed":0,"relics":["Ring of the Snake","NeowsBlessing","Gremlin Horn","Kunai","Ginger","Fusion Hammer","Mango","Bag of Preparation","Oddly Smooth Stone","Regal Pillow","Lizard Tail"],"potions_floor_usage":[37],"damage_taken":[{"damage":0.0,"enemies":"Cultist","floor":1.0,"turns":1.0},{"damage":0.0,"enemies":"2 Louse","floor":5.0,"turns":1.0},{"damage":0.0,"enemies":"Gremlin Nob","floor":7.0,"turns":1.0},{"damage":0.0,"enemies":"Small Slimes","floor":8.0,"turns":4.0},{"damage":8.0,"enemies":"3 Louse","floor":10.0,"turns":4.0},{"damage":0.0,"enemies":"Lagavulin","floor":11.0,"turns":8.0},{"damage":0.0,"enemies":"Lots of Slimes","floor":12.0,"turns":4.0},{"damage":18.0,"enemies":"Large Slime","floor":14.0,"turns":5.0},{"damage":0.0,"enemies":"Slime Boss","floor":16.0,"turns":4.0},{"damage":21.0,"enemies":"2 Thieves","floor":18.0,"turns":4.0},{"damage":17.0,"enemies":"Shell Parasite","floor":21.0,"turns":3.0},{"damage":30.0,"enemies":"Book of Stabbing","floor":24.0,"turns":7.0},{"damage":0.0,"enemies":"Gremlin Leader","floor":28.0,"turns":7.0},{"damage":19.0,"enemies":"Collector","floor":33.0,"turns":10.0},{"damage":28.0,"enemies":"Orb Walker","floor":35.0,"turns":6.0},{"damage":20.0,"enemies":"3 Darklings","floor":36.0,"turns":5.0},{"damage":40,"enemies":"Jaw Worm Horde","floor":37,"turns":6},{"damage":31,"enemies":"4 Shapes","floor":39,"turns":3}],"seed_played":"-4160262046528332261","potions_obtained":[{"floor":5.0,"key":"Ancient Potion"},{"floor":10.0,"key":"Energy Potion"},{"floor":11.0,"key":"GamblersBrew"},{"floor":12.0,"key":"AttackPotion"},{"floor":21.0,"key":"SpeedPotion"},{"floor":28.0,"key":"FearPotion"}],"is_trial":false,"path_per_floor":["M","?","?","$","M","R","E","M","T","M","E","M","R","M","R","B",null,"M","$","$","M","T","R","E","R","T","R","E","$","?","?","R","B",null,"M","M","M","?","M"],"character_chosen":"THE_SILENT","items_purchased":["Footwork","Dodge and Roll","Fire Potion","Dodge and Roll","Deflect","Noxious Fumes","Footwork"],"campfire_rested":4,"item_purchase_floors":[4,4,4,20,20,20,29],"current_hp_per_floor":[59,59,59,59,59,59,59,59,59,51,51,51,51,33,33,33,58,37,37,37,20,34,58,28,52,52,76,76,76,56,41,61,54,59,35,19,27,27,0],"gold":166,"neow_bonus":"THREE_ENEMY_KILL","is_prod":false,"is_daily":false,"chose_seed":false,"campfire_upgraded":3,"win_rate":0,"timestamp":1563730757,"path_taken":["M","?","?","$","?","R","E","M","T","M","E","M","R","M","R","BOSS","M","?","$","M","?","R","E","R","T","R","E","$","?","?","R","BOSS","M","M","M","?","M"],"build_version":"2019-07-17","purchased_purges":2,"victory":false,"max_hp_per_floor":[66,66,66,66,66,66,66,66,66,66,66,66,66,66,66,66,66,66,66,66,66,80,80,80,80,80,80,80,80,56,61,61,61,61,61,61,61,61,61],"card_choices":[{"not_picked":["Riddle With Holes","Sucker Punch"],"picked":"Poisoned Stab","floor":1.0},{"not_picked":["Acrobatics","Skewer"],"picked":"Footwork","floor":5.0},{"not_picked":["Dodge and Roll","Eviscerate"],"picked":"Poisoned Stab","floor":7.0},{"not_picked":["Storm of Steel","PiercingWail"],"picked":"Noxious Fumes","floor":8.0},{"not_picked":["Flying Knee","Sucker Punch"],"picked":"Predator","floor":10.0},{"not_picked":["Underhanded Strike","Endless Agony"],"picked":"Bane","floor":11.0},{"not_picked":["Underhanded Strike","Deadly Poison"],"picked":"Night Terror","floor":12.0},{"not_picked":["Expertise","Dagger Spray","Flying Knee"],"picked":"SKIP","floor":14.0},{"not_picked":["Expertise","Dagger Spray","Flying Knee"],"picked":"SKIP","floor":14.0},{"not_picked":["Glass Knife","Doppelganger"],"picked":"Corpse Explosion","floor":16.0},{"not_picked":["Bane","Escape Plan"],"picked":"Deadly Poison","floor":18.0},{"not_picked":["Sucker Punch","Dagger Spray","Flying Knee"],"picked":"SKIP","floor":21.0},{"not_picked":["Unload","Finisher"],"picked":"Blade Dance","floor":24.0},{"not_picked":["Dagger Throw","Prepared"],"picked":"Blur","floor":28.0},{"not_picked":["Adrenaline","Grand Finale"],"picked":"Tools of the Trade","floor":33.0},{"not_picked":["Blur","Flying Knee"],"picked":"Backflip","floor":35.0},{"not_picked":["Blade Dance","Poisoned Stab+1","Outmaneuver"],"picked":"SKIP","floor":36.0},{"not_picked":["Quick Slash","Eviscerate"],"picked":"Catalyst","floor":37}],"player_experience":865516,"relics_obtained":[{"floor":7.0,"key":"Gremlin Horn"},{"floor":9.0,"key":"Kunai"},{"floor":11.0,"key":"Ginger"},{"floor":22.0,"key":"Mango"},{"floor":24.0,"key":"Bag of Preparation"},{"floor":26.0,"key":"Oddly Smooth Stone"},{"floor":28.0,"key":"Regal Pillow"}],"event_choices":[{"damage_healed":0.0,"max_hp_gain":0.0,"max_hp_loss":0.0,"gold_gain":150.0,"event_name":"Liars Game","player_choice":"AGREE","floor":2.0,"gold_loss":0.0,"damage_taken":0.0,"cards_obtained":["Doubt"]},{"damage_healed":0.0,"max_hp_gain":0.0,"max_hp_loss":0.0,"gold_gain":0.0,"cards_transformed":["Strike_G"],"event_name":"Transmorgrifier","player_choice":"Transformed","floor":3.0,"gold_loss":0.0,"damage_taken":0.0,"cards_obtained":["Catalyst"]},{"damage_healed":0.0,"max_hp_gain":0.0,"max_hp_loss":24.0,"gold_gain":0.0,"event_name":"Vampires","player_choice":"Became a vampire","floor":30.0,"gold_loss":0.0,"damage_taken":0.0,"cards_obtained":["Bite","Bite","Bite","Bite","Bite"]},{"damage_healed":0.0,"max_hp_gain":5.0,"max_hp_loss":0.0,"gold_gain":0.0,"event_name":"Forgotten Altar","player_choice":"Shed Blood","floor":31.0,"gold_loss":0.0,"damage_taken":20.0},{"damage_healed":0,"gold_gain":0,"player_choice":"Copied","damage_taken":0,"max_hp_gain":0,"max_hp_loss":0,"event_name":"Duplicator","floor":38,"gold_loss":0,"cards_obtained":["Backflip"]}],"is_beta":false,"boss_relics":[{"not_picked":["Busted Crown","WristBlade"],"picked":"Fusion Hammer"},{"not_picked":["Snecko Eye","Pandora\u0027s Box"],"picked":"Lizard Tail"}],"items_purged_floors":[4,20],"is_endless":false,"potions_floor_spawned":[5,10,11,12,16,21,28],"killed_by":"4 Shapes","ascension_level":20}