{"gold_per_floor":[116,41,41,41,58,58,69,97,97,172,172,172,203,219,219,322,322,334,259,259,259,259,259,278,278,278,289,303,303,322,126,126,223,223,243,72,87,97,97,97,117,152,152,165,185,185,10,10,10,10],"floor_reached":51,"playtime":1885,"items_purged":["Defend_B","Bite","Bite"],"score":767,"play_id":"bec3ccf6-98c2-4c09-9ef8-4c1661fbb1b2","local_time":"20190808214719","is_ascension_mode":true,"campfire_choices":[{"data":"Dualcast","floor":6,"key":"SMITH"},{"floor":11,"key":"REST"},{"floor":15,"key":"REST"},{"data":"Beam Cell","floor":23,"key":"SMITH"},{"data":"Bite","floor":25,"key":"SMITH"},{"data":"Coolheaded","floor":29,"key":"SMITH"},{"data":"Bite","floor":32,"key":"SMITH"},{"data":"Go for the Eyes","floor":40,"key":"SMITH"},{"data":"Barrage","floor":46,"key":"SMITH"},{"data":"Barrage","floor":49,"key":"SMITH"}],"neow_cost":"NONE","seed_source_timestamp":104652285818738,"circlet_count":0,"master_deck":["Defend_B+1","Defend_B+1","Zap","Dualcast+1","Ball Lightning","Conserve Battery","Beam Cell+1","Streamline+1","Cold Snap","Bite+1","Bite+1","Bite","Steam+1","Cold Snap","Coolheaded+1","Barrage+1","Go for the Eyes+1","Hologram+1","Coolheaded+1","Parasite","Coolheaded+1","Barrage+1"],"relics":["Runic Dome","Prayer Wheel","Du-Vu Doll","FossilizedHelix","Inserter","Enchiridion","Symbiotic Virus","ClockworkSouvenir","Philosopher\u0027s Stone","Blue Candle","Ornamental Fan","Art of War"],"potions_floor_usage":[16,50,50,50],"damage_taken":[{"damage":2,"enemies":"2 Louse","floor":1,"turns":2},{"damage":0,"enemies":"Jaw Worm","floor":5,"turns":3},{"damage":1,"enemies":"Cultist","floor":7,"turns":3},{"damage":29,"enemies":"3 Sentries","floor":8,"turns":7},{"damage":13,"enemies":"Lagavulin","floor":13,"turns":5},{"damage":0,"enemies":"3 Louse","floor":14,"turns":2},{"damage":4,"enemies":"Slime Boss","floor":16,"turns":7},{"damage":10,"enemies":"Spheric Guardian","floor":18,"turns":4},{"damage":0,"enemies":"Shell Parasite","floor":24,"turns":3},{"damage":19,"enemies":"Cultist and Chosen","floor":27,"turns":5},{"damage":0,"enemies":"Sentry and Sphere","floor":28,"turns":3},{"damage":0,"enemies":"Snecko","floor":30,"turns":4},{"damage":49,"enemies":"Automaton","floor":33,"turns":10},{"damage":0,"enemies":"3 Shapes","floor":35,"turns":4},{"damage":25,"enemies":"3 Darklings","floor":37,"turns":6},{"damage":0,"enemies":"Maw","floor":38,"turns":7},{"damage":10,"enemies":"Writhing Mass","floor":41,"turns":6},{"damage":10,"enemies":"Reptomancer","floor":42,"turns":6},{"damage":0,"enemies":"Transient","floor":44,"turns":5},{"damage":0,"enemies":"Sphere and 2 Shapes","floor":45,"turns":5},{"damage":5,"enemies":"Donu and Deca","floor":50,"turns":10}],"seed_played":"-8118489284005798129","potions_obtained":[{"floor":7,"key":"Dexterity Potion"},{"floor":8,"key":"Fire Potion"},{"floor":16,"key":"Strength Potion"},{"floor":18,"key":"LiquidBronze"},{"floor":38,"key":"EssenceOfSteel"},{"floor":44,"key":"SpeedPotion"}],"is_trial":false,"path_per_floor":["M","$","?","?","M","R","M","E","T","?","R","?","E","M","R","B",null,"M","?","?","?","?","R","M","R","T","M","M","R","M","$","R","B",null,"M","$","M","M","T","R","M","E","T","M","M","R","$","?","R","B",null],"character_chosen":"DEFECT","items_purchased":["ClockworkSouvenir","Barrage","Explosive Potion","AttackPotion"],"campfire_rested":2,"item_purchase_floors":[31,36,36,47],"current_hp_per_floor":[73,73,58,58,58,58,57,28,28,17,39,39,26,26,48,44,75,65,65,49,49,49,49,52,52,52,33,42,42,52,52,52,22,52,52,52,37,52,52,52,42,47,47,52,52,52,52,52,52,50],"gold":10,"neow_bonus":"BOSS_RELIC","is_prod":false,"is_daily":false,"chose_seed":false,"campfire_upgraded":8,"win_rate":0,"timestamp":1565268439,"path_taken":["M","$","?","?","?","R","M","E","T","?","R","?","E","M","R","BOSS","M","?","?","?","?","R","?","R","T","M","M","R","M","$","R","BOSS","M","$","M","M","?","R","M","E","T","?","M","R","?","?","R","BOSS"],"build_version":"2019-07-17","purchased_purges":3,"victory":true,"max_hp_per_floor":[75,75,75,75,75,75,75,75,75,75,75,75,75,75,75,75,75,75,75,75,52,52,52,52,52,52,52,52,52,52,52,52,52,52,52,52,52,52,52,52,52,52,52,52,52,52,52,52,52,52],"card_choices":[{"not_picked":["Stack","Barrage"],"picked":"Ball Lightning","floor":1},{"not_picked":["Rebound","Compile Driver","Defragment"],"picked":"SKIP","floor":5},{"not_picked":["Hyperbeam","Auto Shields","Self Repair"],"picked":"SKIP","floor":7},{"not_picked":["Stack","Redo"],"picked":"Conserve Battery","floor":8},{"not_picked":["Darkness","Undo"],"picked":"Beam Cell","floor":13},{"not_picked":["Streamline","BootSequence","Double Energy"],"picked":"SKIP","floor":14},{"not_picked":["Redo","Hologram","Leap"],"picked":"SKIP","floor":14},{"not_picked":["Storm","Loop"],"picked":"Streamline+1","floor":18},{"not_picked":["Beam Cell","Turbo"],"picked":"Cold Snap","floor":18},{"not_picked":["Chill","Beam Cell"],"picked":"Steam+1","floor":24},{"not_picked":["Undo","Redo","Rebound"],"picked":"SKIP","floor":24},{"not_picked":["Streamline","Steam","All For One"],"picked":"SKIP","floor":27},{"not_picked":["Cold Snap","Self Repair","FTL"],"picked":"SKIP","floor":27},{"not_picked":["Self Repair","FTL"],"picked":"Cold Snap","floor":27},{"not_picked":["Streamline","Steam","All For One"],"picked":"SKIP","floor":27},{"not_picked":["Compile Driver","Streamline+1"],"picked":"Coolheaded","floor":28},{"not_picked":["Leap+1","Conserve Battery","Melter"],"picked":"SKIP","floor":28},{"not_picked":["Coolheaded","Melter+1","BootSequence"],"picked":"SKIP","floor":30},{"not_picked":["Hologram","Streamline","Turbo"],"picked":"SKIP","floor":30},{"not_picked":["Sunder","Consume+1"],"picked":"Steam","floor":35},{"not_picked":["Chill+1","Compile Driver","Conserve Battery"],"picked":"SKIP","floor":35},{"not_picked":["Cold Snap","Steam+1"],"picked":"Go for the Eyes","floor":37},{"not_picked":["Self Repair+1","Darkness+1","Redo"],"picked":"SKIP","floor":37},{"not_picked":["Sweeping Beam+1","Go for the Eyes"],"picked":"Hologram+1","floor":38},{"not_picked":["Streamline","Hologram+1"],"picked":"Coolheaded+1","floor":38},{"not_picked":["Genetic Algorithm+1","Doom and Gloom","Turbo"],"picked":"SKIP","floor":41},{"not_picked":["Redo+1","Steam","White Noise"],"picked":"SKIP","floor":41},{"not_picked":["Blizzard","Recycle+1","Auto Shields+1"],"picked":"SKIP","floor":42},{"not_picked":["Recycle+1","Steam+1"],"picked":"Coolheaded+1","floor":44},{"not_picked":["Skim+1","Defragment","Loop+1"],"picked":"SKIP","floor":44},{"not_picked":["Chill","Streamline+1"],"picked":"Barrage","floor":45},{"not_picked":["Recycle+1","Beam Cell+1","Buffer"],"picked":"SKIP","floor":45}],"player_experience":322789,"relics_obtained":[{"floor":8,"key":"Prayer Wheel"},{"floor":9,"key":"Du-Vu Doll"},{"floor":13,"key":"FossilizedHelix"},{"floor":20,"key":"Enchiridion"},{"floor":26,"key":"Symbiotic Virus"},{"floor":39,"key":"Blue Candle"},{"floor":42,"key":"Ornamental Fan"},{"floor":43,"key":"Art of War"}],"event_choices":[{"damage_healed":0,"gold_gain":0,"player_choice":"Entered Light","damage_taken":15,"max_hp_gain":0,"max_hp_loss":0,"event_name":"Shining Light","floor":3,"gold_loss":0,"cards_upgraded":["Defend_B","Defend_B"]},{"damage_healed":0,"gold_gain":0,"player_choice":"Ignored","damage_taken":0,"max_hp_gain":0,"max_hp_loss":0,"event_name":"WeMeetAgain","floor":4,"gold_loss":0},{"damage_healed":0,"gold_gain":75,"player_choice":"Gather Gold","damage_taken":11,"max_hp_gain":0,"max_hp_loss":0,"event_name":"World of Goop","floor":10,"gold_loss":0},{"cards_removed":["Defend_B"],"damage_healed":0,"gold_gain":0,"player_choice":"Forget","damage_taken":0,"max_hp_gain":0,"max_hp_loss":0,"event_name":"Living Wall","floor":12,"gold_loss":0},{"cards_removed":["Strike_B"],"damage_healed":0,"gold_gain":0,"player_choice":"Gave Gold","damage_taken":0,"max_hp_gain":0,"max_hp_loss":0,"event_name":"Beggar","floor":19,"gold_loss":75},{"damage_healed":0,"gold_gain":0,"player_choice":"Obtained Book","damage_taken":16,"max_hp_gain":0,"max_hp_loss":0,"event_name":"Cursed Tome","floor":20,"gold_loss":0},{"damage_healed":0,"gold_gain":0,"player_choice":"Became a vampire","damage_taken":0,"max_hp_gain":0,"max_hp_loss":23,"event_name":"Vampires","floor":21,"gold_loss":0,"cards_obtained":["Bite","Bite","Bite","Bite","Bite"]},{"damage_healed":0,"gold_gain":0,"player_choice":"Ignored","damage_taken":0,"max_hp_gain":0,"max_hp_loss":0,"event_name":"Ghosts","floor":22,"gold_loss":0},{"cards_removed":["Steam"],"damage_healed":0,"gold_gain":0,"player_choice":"Removed Skill","damage_taken":0,"max_hp_gain":0,"max_hp_loss":0,"event_name":"Falling","floor":48,"gold_loss":0}],"is_beta":false,"boss_relics":[{"not_picked":["Ectoplasm","Tiny House"],"picked":"Inserter"},{"not_picked":["Nuclear Battery","Snecko Eye"],"picked":"Philosopher\u0027s Stone"}],"items_purged_floors":[2,36,47],"is_endless":false,"potions_floor_spawned":[7,8,16,18,28,38,44,45],"ascension_level":1}