{"gold_per_floor":[19,29,29,45,45,78,78,94,94,94,94,27,27,51,51,180,243,264,302,217,237,162,162,162,162,162,162,162],"floor_reached":28,"playtime":1143,"items_purged":["Defend_B"],"score":225,"play_id":"72dd04ae-af32-48d7-8017-bd20248f10bf","local_time":"20190628204148","is_ascension_mode":true,"campfire_choices":[{"floor":7,"key":"REST"},{"data":"White Noise","floor":15,"key":"SMITH"},{"floor":23,"key":"REST"},{"data":"Storm","floor":25,"key":"SMITH"},{"floor":27,"key":"RECALL"}],"neow_cost":"NO_GOLD","seed_source_timestamp":13892367956767,"circlet_count":0,"master_deck":["Strike_B+1","Strike_B","Defend_B+1","Defend_B","Defend_B","Zap+1","Dualcast","Storm+1","Barrage","Hello World+1","Ball Lightning","Rebound","White Noise+1","Biased Cognition","All For One","Gash","Ball Lightning","Double Energy+1","Beam Cell+1","Biased Cognition+1"],"relics":["Cracked Core","Golden Idol","Boot","Omamori","Tiny House","Red Mask","Frozen Egg 2","Ornamental Fan"],"potions_floor_usage":[21,28],"damage_taken":[{"damage":0,"enemies":"Cultist","floor":1,"turns":4},{"damage":1,"enemies":"Jaw Worm","floor":2,"turns":4},{"damage":0,"enemies":"2 Louse","floor":4,"turns":3},{"damage":21,"enemies":"3 Sentries","floor":6,"turns":10},{"damage":19,"enemies":"Blue Slaver","floor":8,"turns":3},{"damage":0,"enemies":"2 Fungi Beasts","floor":14,"turns":2},{"damage":30,"enemies":"Hexaghost","floor":16,"turns":6},{"damage":28,"enemies":"3 Byrds","floor":18,"turns":4},{"damage":41,"enemies":"Masked Bandits","floor":19,"turns":4},{"damage":13,"enemies":"Shell Parasite","floor":21,"turns":3},{"damage":34,"enemies":"Slavers","floor":28,"turns":2}],"seed_played":"4718942709461261171","potions_obtained":[{"floor":1,"key":"Ancient Potion"},{"floor":8,"key":"FocusPotion"},{"floor":16,"key":"Ancient Potion"},{"floor":17,"key":"Fruit Juice"}],"is_trial":false,"path_per_floor":["M","M","?","M","$","E","R","M","T","?","?","$","?","M","R","B",null,"M","?","?","M","$","R","?","R","T","R","E"],"character_chosen":"DEFECT","items_purchased":["White Noise"],"campfire_rested":2,"item_purchase_floors":[12],"current_hp_per_floor":[75,74,56,56,56,35,57,38,38,38,23,23,41,41,41,11,80,52,11,11,3,3,28,28,28,28,28,0],"gold":162,"neow_bonus":"REMOVE_TWO","is_prod":false,"is_daily":false,"chose_seed":false,"campfire_upgraded":2,"win_rate":0,"timestamp":1561722108,"path_taken":["M","M","?","M","$","E","R","M","T","?","?","?","?","M","R","BOSS","M","?","?","M","$","R","?","R","T","R","E"],"build_version":"2019-01-23","purchased_purges":1,"victory":false,"max_hp_per_floor":[75,75,75,75,75,75,75,75,75,75,75,75,75,75,75,75,80,80,80,80,85,85,85,85,85,85,85,85],"card_choices":[{"not_picked":["Rip and Tear","Compile Driver"],"picked":"Storm","floor":1},{"not_picked":["Tempest","Coolheaded"],"picked":"Barrage","floor":2},{"not_picked":["Lockon","Rip and Tear"],"picked":"Hello World","floor":4},{"not_picked":["Cold Snap","Sunder"],"picked":"Ball Lightning","floor":6},{"not_picked":["Melter","Stack"],"picked":"Rebound","floor":8},{"not_picked":["Ball Lightning","Conserve Battery"],"picked":"Biased Cognition","floor":14},{"not_picked":["Seek","Rainbow"],"picked":"All For One","floor":16},{"not_picked":["Cold Snap","Steam"],"picked":"Gash","floor":17},{"not_picked":["Leap","Rebound"],"picked":"Ball Lightning","floor":18},{"not_picked":["Leap","Go for the Eyes"],"picked":"Double Energy+1","floor":19},{"not_picked":["Gash+1","Chaos"],"picked":"Beam Cell+1","floor":21}],"player_experience":50574,"relics_obtained":[{"floor":6,"key":"Boot"},{"floor":9,"key":"Omamori"},{"floor":19,"key":"Red Mask"},{"floor":26,"key":"Ornamental Fan"}],"event_choices":[{"damage_healed":0,"gold_gain":0,"player_choice":"Take Damage","damage_taken":18,"relics_obtained":["Golden Idol"],"max_hp_gain":0,"max_hp_loss":0,"event_name":"Golden Idol","floor":3,"gold_loss":0},{"damage_healed":0,"gold_gain":0,"player_choice":"Grow","damage_taken":0,"max_hp_gain":0,"max_hp_loss":0,"event_name":"Living Wall","floor":10,"gold_loss":0,"cards_upgraded":["Zap"]},{"damage_healed":0,"gold_gain":0,"player_choice":"Entered Light","damage_taken":15,"max_hp_gain":0,"max_hp_loss":0,"event_name":"Shining Light","floor":11,"gold_loss":0,"cards_upgraded":["Strike_B","Hello World"]},{"damage_healed":18,"gold_gain":0,"player_choice":"Healed and dodged fight","damage_taken":0,"max_hp_gain":0,"max_hp_loss":0,"event_name":"Mushrooms","floor":13,"gold_loss":0,"cards_obtained":["Parasite"]},{"damage_healed":0,"gold_gain":0,"player_choice":"Fought Bandits","damage_taken":0,"max_hp_gain":0,"max_hp_loss":0,"event_name":"Masked Bandits","floor":19,"gold_loss":0},{"damage_healed":0,"gold_gain":0,"player_choice":"Obtained Relic","damage_taken":0,"relics_obtained":["Frozen Egg 2"],"max_hp_gain":0,"max_hp_loss":0,"event_name":"Addict","floor":20,"gold_loss":85},{"damage_healed":0,"gold_gain":0,"player_choice":"Copied","damage_taken":0,"max_hp_gain":0,"max_hp_loss":0,"event_name":"Duplicator","floor":24,"gold_loss":0,"cards_obtained":["Biased Cognition"]}],"is_beta":false,"boss_relics":[{"not_picked":["FrozenCore","Sozu"],"picked":"Tiny House"}],"items_purged_floors":[22],"is_endless":false,"potions_floor_spawned":[1,8,16],"killed_by":"Slavers","ascension_level":1}