{"gold_per_floor":[117,117,67,77,42,67,67,99,99,117,146,166,17,27,27,125,125,138,9,19,37,51,51,51,86,86,111,111,137,172,187,187,292,292,310,89,103,119,138,138,138,138,138,138,138,154,53,64,64,64],"floor_reached":50,"playtime":3327,"items_purged":["Strike_R","Shame","Strike_R"],"score":649,"play_id":"1d064d5f-068c-4c5f-96dd-c3ef0b1f63bb","local_time":"20190811005310","is_ascension_mode":true,"campfire_choices":[{"data":"Armaments","floor":7,"key":"SMITH"},{"data":"Body Slam","floor":15,"key":"SMITH"},{"data":"Body Slam","floor":23,"key":"SMITH"},{"floor":28,"key":"REST"},{"data":"Juggernaut","floor":32,"key":"SMITH"},{"data":"1","floor":40,"key":"LIFT"},{"floor":42,"key":"REST"},{"floor":49,"key":"REST"}],"neow_cost":"NONE","seed_source_timestamp":19932935454626,"circlet_count":0,"master_deck":["Strike_R","Defend_R","Defend_R","Defend_R","Defend_R","Bash","Body Slam+1","Ghostly Armor","Armaments+1","Shrug It Off","Juggernaut+1","Shrug It Off","Body Slam+1","Power Through+1","Shrug It Off","Body Slam+1","Barricade","Master of Strategy","Finesse","Master of Strategy","Body Slam+1"],"relics":["Burning Blood","NeowsBlessing","Meat on the Bone","Smiling Mask","Pantograph","Strawberry","Black Star","Regal Pillow","WingedGreaves","Omamori","Kunai","Self Forming Clay","Ornamental Fan","Blue Candle","Orichalcum","Boot","Calling Bell","Girya","Darkstone Periapt","Happy Flower","Molten Egg 2"],"potions_floor_usage":[8,11,22,25,27,33,33,46,50,50],"damage_taken":[{"damage":0,"enemies":"Small Slimes","floor":1,"turns":1},{"damage":0,"enemies":"2 Louse","floor":4,"turns":1},{"damage":0,"enemies":"Gremlin Nob","floor":6,"turns":1},{"damage":24,"enemies":"Lagavulin","floor":8,"turns":7},{"damage":3,"enemies":"Jaw Worm","floor":10,"turns":4},{"damage":42,"enemies":"Gremlin Nob","floor":11,"turns":5},{"damage":1,"enemies":"Red Slaver","floor":12,"turns":4},{"damage":16,"enemies":"Gremlin Gang","floor":14,"turns":8},{"damage":42,"enemies":"Hexaghost","floor":16,"turns":14},{"damage":9,"enemies":"Shell Parasite","floor":18,"turns":5},{"damage":12,"enemies":"2 Thieves","floor":20,"turns":3},{"damage":7,"enemies":"3 Cultists","floor":21,"turns":6},{"damage":7,"enemies":"Centurion and Healer","floor":22,"turns":11},{"damage":41,"enemies":"Gremlin Leader","floor":25,"turns":9},{"damage":45,"enemies":"Slavers","floor":27,"turns":9},{"damage":7,"enemies":"Book of Stabbing","floor":29,"turns":4},{"damage":33,"enemies":"Gremlin Leader","floor":30,"turns":7},{"damage":10,"enemies":"Cultist and Chosen","floor":31,"turns":7},{"damage":47,"enemies":"Champ","floor":33,"turns":10},{"damage":21,"enemies":"3 Darklings","floor":35,"turns":7},{"damage":7,"enemies":"3 Shapes","floor":37,"turns":7},{"damage":6,"enemies":"Sphere and 2 Shapes","floor":38,"turns":8},{"damage":0,"enemies":"4 Shapes","floor":39,"turns":6},{"damage":15,"enemies":"Maw","floor":46,"turns":6},{"damage":8,"enemies":"Spire Growth","floor":48,"turns":3},{"damage":90,"enemies":"Donu and Deca","floor":50,"turns":8}],"seed_played":"-6280218154970556568","potions_obtained":[{"floor":1,"key":"BloodPotion"},{"floor":4,"key":"SkillPotion"},{"floor":6,"key":"Block Potion"},{"floor":14,"key":"Fire Potion"},{"floor":16,"key":"SpeedPotion"},{"floor":22,"key":"Poison Potion"},{"floor":24,"key":"Weak Potion"},{"floor":27,"key":"EssenceOfSteel"},{"floor":30,"key":"Energy Potion"},{"floor":37,"key":"PowerPotion"},{"floor":38,"key":"AttackPotion"}],"is_trial":false,"path_per_floor":["M","?","?","M","$","E","R","E","T","M","E","M","$","M","R","B",null,"M","$","M","M","M","R","?","E","T","E","R","E","E","M","R","B",null,"M","$","M","M","M","R","?","R","T","?","$","M","$","M","R","B"],"character_chosen":"IRONCLAD","items_purchased":["Ghostly Armor","Juggernaut","Shrug It Off","Body Slam","Master of Strategy","Energy Potion"],"campfire_rested":3,"item_purchase_floors":[5,13,19,19,36,47],"current_hp_per_floor":[80,73,73,79,79,80,80,62,62,65,48,53,53,55,55,56,87,84,84,78,77,76,76,76,53,53,47,87,86,59,55,55,51,87,72,72,71,71,77,77,67,87,87,83,83,74,74,72,83,0],"gold":64,"neow_bonus":"THREE_ENEMY_KILL","is_prod":false,"is_daily":false,"chose_seed":false,"campfire_upgraded":4,"win_rate":0,"timestamp":1565499190,"path_taken":["M","?","?","?","?","E","R","E","T","M","E","?","$","M","R","BOSS","M","$","?","M","M","R","?","E","T","E","R","E","E","M","R","BOSS","M","$","M","?","M","R","?","R","T","?","?","?","$","M","R","BOSS"],"build_version":"2019-07-17","purchased_purges":3,"victory":false,"max_hp_per_floor":[80,80,80,80,80,80,80,80,80,80,87,87,87,87,87,87,87,87,87,87,87,87,87,87,87,87,87,87,87,87,87,87,87,87,87,87,87,87,87,87,87,87,87,83,83,83,83,83,83,83],"card_choices":[{"not_picked":["Uppercut","Armaments","Havoc"],"picked":"SKIP","floor":1},{"not_picked":["Sword Boomerang","Heavy Blade"],"picked":"Body Slam","floor":4},{"not_picked":["Twin Strike","Body Slam"],"picked":"Armaments","floor":6},{"not_picked":["Cleave","Fiend Fire"],"picked":"Shrug It Off","floor":8},{"not_picked":["Havoc","Pommel Strike","Clash"],"picked":"SKIP","floor":10},{"not_picked":["Reckless Charge","Twin Strike","Uppercut"],"picked":"SKIP","floor":11},{"not_picked":["Cleave","Shockwave","Sentinel"],"picked":"SKIP","floor":12},{"not_picked":["Wild Strike","Rage","Havoc"],"picked":"SKIP","floor":14},{"not_picked":["Burning Pact","Sword Boomerang+1","Havoc"],"picked":"SKIP","floor":18},{"not_picked":["Armaments+1","Clothesline","True Grit"],"picked":"SKIP","floor":20},{"not_picked":["Armaments","Cleave"],"picked":"Power Through+1","floor":21},{"not_picked":["Havoc","Headbutt+1","Heavy Blade"],"picked":"SKIP","floor":22},{"not_picked":["Thunderclap","Hemokinesis"],"picked":"Shrug It Off","floor":25},{"not_picked":["Battle Trance","Warcry+1"],"picked":"Body Slam+1","floor":27},{"not_picked":["Sever Soul+1","Rampage","Feel No Pain+1"],"picked":"SKIP","floor":29},{"not_picked":["Shockwave","Rage","Armaments"],"picked":"SKIP","floor":30},{"not_picked":["Whirlwind+1","Spot Weakness","Rupture"],"picked":"SKIP","floor":31},{"not_picked":["Dark Embrace","Double Tap"],"picked":"Barricade","floor":33},{"not_picked":["Spot Weakness","Body Slam","Headbutt+1"],"picked":"SKIP","floor":35},{"not_picked":["Clash+1","Headbutt+1","Iron Wave+1"],"picked":"SKIP","floor":37},{"not_picked":["Anger","Combust+1","Perfected Strike"],"picked":"SKIP","floor":38},{"not_picked":["Exhume","Spot Weakness+1","Headbutt"],"picked":"SKIP","floor":39},{"not_picked":["Madness","Flash of Steel"],"picked":"Finesse","floor":41},{"not_picked":["Madness","Sadistic Nature"],"picked":"Master of Strategy","floor":41},{"not_picked":["Intimidate","Pommel Strike+1"],"picked":"Body Slam+1","floor":46},{"not_picked":["Feel No Pain","Clash+1","Flex+1"],"picked":"SKIP","floor":48}],"player_experience":162399,"relics_obtained":[{"floor":6,"key":"Meat on the Bone"},{"floor":8,"key":"Smiling Mask"},{"floor":9,"key":"Pantograph"},{"floor":11,"key":"Strawberry"},{"floor":25,"key":"Regal Pillow"},{"floor":25,"key":"WingedGreaves"},{"floor":26,"key":"Omamori"},{"floor":27,"key":"Kunai"},{"floor":27,"key":"Self Forming Clay"},{"floor":29,"key":"Ornamental Fan"},{"floor":29,"key":"Blue Candle"},{"floor":30,"key":"Orichalcum"},{"floor":30,"key":"Boot"},{"floor":34,"key":"Girya"},{"floor":34,"key":"Darkstone Periapt"},{"floor":34,"key":"Happy Flower"},{"floor":43,"key":"Molten Egg 2"}],"event_choices":[{"cards_removed":["Strike_R"],"damage_healed":0,"gold_gain":0,"player_choice":"Card Removal","damage_taken":7,"max_hp_gain":0,"max_hp_loss":0,"event_name":"Golden Wing","floor":2,"gold_loss":0},{"cards_removed":["Strike_R"],"damage_healed":0,"gold_gain":0,"player_choice":"Card Removal","damage_taken":0,"max_hp_gain":0,"max_hp_loss":0,"event_name":"The Cleric","floor":3,"gold_loss":50},{"damage_healed":0,"gold_gain":0,"player_choice":"Got Potions","damage_taken":0,"max_hp_gain":0,"max_hp_loss":0,"event_name":"Lab","floor":24,"gold_loss":0},{"damage_healed":0,"gold_gain":0,"player_choice":"Memory 3","damage_taken":10,"max_hp_gain":0,"max_hp_loss":0,"event_name":"SensoryStone","floor":41,"gold_loss":0},{"damage_healed":0,"gold_gain":0,"player_choice":"Max HP","damage_taken":0,"max_hp_gain":0,"max_hp_loss":4,"event_name":"Winding Halls","floor":44,"gold_loss":0}],"is_beta":false,"boss_relics":[{"not_picked":["Eternal Feather","Lizard Tail"],"picked":"Black Star"},{"not_picked":["Black Blood","Runic Pyramid"],"picked":"Calling Bell"}],"items_purged_floors":[19,36,47],"is_endless":false,"potions_floor_spawned":[1,4,6,14,16,21,22,27,30,31,37,38],"killed_by":"Donu and Deca","ascension_level":2}