{"gold_per_floor":[116,127,26,46,59,59,87,87,168,180,208,208,13,13,13,88,88,88,38,38,38,38,38,38],"floor_reached":24,"playtime":819,"items_purged":["Strike_B","Strike_B"],"score":408,"play_id":"eea15500-45af-44bc-a1fb-a2da4638baf5","local_time":"20190610192231","is_ascension_mode":true,"campfire_choices":[{"data":"Coolheaded","floor":6.0,"key":"SMITH"},{"floor":12.0,"key":"REST"},{"data":"Chaos","floor":15.0,"key":"SMITH"},{"floor":23,"key":"REST"}],"neow_cost":"NONE","seed_source_timestamp":3145833240928,"circlet_count":0,"master_deck":["AscendersBane","Strike_B","Strike_B","Defend_B","Defend_B","Defend_B","Defend_B","Zap","Dualcast","Ball Lightning","Coolheaded","Coolheaded+1","Genetic Algorithm","Hologram","Chaos+1","Steam","Genetic Algorithm","Buffer+1","Hologram","Creative AI","Auto Shields"],"special_seed":0,"relics":["Cracked Core","Smiling Mask","Pocketwatch","Molten Egg 2","Centennial Puzzle","NlothsMask","Ectoplasm"],"potions_floor_usage":[24],"damage_taken":[{"damage":4.0,"enemies":"Jaw Worm","floor":1.0,"turns":4.0},{"damage":0.0,"enemies":"Cultist","floor":2.0,"turns":3.0},{"damage":7.0,"enemies":"Small Slimes","floor":4.0,"turns":3.0},{"damage":1.0,"enemies":"Blue Slaver","floor":5.0,"turns":4.0},{"damage":25.0,"enemies":"Lagavulin","floor":7.0,"turns":9.0},{"damage":2.0,"enemies":"Looter","floor":10.0,"turns":5.0},{"damage":15.0,"enemies":"3 Sentries","floor":11.0,"turns":9.0},{"damage":1.0,"enemies":"The Guardian","floor":16.0,"turns":14.0},{"damage":17,"enemies":"Chosen","floor":18,"turns":5},{"damage":21,"enemies":"3 Byrds","floor":22,"turns":4},{"damage":49,"enemies":"Slavers","floor":24,"turns":4}],"seed_played":"7335335136861374863","potions_obtained":[{"floor":5.0,"key":"Swift Potion"},{"floor":7.0,"key":"SkillPotion"},{"floor":8.0,"key":"Dexterity Potion"},{"floor":8.0,"key":"Strength Potion"},{"floor":11.0,"key":"FocusPotion"}],"is_trial":false,"path_per_floor":["M","M","$","M","M","R","E","?","T","M","E","R","$","?","R","B",null,"M","$","$","?","M","R","E"],"character_chosen":"DEFECT","items_purchased":["Coolheaded","Buffer","Hologram"],"campfire_rested":2,"item_purchase_floors":[3,13,13],"current_hp_per_floor":[60,60,60,53,52,52,27,27,27,25,10,31,31,31,31,30,61,44,44,44,44,23,44,0],"gold":38,"neow_bonus":"RANDOM_COMMON_RELIC","is_prod":false,"is_daily":false,"chose_seed":false,"campfire_upgraded":2,"win_rate":0,"timestamp":1560187351,"path_taken":["M","M","$","M","M","R","E","?","T","?","E","R","$","?","R","BOSS","M","?","$","?","?","R","E"],"build_version":"2019-06-07","purchased_purges":2,"victory":false,"max_hp_per_floor":[71,71,71,71,71,71,71,71,71,71,71,71,71,71,71,71,71,71,71,71,71,71,71,71],"card_choices":[{"not_picked":["Turbo","Stack"],"picked":"Ball Lightning","floor":1.0},{"not_picked":["Barrage","Leap"],"picked":"Coolheaded","floor":2.0},{"not_picked":["Cold Snap","Ball Lightning"],"picked":"Genetic Algorithm","floor":4.0},{"not_picked":["Rebound","Redo"],"picked":"Hologram","floor":5.0},{"not_picked":["Darkness","Consume"],"picked":"Chaos","floor":7.0},{"not_picked":["Machine Learning","Tempest"],"picked":"Steam","floor":10.0},{"not_picked":["Streamline+1","Chaos"],"picked":"Genetic Algorithm","floor":11.0},{"not_picked":["Rainbow","Fission"],"picked":"Creative AI","floor":16.0},{"not_picked":["Consume","Streamline+1"],"picked":"Auto Shields","floor":18},{"not_picked":["Static Discharge","Redo","Streamline+1"],"picked":"SKIP","floor":22}],"player_experience":1704456,"relics_obtained":[{"floor":7.0,"key":"Pocketwatch"},{"floor":9.0,"key":"Molten Egg 2"},{"floor":11.0,"key":"Centennial Puzzle"}],"event_choices":[{"damage_healed":0.0,"max_hp_gain":0.0,"max_hp_loss":0.0,"gold_gain":0.0,"event_name":"Lab","player_choice":"Got Potions","floor":8.0,"gold_loss":0.0,"damage_taken":0.0},{"damage_healed":0.0,"max_hp_gain":0.0,"max_hp_loss":0.0,"gold_gain":0.0,"event_name":"FaceTrader","player_choice":"Trade","floor":14.0,"gold_loss":0.0,"damage_taken":0.0,"relics_obtained":["NlothsMask"]},{"damage_healed":0,"gold_gain":0,"player_choice":"Upgraded","damage_taken":0,"max_hp_gain":0,"max_hp_loss":0,"event_name":"Upgrade Shrine","floor":21,"gold_loss":0,"cards_upgraded":["Buffer"]}],"is_beta":true,"boss_relics":[{"not_picked":["Lizard Tail","Snecko Eye"],"picked":"Ectoplasm"}],"items_purged_floors":[3,19],"is_endless":false,"potions_floor_spawned":[5,7,11,16,18],"killed_by":"Slavers","ascension_level":20}