{"gold_per_floor":[112,112,127,147,147,177,177,140,166,241,24,56,76,114,114,211,211,209,209,2,2,33,62,113,184,208,22,22,50,50,50,50,145,145,157,1156,1173,641,691,749,749,806,829,829,879,891,891,933,933,983,983,983,983,102,177,177],"floor_reached":56,"playtime":7701,"items_purged":["Bite","Bite"],"score":2182,"play_id":"6cb11365-b357-4ba0-bfe6-3b7ae38bdbe1","local_time":"20190725182949","is_ascension_mode":true,"campfire_choices":[{"data":"Deadly Poison","floor":7.0,"key":"SMITH"},{"data":"Wraith Form v2","floor":15.0,"key":"SMITH"},{"data":"Malaise","floor":30.0,"key":"SMITH"},{"floor":32.0,"key":"REST"},{"floor":41.0,"key":"RECALL"},{"data":"Night Terror","floor":49.0,"key":"SMITH"},{"data":"Well Laid Plans","floor":53.0,"key":"SMITH"}],"neow_cost":"NONE","seed_source_timestamp":494583584212489,"circlet_count":0,"master_deck":["AscendersBane","Defend_G+1","Defend_G+1","Defend_G+1","Defend_G+1","Defend_G+1","Survivor","Neutralize","Deadly Poison+1","Neutralize+1","Backstab","PiercingWail","Well Laid Plans+1","Dash","HandOfGreed+1","Wraith Form v2+1","Poisoned Stab","Flechettes","Adrenaline","Well Laid Plans","Blur","PiercingWail","Cloak And Dagger","Escape Plan+1","Poisoned Stab","Bite","Bite","Bite","Malaise+1","Night Terror+1","PiercingWail+1","Backflip","Leg Sweep+1","Crippling Poison+1","PiercingWail+1","Doppelganger+1","Master of Strategy+1","Deflect+1","Leg Sweep+1"],"special_seed":0,"relics":["Ring of the Snake","NeowsBlessing","Pear","Omamori","Boot","Black Star","MutagenicStrength","Oddly Smooth Stone","Juzu Bracelet","Regal Pillow","Du-Vu Doll","Mercury Hourglass","Happy Flower","Pen Nib","Lantern","Dodecahedron","Velvet Choker","Whetstone","Blood Vial","Toxic Egg 2","Question Card","Darkstone Periapt","Ancient Tea Set","Orichalcum","Frozen Egg 2","Anchor","Centennial Puzzle","TwistedFunnel","Strawberry","Vajra"],"potions_floor_usage":[56],"damage_taken":[{"damage":0.0,"enemies":"Small Slimes","floor":1.0,"turns":1.0},{"damage":0.0,"enemies":"Cultist","floor":3.0,"turns":1.0},{"damage":0.0,"enemies":"2 Louse","floor":4.0,"turns":1.0},{"damage":40.0,"enemies":"3 Sentries","floor":6.0,"turns":15.0},{"damage":4.0,"enemies":"Exordium Wildlife","floor":12.0,"turns":5.0},{"damage":1.0,"enemies":"3 Louse","floor":13.0,"turns":3.0},{"damage":2.0,"enemies":"2 Fungi Beasts","floor":14.0,"turns":4.0},{"damage":0.0,"enemies":"Hexaghost","floor":16.0,"turns":11.0},{"damage":5.0,"enemies":"2 Thieves","floor":18.0,"turns":4.0},{"damage":3.0,"enemies":"3 Byrds","floor":22.0,"turns":6.0},{"damage":4.0,"enemies":"Book of Stabbing","floor":23.0,"turns":7.0},{"damage":6.0,"enemies":"Shelled Parasite and Fungi","floor":24.0,"turns":6.0},{"damage":26.0,"enemies":"Slavers","floor":25.0,"turns":8.0},{"damage":11.0,"enemies":"Book of Stabbing","floor":29.0,"turns":6.0},{"damage":25.0,"enemies":"Automaton","floor":33.0,"turns":15.0},{"damage":1.0,"enemies":"Orb Walker","floor":35.0,"turns":3.0},{"damage":18.0,"enemies":"3 Darklings","floor":37.0,"turns":9.0},{"damage":4.0,"enemies":"Giant Head","floor":40.0,"turns":13.0},{"damage":7.0,"enemies":"Reptomancer","floor":42.0,"turns":8.0},{"damage":2.0,"enemies":"Nemesis","floor":45.0,"turns":9.0},{"damage":32.0,"enemies":"Spire Growth","floor":46.0,"turns":8.0},{"damage":0.0,"enemies":"Writhing Mass","floor":48.0,"turns":11.0},{"damage":60.0,"enemies":"Awakened One","floor":50.0,"turns":29.0},{"damage":25.0,"enemies":"Donu and Deca","floor":51.0,"turns":17.0},{"damage":43.0,"enemies":"Shield and Spear","floor":55.0,"turns":15.0},{"damage":30,"enemies":"The Heart","floor":56,"turns":3}],"seed_played":"-3453394882427714582","potions_obtained":[{"floor":1.0,"key":"SneckoOil"},{"floor":3.0,"key":"EntropicBrew"},{"floor":6.0,"key":"GhostInAJar"},{"floor":18.0,"key":"PowerPotion"},{"floor":23.0,"key":"Regen Potion"},{"floor":29.0,"key":"PowerPotion"},{"floor":33.0,"key":"Explosive Potion"},{"floor":40.0,"key":"Weak Potion"},{"floor":42.0,"key":"Energy Potion"}],"is_trial":false,"path_per_floor":["M","?","M","M","T","E","R","$","T","?","$","M","M","M","R","B",null,"M","?","$","?","M","E","M","E","T","$","?","E","R","T","R","B",null,"M","?","M","$","?","E","R","E","T","?","E","M","?","M","R","B","B",null,"R","$","E","B"],"character_chosen":"THE_SILENT","items_purchased":["Dash","HandOfGreed","Oddly Smooth Stone","Blur","Happy Flower","Poisoned Stab","EntropicBrew","Whetstone","Blood Vial","Backflip","Centennial Puzzle","Regen Potion","Weak Potion","Master of Strategy+1","Deflect+1","TwistedFunnel"],"campfire_rested":1,"item_purchase_floors":[8,11,20,20,27,27,38,38,38,38,54,54,54,54,54,54],"current_hp_per_floor":[59,59,59,59,69,29,29,29,29,18,18,14,13,11,11,11,60,55,55,55,55,52,48,42,31,31,31,31,28,28,28,53,43,51,53,53,52,52,52,53,53,49,49,49,53,25,25,45,45,27,24,46,46,46,20,0],"gold":177,"neow_bonus":"THREE_ENEMY_KILL","is_prod":false,"is_daily":false,"chose_seed":false,"campfire_upgraded":5,"win_rate":0,"timestamp":1564068589,"path_taken":["M","?","?","M","?","E","R","$","T","?","$","M","M","M","R","BOSS","M","?","$","?","M","E","M","E","T","?","?","E","R","?","R","BOSS","M","?","M","$","?","E","R","E","T","?","E","M","?","M","R","BOSS","BOSS","R","$","E","BOSS"],"build_version":"2019-07-17","purchased_purges":2,"victory":false,"max_hp_per_floor":[66,66,66,66,76,76,76,76,76,76,76,76,76,76,76,76,76,76,76,76,76,76,76,76,76,76,76,53,53,53,53,53,53,53,53,53,53,53,53,53,53,53,53,53,53,53,53,53,53,53,53,53,53,53,60,60],"card_choices":[{"not_picked":["Underhanded Strike","Sucker Punch"],"picked":"Deadly Poison","floor":1.0},{"not_picked":["Acrobatics","Bane"],"picked":"Backstab","floor":3.0},{"not_picked":["Dagger Throw","Acrobatics"],"picked":"PiercingWail","floor":4.0},{"not_picked":["PiercingWail","Sucker Punch"],"picked":"Well Laid Plans","floor":6.0},{"not_picked":["Predator","Dagger Spray"],"picked":"Wraith Form v2","floor":12.0},{"not_picked":["Deflect","Bane"],"picked":"Poisoned Stab","floor":13.0},{"not_picked":["Quick Slash","Envenom"],"picked":"Flechettes","floor":14.0},{"not_picked":["Unload","Storm of Steel"],"picked":"Adrenaline","floor":16.0},{"not_picked":["Tactician","Slice"],"picked":"Well Laid Plans","floor":18.0},{"not_picked":["Concentrate","Expertise"],"picked":"PiercingWail","floor":22.0},{"not_picked":["Prepared","Expertise","Bane+1"],"picked":"SKIP","floor":23.0},{"not_picked":["Slice","Expertise"],"picked":"Cloak And Dagger","floor":24.0},{"not_picked":["Underhanded Strike","Flechettes"],"picked":"Escape Plan+1","floor":25.0},{"not_picked":["Deadly Poison","Quick Slash"],"picked":"Malaise","floor":29.0},{"not_picked":["A Thousand Cuts","After Image"],"picked":"Night Terror","floor":33.0},{"not_picked":["Poisoned Stab","Deflect+1"],"picked":"PiercingWail+1","floor":35.0},{"not_picked":["Skewer","Deflect","Sucker Punch+1"],"picked":"SKIP","floor":37.0},{"not_picked":["Envenom","Poisoned Stab"],"picked":"Leg Sweep","floor":40.0},{"not_picked":["Sucker Punch","Cloak And Dagger+1","Bane"],"picked":"Crippling Poison+1","floor":42.0},{"not_picked":["Heel Hook","Flying Knee","Quick Slash","Sucker Punch"],"picked":"SKIP","floor":45.0},{"not_picked":["Escape Plan+1","Flying Knee+1","Deadly Poison+1"],"picked":"PiercingWail+1","floor":46.0},{"not_picked":["Skewer","Blade Dance+1","Prepared+1"],"picked":"Doppelganger+1","floor":48.0},{"not_picked":["Poisoned Stab","Masterful Stab","Reflex+1"],"picked":"Leg Sweep+1","floor":55.0}],"player_experience":977258,"relics_obtained":[{"floor":5.0,"key":"Pear"},{"floor":6.0,"key":"Omamori"},{"floor":9.0,"key":"Boot"},{"floor":23.0,"key":"Juzu Bracelet"},{"floor":23.0,"key":"Regal Pillow"},{"floor":25.0,"key":"Du-Vu Doll"},{"floor":25.0,"key":"Mercury Hourglass"},{"floor":29.0,"key":"Pen Nib"},{"floor":29.0,"key":"Lantern"},{"floor":31.0,"key":"Dodecahedron"},{"floor":40.0,"key":"Toxic Egg 2"},{"floor":40.0,"key":"Question Card"},{"floor":42.0,"key":"Darkstone Periapt"},{"floor":42.0,"key":"Ancient Tea Set"},{"floor":43.0,"key":"Orichalcum"},{"floor":45.0,"key":"Frozen Egg 2"},{"floor":45.0,"key":"Anchor"},{"floor":55.0,"key":"Strawberry"},{"floor":55.0,"key":"Vajra"}],"event_choices":[{"damage_healed":0.0,"max_hp_gain":0.0,"max_hp_loss":0.0,"gold_gain":0.0,"event_name":"Match and Keep!","player_choice":"1 cards matched","floor":2.0,"gold_loss":0.0,"damage_taken":0.0,"cards_obtained":["Neutralize"]},{"damage_healed":0.0,"max_hp_gain":0.0,"max_hp_loss":0.0,"gold_gain":75.0,"event_name":"World of Goop","player_choice":"Gather Gold","floor":10.0,"gold_loss":0.0,"damage_taken":11.0},{"damage_healed":0.0,"max_hp_gain":0.0,"max_hp_loss":0.0,"gold_gain":0.0,"event_name":"Drug Dealer","player_choice":"Inject Mutagens","floor":19.0,"gold_loss":0.0,"damage_taken":0.0,"relics_obtained":["MutagenicStrength"]},{"damage_healed":0.0,"max_hp_gain":0.0,"max_hp_loss":0.0,"gold_gain":0.0,"event_name":"Back to Basics","player_choice":"Simplicity","floor":21.0,"gold_loss":0.0,"damage_taken":0.0,"cards_upgraded":["Strike_G","Strike_G","Strike_G","Strike_G","Strike_G","Defend_G","Defend_G","Defend_G","Defend_G","Defend_G"]},{"damage_healed":0.0,"max_hp_gain":0.0,"max_hp_loss":23.0,"gold_gain":0.0,"event_name":"Vampires","player_choice":"Became a vampire","floor":28.0,"gold_loss":0.0,"damage_taken":0.0,"cards_obtained":["Bite","Bite","Bite","Bite","Bite"]},{"damage_healed":0.0,"max_hp_gain":0.0,"max_hp_loss":0.0,"gold_gain":999.0,"event_name":"MindBloom","player_choice":"Gold","floor":36.0,"gold_loss":0.0,"damage_taken":0.0,"cards_obtained":["Normality","Normality"]},{"damage_healed":0.0,"max_hp_gain":0.0,"max_hp_loss":0.0,"gold_gain":50.0,"event_name":"Golden Shrine","player_choice":"Pray","floor":39.0,"gold_loss":0.0,"damage_taken":0.0},{"damage_healed":0.0,"max_hp_gain":0.0,"max_hp_loss":0.0,"gold_gain":0.0,"event_name":"Tomb of Lord Red Mask","player_choice":"Ignored","floor":44.0,"gold_loss":0.0,"damage_taken":0.0},{"damage_healed":0.0,"max_hp_gain":0.0,"max_hp_loss":0.0,"gold_gain":0.0,"event_name":"SecretPortal","player_choice":"Ignored","floor":47.0,"gold_loss":0.0,"damage_taken":0.0}],"is_beta":false,"boss_relics":[{"not_picked":["Busted Crown","Calling Bell"],"picked":"Black Star"},{"not_picked":["Orrery","Lizard Tail"],"picked":"Velvet Choker"}],"items_purged_floors":[38,54],"is_endless":false,"potions_floor_spawned":[1,3,6,14,18,23,29,33,40,42],"killed_by":"The Heart","ascension_level":20}