{"gold_per_floor":[116,116,131,3,16,16,44,58,58,34,67,67,84,116,116,193,193,213,35,47,62,62,62,90,90,142,142,174,14,49,49,49,123,123,141,41,56,74,74,103,120,120,120,120,120,146,21,21,21,21,21,21,21,21,52,52],"floor_reached":57,"playtime":8160,"items_purged":["Regret","Clumsy","Regret"],"score":2747,"play_id":"8df7194b-83de-4428-a640-3d4fe1364287","local_time":"20190804094014","is_ascension_mode":true,"campfire_choices":[{"data":"Predator","floor":6.0,"key":"SMITH"},{"data":"Noxious Fumes","floor":12.0,"key":"SMITH"},{"data":"Footwork","floor":15.0,"key":"SMITH"},{"floor":23.0,"key":"REST"},{"data":"Wraith Form v2","floor":25.0,"key":"SMITH"},{"floor":32.0,"key":"REST"},{"floor":42.0,"key":"REST"},{"floor":45.0,"key":"RECALL"},{"data":"Malaise","floor":49.0,"key":"SMITH"},{"data":"Catalyst","floor":53.0,"key":"SMITH"}],"neow_cost":"NONE","seed_source_timestamp":0,"circlet_count":0,"master_deck":["AscendersBane","Strike_G","Strike_G","Strike_G","Defend_G","Defend_G","Defend_G","Defend_G","Defend_G","Survivor","Neutralize+1","Choke","Predator+1","Dash","Noxious Fumes+1","Dagger Spray","Poisoned Stab","Well Laid Plans","PiercingWail","Footwork+1","Deadly Poison","Flechettes","Skewer+1","Malaise+1","Bullet Time","Backflip","Crippling Poison+1","Bouncing Flask","Wraith Form v2+1","Tools of the Trade","Noxious Fumes","Flechettes+1","Bullet Time","Leg Sweep","Footwork","Dodge and Roll+1","Bouncing Flask","Acrobatics+1","Catalyst+1","Well Laid Plans+1","Noxious Fumes","Crippling Poison+1","Night Terror"],"special_seed":0,"relics":["Cursed Key","Sundial","Pantograph","Darkstone Periapt","Prayer Wheel","Whetstone","Snecko Eye","Pen Nib","Gremlin Horn","Blue Candle","WristBlade","Bird Faced Urn","Pocketwatch","Meat on the Bone","Mummified Hand"],"potions_floor_usage":[56],"damage_taken":[{"damage":0.0,"enemies":"Small Slimes","floor":1.0,"turns":4.0},{"damage":7.0,"enemies":"Jaw Worm","floor":3.0,"turns":5.0},{"damage":0.0,"enemies":"2 Louse","floor":5.0,"turns":2.0},{"damage":9.0,"enemies":"Gremlin Nob","floor":7.0,"turns":4.0},{"damage":0.0,"enemies":"2 Fungi Beasts","floor":8.0,"turns":3.0},{"damage":10.0,"enemies":"3 Sentries","floor":11.0,"turns":7.0},{"damage":5.0,"enemies":"3 Louse","floor":13.0,"turns":3.0},{"damage":8.0,"enemies":"Gremlin Nob","floor":14.0,"turns":3.0},{"damage":20.0,"enemies":"Slime Boss","floor":16.0,"turns":7.0},{"damage":11.0,"enemies":"2 Thieves","floor":18.0,"turns":3.0},{"damage":16.0,"enemies":"Shell Parasite","floor":20.0,"turns":3.0},{"damage":4.0,"enemies":"Centurion and Healer","floor":21.0,"turns":4.0},{"damage":4.0,"enemies":"Book of Stabbing","floor":24.0,"turns":5.0},{"damage":7.0,"enemies":"Gremlin Leader","floor":28.0,"turns":7.0},{"damage":32.0,"enemies":"Book of Stabbing","floor":30.0,"turns":6.0},{"damage":0.0,"enemies":"Colosseum Slavers","floor":31.0,"turns":1.0},{"damage":17.0,"enemies":"Automaton","floor":33.0,"turns":9.0},{"damage":1.0,"enemies":"3 Shapes","floor":35.0,"turns":3.0},{"damage":0.0,"enemies":"Orb Walker","floor":37.0,"turns":2.0},{"damage":0.0,"enemies":"Maw","floor":38.0,"turns":7.0},{"damage":21.0,"enemies":"Giant Head","floor":40.0,"turns":7.0},{"damage":21.0,"enemies":"Spire Growth","floor":41.0,"turns":5.0},{"damage":22.0,"enemies":"Reptomancer","floor":46.0,"turns":5.0},{"damage":0.0,"enemies":"Writhing Mass","floor":48.0,"turns":1.0},{"damage":14.0,"enemies":"Time Eater","floor":50.0,"turns":8.0},{"damage":41.0,"enemies":"Donu and Deca","floor":51.0,"turns":8.0},{"damage":21.0,"enemies":"Shield and Spear","floor":55.0,"turns":8.0},{"damage":76,"enemies":"The Heart","floor":56,"turns":7}],"seed_played":"978512291739849351","potions_obtained":[{"floor":1.0,"key":"AttackPotion"},{"floor":3.0,"key":"Weak Potion"},{"floor":5.0,"key":"Poison Potion"},{"floor":11.0,"key":"SmokeBomb"},{"floor":18.0,"key":"FearPotion"},{"floor":20.0,"key":"SteroidPotion"},{"floor":37.0,"key":"Dexterity Potion"},{"floor":41.0,"key":"Weak Potion"},{"floor":46.0,"key":"SmokeBomb"},{"floor":55.0,"key":"Strength Potion"}],"is_trial":false,"path_per_floor":["M","?","M","$","M","R","E","M","T","$","E","R","M","E","R","B",null,"M","$","M","M","?","R","E","R","T","?","E","$","E","?","R","B",null,"M","$","M","M","?","E","M","R","T","T","R","E","$","M","R","B","B",null,"R","$","E","B",null],"character_chosen":"THE_SILENT","items_purchased":["Dash","Noxious Fumes","PiercingWail","Bullet Time","Noxious Fumes"],"campfire_rested":3,"item_purchase_floors":[4,4,10,19,29],"current_hp_per_floor":[59,54,47,47,47,47,38,38,38,38,28,28,23,15,15,20,55,44,44,28,24,24,43,39,39,45,45,38,38,6,6,27,35,63,62,62,62,62,62,41,28,49,55,55,55,47,47,49,49,78,53,72,72,72,69,37],"gold":52,"neow_bonus":"BOSS_RELIC","is_prod":false,"is_daily":false,"chose_seed":false,"campfire_upgraded":6,"win_rate":0,"timestamp":1564936814,"path_taken":["M","?","M","$","M","R","E","M","T","$","E","R","M","E","R","BOSS","M","$","M","M","?","R","E","R","T","?","E","$","E","?","R","BOSS","BOSS","M","$","M","M","?","E","M","R","T","?","R","E","$","M","R","BOSS","BOSS","R","$","E","BOSS"],"build_version":"2019-07-17","purchased_purges":3,"victory":true,"max_hp_per_floor":[66,66,66,66,66,66,66,66,66,66,66,66,66,66,66,66,66,66,66,66,66,66,66,66,66,72,72,72,72,72,72,72,72,72,72,72,72,72,72,72,72,72,78,78,78,78,78,78,78,78,78,78,78,78,78,78],"card_choices":[{"not_picked":["Tactician","Concentrate"],"picked":"Choke","floor":1.0},{"not_picked":["Bane","Dagger Spray"],"picked":"Predator","floor":3.0},{"not_picked":["Cloak And Dagger","Prepared"],"picked":"Dagger Spray","floor":5.0},{"not_picked":["Masterful Stab","Dodge and Roll"],"picked":"Poisoned Stab","floor":7.0},{"not_picked":["Dagger Spray","Finisher"],"picked":"Well Laid Plans","floor":8.0},{"not_picked":["Grand Finale","Dodge and Roll"],"picked":"Footwork","floor":11.0},{"not_picked":["Slice","Poisoned Stab"],"picked":"Deadly Poison","floor":13.0},{"not_picked":["Underhanded Strike","Deflect"],"picked":"Flechettes","floor":13.0},{"not_picked":["Prepared","Backstab"],"picked":"Skewer","floor":14.0},{"not_picked":["Doppelganger","Storm of Steel"],"picked":"Malaise","floor":16.0},{"not_picked":["Tactician","Setup","Calculated Gamble+1"],"picked":"SKIP","floor":18.0},{"not_picked":["Prepared","Blade Dance","Sucker Punch+1"],"picked":"SKIP","floor":18.0},{"not_picked":["Escape Plan","Slice"],"picked":"Backflip","floor":20.0},{"not_picked":["Predator","Endless Agony"],"picked":"Crippling Poison+1","floor":20.0},{"not_picked":["Deflect","Escape Plan","Concentrate"],"picked":"SKIP","floor":21.0},{"not_picked":["Cloak And Dagger","Setup","Acrobatics"],"picked":"SKIP","floor":21.0},{"not_picked":["Quick Slash","Underhanded Strike"],"picked":"Tools of the Trade","floor":24.0},{"not_picked":["Riddle With Holes","Slice","Outmaneuver"],"picked":"SKIP","floor":28.0},{"not_picked":["Riddle With Holes","Slice","Outmaneuver"],"picked":"SKIP","floor":28.0},{"not_picked":["Acrobatics","Flying Knee"],"picked":"Flechettes+1","floor":30.0},{"not_picked":["Grand Finale","Unload"],"picked":"Bullet Time","floor":33.0},{"not_picked":["Poisoned Stab","Backflip"],"picked":"Leg Sweep","floor":35.0},{"not_picked":["Cloak And Dagger","Infinite Blades+1","Concentrate"],"picked":"SKIP","floor":35.0},{"not_picked":["PiercingWail+1","Endless Agony"],"picked":"Footwork","floor":37.0},{"not_picked":["Dagger Throw","Dagger Spray"],"picked":"Dodge and Roll+1","floor":37.0},{"not_picked":["Quick Slash","Slice"],"picked":"Bouncing Flask","floor":38.0},{"not_picked":["Dodge and Roll","Tactician"],"picked":"Acrobatics+1","floor":38.0},{"not_picked":["Eviscerate+1","Accuracy"],"picked":"Catalyst","floor":40.0},{"not_picked":["Choke","Bane"],"picked":"Well Laid Plans+1","floor":41.0},{"not_picked":["Dagger Spray","Heel Hook"],"picked":"Noxious Fumes","floor":41.0},{"not_picked":["Endless Agony","Flying Knee"],"picked":"Crippling Poison+1","floor":46.0},{"not_picked":["Masterful Stab","Tools of the Trade"],"picked":"Night Terror","floor":55.0}],"player_experience":1219491,"relics_obtained":[{"floor":7.0,"key":"Pantograph"},{"floor":9.0,"key":"Darkstone Periapt"},{"floor":11.0,"key":"Prayer Wheel"},{"floor":14.0,"key":"Whetstone"},{"floor":24.0,"key":"Pen Nib"},{"floor":28.0,"key":"Gremlin Horn"},{"floor":30.0,"key":"Blue Candle"},{"floor":40.0,"key":"Bird Faced Urn"},{"floor":43.0,"key":"Pocketwatch"},{"floor":46.0,"key":"Meat on the Bone"},{"floor":55.0,"key":"Mummified Hand"}],"event_choices":[{"damage_healed":0.0,"max_hp_gain":0.0,"max_hp_loss":0.0,"gold_gain":0.0,"event_name":"Scrap Ooze","player_choice":"Success","floor":2.0,"gold_loss":0.0,"damage_taken":5.0,"relics_obtained":["Sundial"]},{"damage_healed":0.0,"max_hp_gain":0.0,"max_hp_loss":0.0,"gold_gain":0.0,"cards_transformed":["Strike_G","Strike_G"],"event_name":"Drug Dealer","player_choice":"Became Test Subject","floor":22.0,"gold_loss":0.0,"damage_taken":0.0,"cards_obtained":["Bouncing Flask","Wraith Form v2"]},{"damage_healed":0.0,"max_hp_gain":0.0,"max_hp_loss":0.0,"gold_gain":0.0,"event_name":"Vampires","player_choice":"Ignored","floor":27.0,"gold_loss":0.0,"damage_taken":0.0},{"damage_healed":0.0,"max_hp_gain":0.0,"max_hp_loss":0.0,"gold_gain":0.0,"event_name":"Colosseum","player_choice":"Fight","floor":31.0,"gold_loss":0.0,"damage_taken":0.0},{"damage_healed":0.0,"max_hp_gain":0.0,"max_hp_loss":0.0,"gold_gain":0.0,"event_name":"Colosseum","player_choice":"Fled From Nobs","floor":31.0,"gold_loss":0.0,"damage_taken":0.0},{"damage_healed":0.0,"max_hp_gain":0.0,"max_hp_loss":0.0,"gold_gain":0.0,"event_name":"SensoryStone","player_choice":"Memory 1","floor":39.0,"gold_loss":0.0,"damage_taken":0.0}],"is_beta":false,"boss_relics":[{"not_picked":["Busted Crown","Sozu"],"picked":"Snecko Eye"},{"not_picked":["Lizard Tail","Runic Pyramid"],"picked":"WristBlade"}],"items_purged_floors":[29,36,47],"is_endless":false,"potions_floor_spawned":[1,3,5,11,18,20,24,37,41,46,55],"ascension_level":20}