{"gold_per_floor":[112,187,87,105,116,116,141,157,157,157,186,202,221,253,253,329,329,340,68,68,68,81,81,107,107,130,149,149,165,165,198,198,277,277,297,308,13,13,32,61,61,90,90,116,116,148,148,148,148,148,148,148,148,24,54,54],"floor_reached":56,"playtime":5755,"items_purged":["Hemokinesis"],"score":2242,"play_id":"32f603b4-8971-4020-b02a-16f66e18c067","local_time":"20190803210357","is_ascension_mode":true,"campfire_choices":[{"data":"Bash","floor":6.0,"key":"SMITH"},{"data":"Perfected Strike","floor":10.0,"key":"SMITH"},{"data":"Perfected Strike","floor":15.0,"key":"SMITH"},{"data":"Corruption","floor":23.0,"key":"SMITH"},{"data":"Brutality","floor":25.0,"key":"SMITH"},{"floor":28.0,"key":"REST"},{"data":"Flame Barrier","floor":32.0,"key":"SMITH"},{"data":"Injury","floor":45.0,"key":"PURGE"},{"floor":49.0,"key":"RECALL"},{"data":"Pain","floor":53.0,"key":"PURGE"}],"neow_cost":"NONE","seed_source_timestamp":148935649282600,"circlet_count":0,"master_deck":["AscendersBane","Strike_R+1","Strike_R+1","Strike_R+1","Strike_R+1","Strike_R+1","Defend_R+1","Defend_R+1","Defend_R+1","Defend_R+1","Bash+1","Pommel Strike","Exhume","Pommel Strike","Perfected Strike+1","Perfected Strike+1","Corruption+1","Shrug It Off","Rupture","Brutality+1","Perfected Strike+1","Feel No Pain","Clothesline","Pommel Strike","True Grit","Seeing Red+1","Flame Barrier+1","Exhume","Feel No Pain+1","Disarm","Apotheosis","Corruption","Demon Form","Pommel Strike","Limit Break","Shrug It Off","Limit Break","Panacea","Flame Barrier","Shrug It Off"],"special_seed":0,"relics":["Burning Blood","Red Skull","Pantograph","Matryoshka","Oddly Smooth Stone","Letter Opener","Omamori","Bag of Marbles","Cursed Key","Happy Flower","Centennial Puzzle","Self Forming Clay","Juzu Bracelet","Vajra","Bottled Flame","Coffee Dripper","Shuriken","Peace Pipe","Smiling Mask","Orichalcum","WarpedTongs","Bronze Scales"],"potions_floor_usage":[55],"damage_taken":[{"damage":8.0,"enemies":"Small Slimes","floor":1.0,"turns":6.0},{"damage":7.0,"enemies":"Jaw Worm","floor":4.0,"turns":4.0},{"damage":3.0,"enemies":"Cultist","floor":5.0,"turns":2.0},{"damage":41.0,"enemies":"Lagavulin","floor":7.0,"turns":5.0},{"damage":4.0,"enemies":"2 Fungi Beasts","floor":8.0,"turns":3.0},{"damage":21.0,"enemies":"3 Sentries","floor":11.0,"turns":5.0},{"damage":0.0,"enemies":"Exordium Wildlife","floor":12.0,"turns":2.0},{"damage":0.0,"enemies":"3 Louse","floor":13.0,"turns":3.0},{"damage":3.0,"enemies":"Gremlin Nob","floor":14.0,"turns":2.0},{"damage":46.0,"enemies":"The Guardian","floor":16.0,"turns":8.0},{"damage":18.0,"enemies":"Shell Parasite","floor":18.0,"turns":3.0},{"damage":12.0,"enemies":"3 Byrds","floor":22.0,"turns":2.0},{"damage":13.0,"enemies":"Gremlin Leader","floor":24.0,"turns":3.0},{"damage":2.0,"enemies":"3 Cultists","floor":27.0,"turns":3.0},{"damage":2.0,"enemies":"Cultist and Chosen","floor":29.0,"turns":3.0},{"damage":15.0,"enemies":"Book of Stabbing","floor":31.0,"turns":4.0},{"damage":14.0,"enemies":"Collector","floor":33.0,"turns":7.0},{"damage":8.0,"enemies":"3 Shapes","floor":35.0,"turns":2.0},{"damage":1.0,"enemies":"Orb Walker","floor":36.0,"turns":2.0},{"damage":6.0,"enemies":"Maw","floor":39.0,"turns":7.0},{"damage":8.0,"enemies":"Reptomancer","floor":40.0,"turns":6.0},{"damage":5.0,"enemies":"Giant Head","floor":42.0,"turns":6.0},{"damage":47.0,"enemies":"Reptomancer","floor":44.0,"turns":7.0},{"damage":4.0,"enemies":"Nemesis","floor":46.0,"turns":5.0},{"damage":35.0,"enemies":"Donu and Deca","floor":50.0,"turns":9.0},{"damage":55.0,"enemies":"Awakened One","floor":51.0,"turns":11.0},{"damage":34,"enemies":"Shield and Spear","floor":55,"turns":6},{"damage":57,"enemies":"The Heart","floor":56,"turns":8}],"seed_played":"-7000355146970468851","potions_obtained":[{"floor":5.0,"key":"Explosive Potion"},{"floor":11.0,"key":"Swift Potion"},{"floor":12.0,"key":"Strength Potion"},{"floor":14.0,"key":"Dexterity Potion"},{"floor":16.0,"key":"LiquidBronze"},{"floor":22.0,"key":"Weak Potion"},{"floor":24.0,"key":"PowerPotion"},{"floor":27.0,"key":"Regen Potion"}],"is_trial":false,"path_per_floor":["M","?","?","M","M","R","E","M","T","R","E","M","M","E","R","B",null,"M","$","?","T","M","R","E","R","T","M","R","M","?","E","R","B",null,"M","M","$","?","M","E","$","E","T","E","R","E","?","?","R","B","B",null,"R","$","E","B"],"character_chosen":"IRONCLAD","items_purchased":["Feel No Pain","Happy Flower","Clothesline","Apotheosis","Corruption","Flame Barrier"],"campfire_rested":1,"item_purchase_floors":[19,19,19,37,37,54],"current_hp_per_floor":[66,55,55,54,57,57,22,24,24,24,9,15,21,24,24,9,59,47,47,47,47,41,41,34,34,34,38,60,64,64,55,55,67,73,71,75,75,75,75,73,73,74,74,33,33,35,35,35,35,31,16,60,60,60,32,0],"gold":54,"neow_bonus":"RANDOM_COMMON_RELIC","is_prod":false,"is_daily":false,"chose_seed":false,"campfire_upgraded":6,"win_rate":0,"timestamp":1564891437,"path_taken":["M","?","?","M","M","R","E","?","T","R","E","M","M","E","R","BOSS","M","$","?","?","M","R","E","R","T","M","R","M","?","E","R","BOSS","M","M","$","?","M","E","?","E","T","E","R","E","?","?","R","BOSS","BOSS","R","$","E","BOSS"],"build_version":"2019-07-17","purchased_purges":1,"victory":false,"max_hp_per_floor":[75,75,75,75,75,75,75,75,75,75,75,75,75,75,75,75,75,75,75,75,75,75,75,75,75,75,75,75,75,75,75,75,75,75,75,75,75,75,75,75,75,75,75,75,75,75,75,75,75,75,75,75,75,75,75,75],"card_choices":[{"not_picked":["Wild Strike","Seeing Red"],"picked":"Pommel Strike","floor":1.0},{"not_picked":["Searing Blow","Wild Strike"],"picked":"Hemokinesis","floor":4.0},{"not_picked":["Havoc","Evolve"],"picked":"Exhume","floor":5.0},{"not_picked":["Wild Strike","True Grit"],"picked":"Pommel Strike","floor":7.0},{"not_picked":["Entrench","Whirlwind"],"picked":"Perfected Strike","floor":8.0},{"not_picked":["Infernal Blade","Thunderclap"],"picked":"Perfected Strike","floor":11.0},{"not_picked":["Searing Blow","Flex"],"picked":"Corruption","floor":12.0},{"not_picked":["Havoc","Clothesline"],"picked":"Shrug It Off","floor":13.0},{"not_picked":["Reckless Charge","Warcry"],"picked":"Rupture","floor":14.0},{"not_picked":["Immolate","Offering"],"picked":"Brutality","floor":16.0},{"not_picked":["True Grit","Iron Wave"],"picked":"Perfected Strike+1","floor":18.0},{"not_picked":["Rampage","Twin Strike"],"picked":"Pommel Strike","floor":22.0},{"not_picked":["Sword Boomerang","Iron Wave","Fire Breathing"],"picked":"SKIP","floor":24.0},{"not_picked":["Whirlwind","Wild Strike"],"picked":"True Grit","floor":27.0},{"not_picked":["Infernal Blade","Sentinel"],"picked":"Seeing Red+1","floor":29.0},{"not_picked":["Uppercut","Sword Boomerang"],"picked":"Flame Barrier","floor":31.0},{"not_picked":["Fiend Fire","Juggernaut"],"picked":"Exhume","floor":33.0},{"not_picked":["True Grit+1","Uppercut"],"picked":"Feel No Pain+1","floor":35.0},{"not_picked":["Body Slam","Wild Strike"],"picked":"Disarm","floor":36.0},{"not_picked":["Headbutt","Cleave"],"picked":"Pommel Strike","floor":39.0},{"not_picked":["Thunderclap+1","Evolve","Heavy Blade"],"picked":"SKIP","floor":40.0},{"not_picked":["True Grit","Wild Strike"],"picked":"Limit Break","floor":42.0},{"not_picked":["Clothesline","Heavy Blade"],"picked":"Shrug It Off","floor":44.0},{"not_picked":["Flex","Bloodletting"],"picked":"Limit Break","floor":46.0},{"not_picked":["Trip","Purity"],"picked":"Panacea","floor":47.0},{"not_picked":["Twin Strike+1","Double Tap"],"picked":"Shrug It Off","floor":55}],"player_experience":1213736,"relics_obtained":[{"floor":7.0,"key":"Matryoshka"},{"floor":9.0,"key":"Oddly Smooth Stone"},{"floor":9.0,"key":"Letter Opener"},{"floor":11.0,"key":"Omamori"},{"floor":14.0,"key":"Bag of Marbles"},{"floor":21.0,"key":"Centennial Puzzle"},{"floor":21.0,"key":"Self Forming Clay"},{"floor":24.0,"key":"Juzu Bracelet"},{"floor":26.0,"key":"Vajra"},{"floor":31.0,"key":"Bottled Flame"},{"floor":40.0,"key":"Shuriken"},{"floor":42.0,"key":"Peace Pipe"},{"floor":44.0,"key":"Smiling Mask"},{"floor":46.0,"key":"Orichalcum"},{"floor":55,"key":"Bronze Scales"}],"event_choices":[{"damage_healed":0.0,"max_hp_gain":0.0,"max_hp_loss":0.0,"gold_gain":75.0,"event_name":"World of Goop","player_choice":"Gather Gold","floor":2.0,"gold_loss":0.0,"damage_taken":11.0},{"damage_healed":0.0,"max_hp_gain":0.0,"max_hp_loss":0.0,"gold_gain":0.0,"event_name":"WeMeetAgain","player_choice":"Paid Gold","floor":3.0,"gold_loss":100.0,"damage_taken":0.0,"relics_obtained":["Pantograph"]},{"damage_healed":0.0,"max_hp_gain":0.0,"max_hp_loss":0.0,"gold_gain":0.0,"event_name":"Back to Basics","player_choice":"Simplicity","floor":20.0,"gold_loss":0.0,"damage_taken":0.0,"cards_upgraded":["Strike_R","Strike_R","Strike_R","Strike_R","Strike_R","Defend_R","Defend_R","Defend_R","Defend_R"]},{"damage_healed":0.0,"max_hp_gain":0.0,"max_hp_loss":0.0,"gold_gain":0.0,"event_name":"The Mausoleum","player_choice":"Ignored","floor":30.0,"gold_loss":0.0,"damage_taken":0.0},{"damage_healed":0.0,"max_hp_gain":0.0,"max_hp_loss":0.0,"gold_gain":0.0,"event_name":"Match and Keep!","player_choice":"1 cards matched","floor":38.0,"gold_loss":0.0,"damage_taken":0.0,"cards_obtained":["Demon Form"]},{"damage_healed":0.0,"max_hp_gain":0.0,"max_hp_loss":0.0,"gold_gain":0.0,"event_name":"SensoryStone","player_choice":"Memory 1","floor":47.0,"gold_loss":0.0,"damage_taken":0.0},{"damage_healed":0.0,"max_hp_gain":0.0,"max_hp_loss":0.0,"gold_gain":0.0,"event_name":"Accursed Blacksmith","player_choice":"Rummage","floor":48.0,"gold_loss":0.0,"damage_taken":0.0,"relics_obtained":["WarpedTongs"],"cards_obtained":["Pain"]}],"is_beta":false,"boss_relics":[{"not_picked":["Ectoplasm","Busted Crown"],"picked":"Cursed Key"},{"not_picked":["Black Blood","Orrery"],"picked":"Coffee Dripper"}],"items_purged_floors":[54],"is_endless":false,"potions_floor_spawned":[5,11,12,14,16,22,24,27,29,35,39,42,44],"killed_by":"The Heart","ascension_level":20}