{"gold_per_floor":[112,125,137,151,226,226,238,238,261,261,294,171,171,183,183,288,288,302,302,286,246,257,257,273,273,298,316,316,231,231,246,246,343,343,361,377,391,391,411,411,411],"floor_reached":41,"playtime":7359,"items_purged":["Strike_R"],"score":397,"play_id":"d6369eb0-a818-4d2f-b846-a14263813329","local_time":"20190709122948","is_ascension_mode":false,"campfire_choices":[{"data":"Rampage","floor":6,"key":"SMITH"},{"data":"Flame Barrier","floor":8,"key":"SMITH"},{"data":"Bash","floor":10,"key":"SMITH"},{"floor":13,"key":"REST"},{"data":"Body Slam","floor":15,"key":"SMITH"},{"data":"Battle Trance","floor":23,"key":"SMITH"},{"floor":25,"key":"REST"},{"data":"Body Slam","floor":28,"key":"SMITH"},{"data":"Shrug It Off","floor":30,"key":"SMITH"},{"floor":32,"key":"REST"},{"data":"Disarm","floor":40,"key":"SMITH"}],"neow_cost":"NONE","seed_source_timestamp":39105664744439,"circlet_count":0,"master_deck":["Strike_R","Strike_R","Strike_R","Defend_R","Defend_R","Defend_R","Defend_R","Bash+1","Flame Barrier+1","Iron Wave","Iron Wave","Rampage+1","Pommel Strike","Shrug It Off","Body Slam+1","Offering","Shrug It Off+1","Battle Trance+1","Cleave","Body Slam+1","Warcry+1","Barricade+1","Metallicize+1","Disarm+1"],"relics":["Burning Blood","Red Skull","PreservedInsect","Mark of Pain","Potion Belt","Ancient Tea Set","Velvet Choker"],"potions_floor_usage":[],"damage_taken":[{"damage":4,"enemies":"Cultist","floor":1,"turns":4},{"damage":3,"enemies":"Jaw Worm","floor":2,"turns":6},{"damage":1,"enemies":"2 Louse","floor":3,"turns":3},{"damage":2,"enemies":"Looter","floor":4,"turns":4},{"damage":0,"enemies":"Red Slaver","floor":7,"turns":5},{"damage":32,"enemies":"Lagavulin","floor":11,"turns":6},{"damage":12,"enemies":"Exordium Thugs","floor":14,"turns":7},{"damage":62,"enemies":"Slime Boss","floor":16,"turns":15},{"damage":11,"enemies":"Chosen","floor":18,"turns":3},{"damage":0,"enemies":"2 Thieves","floor":20,"turns":4},{"damage":13,"enemies":"3 Cultists","floor":22,"turns":6},{"damage":36,"enemies":"Snake Plant","floor":24,"turns":5},{"damage":2,"enemies":"Chosen and Byrds","floor":27,"turns":5},{"damage":28,"enemies":"Cultist and Chosen","floor":31,"turns":8},{"damage":40,"enemies":"Automaton","floor":33,"turns":12},{"damage":20,"enemies":"Orb Walker","floor":35,"turns":5},{"damage":12,"enemies":"3 Shapes","floor":36,"turns":4},{"damage":6,"enemies":"Maw","floor":37,"turns":8},{"damage":17,"enemies":"Spire Growth","floor":39,"turns":6},{"damage":65,"enemies":"Transient","floor":41,"turns":5}],"seed_played":"-1812053321730549311","potions_obtained":[{"floor":1,"key":"Weak Potion"},{"floor":2,"key":"SpeedPotion"},{"floor":21,"key":"SpeedPotion"},{"floor":21,"key":"Energy Potion"},{"floor":24,"key":"AttackPotion"},{"floor":36,"key":"Weak Potion"}],"is_trial":false,"path_per_floor":["M","M","M","M","?","R","M","R","T","R","E","$","R","M","R","B",null,"M","?","M","?","M","R","M","R","T","M","R","?","R","M","R","B",null,"M","M","M","?","M","R","M"],"character_chosen":"IRONCLAD","items_purchased":["Body Slam"],"campfire_rested":3,"item_purchase_floors":[12],"current_hp_per_floor":[80,80,80,80,69,69,75,75,75,75,49,49,73,67,67,11,80,75,75,80,80,73,73,43,67,67,71,71,71,71,49,73,39,80,66,60,60,60,49,49,0],"gold":411,"neow_bonus":"REMOVE_CARD","is_prod":false,"is_daily":false,"chose_seed":false,"campfire_upgraded":8,"win_rate":0.0,"timestamp":1562689788,"path_taken":["M","M","?","M","?","R","M","R","T","R","E","$","R","M","R","BOSS","M","?","M","?","M","R","?","R","T","M","R","?","R","M","R","BOSS","M","M","M","?","M","R","M"],"build_version":"2019-07-05","purchased_purges":1,"victory":false,"max_hp_per_floor":[80,80,80,80,80,80,80,80,80,80,80,80,80,80,80,80,80,80,80,80,80,80,80,80,80,80,80,80,80,80,80,80,80,80,80,80,80,80,80,80,80],"card_choices":[{"not_picked":["Sever Soul","Thunderclap"],"picked":"Flame Barrier","floor":1},{"not_picked":["Power Through","Thunderclap"],"picked":"Iron Wave","floor":2},{"not_picked":["Feel No Pain","Sword Boomerang"],"picked":"Iron Wave","floor":3},{"not_picked":["Dual Wield","Double Tap"],"picked":"Rampage","floor":4},{"not_picked":["True Grit","Flex"],"picked":"Pommel Strike","floor":7},{"not_picked":["Flex","Juggernaut"],"picked":"Shrug It Off","floor":11},{"not_picked":["Warcry","Corruption","Perfected Strike"],"picked":"SKIP","floor":14},{"not_picked":["Berserk","Juggernaut"],"picked":"Offering","floor":16},{"not_picked":["Flex","Clash+1"],"picked":"Shrug It Off","floor":18},{"not_picked":["Dual Wield","Pommel Strike"],"picked":"Cleave","floor":20},{"not_picked":["Thunderclap","Dropkick"],"picked":"Body Slam","floor":22},{"not_picked":["Clothesline","Flex","Infernal Blade"],"picked":"SKIP","floor":24},{"not_picked":["Rupture+1","Pommel Strike"],"picked":"Warcry+1","floor":27},{"not_picked":["Reckless Charge","True Grit","Hemokinesis+1"],"picked":"SKIP","floor":31},{"not_picked":["Dark Embrace","Juggernaut"],"picked":"Barricade","floor":33},{"not_picked":["Rage+1","True Grit"],"picked":"Metallicize+1","floor":35},{"not_picked":["Thunderclap+1","Shockwave","Twin Strike"],"picked":"SKIP","floor":36},{"not_picked":["Cleave","Infernal Blade+1","Shrug It Off"],"picked":"SKIP","floor":37},{"not_picked":["Burning Pact","Blood for Blood"],"picked":"Disarm","floor":39}],"player_experience":11711,"relics_obtained":[{"floor":9,"key":"Red Skull"},{"floor":11,"key":"PreservedInsect"},{"floor":26,"key":"Potion Belt"}],"event_choices":[{"damage_healed":0,"gold_gain":75,"player_choice":"Gather Gold","damage_taken":11,"max_hp_gain":0,"max_hp_loss":0,"event_name":"World of Goop","floor":5,"gold_loss":0},{"damage_healed":0,"gold_gain":0,"player_choice":"Read","damage_taken":0,"max_hp_gain":0,"max_hp_loss":0,"event_name":"The Library","floor":19,"gold_loss":0,"cards_obtained":["Battle Trance"]},{"damage_healed":0,"gold_gain":0,"player_choice":"Bought 3 Potions","damage_taken":0,"max_hp_gain":0,"max_hp_loss":0,"event_name":"The Woman in Blue","floor":21,"gold_loss":0},{"damage_healed":0,"gold_gain":0,"player_choice":"Obtained Relic","damage_taken":0,"relics_obtained":["Ancient Tea Set"],"max_hp_gain":0,"max_hp_loss":0,"event_name":"Addict","floor":29,"gold_loss":85},{"damage_healed":0,"gold_gain":0,"player_choice":"Forge","damage_taken":0,"max_hp_gain":0,"max_hp_loss":0,"event_name":"Accursed Blacksmith","floor":38,"gold_loss":0,"cards_upgraded":["Barricade"]}],"is_beta":false,"boss_relics":[{"not_picked":["Empty Cage","White Beast Statue"],"picked":"Mark of Pain"},{"not_picked":["Runic Dome","Calling Bell"],"picked":"Velvet Choker"}],"items_purged_floors":[12],"is_endless":false,"potions_floor_spawned":[1,2,22,24,36],"killed_by":"Transient","ascension_level":0}