{"gold_per_floor":[113,126,146,96,96,106,106,106,106,119,134,164,183,209,209,305,305,320,340,42,58,77,77,96,96,96,96,114,144,164,264,264,369,369,388,406,406,406,161,161,186,197,197,100,100,112,112,123,123,123],"floor_reached":51,"playtime":2840,"items_purged":["Strike_G","Strike_G","Defend_G"],"score":954,"play_id":"b9c53681-77e0-4cc8-aa9f-39a0e8eb1794","local_time":"20190801001235","is_ascension_mode":true,"campfire_choices":[{"data":"Terror","floor":7,"key":"SMITH"},{"data":"Blade Dance","floor":15,"key":"SMITH"},{"floor":23,"key":"REST"},{"floor":25,"key":"REST"},{"floor":32,"key":"REST"},{"floor":40,"key":"REST"},{"data":"Footwork","floor":45,"key":"SMITH"},{"data":"1","floor":47,"key":"LIFT"},{"floor":49,"key":"REST"}],"neow_cost":"","seed_source_timestamp":284987383365800,"circlet_count":0,"master_deck":["Strike_G","Defend_G","Defend_G","Defend_G","Defend_G","Survivor","Neutralize+1","Dagger Throw","Terror+1","Backstab","Dagger Spray","Backflip","Dash","Blade Dance+1","Cloak And Dagger","A Thousand Cuts+1","Footwork+1","Deflect+1","Crippling Poison+1","A Thousand Cuts+1","Blade Dance+1","Caltrops","Cloak And Dagger+1","Outmaneuver+1"],"relics":["Ring of the Snake","Letter Opener","Shuriken","Orichalcum","Smiling Mask","Busted Crown","Bottled Lightning","Toxic Egg 2","Blood Vial","Snecko Eye","Bottled Tornado","Regal Pillow","Girya","Art of War"],"potions_floor_usage":[12,16,33,33,36,42,50,50,50],"damage_taken":[{"damage":7,"enemies":"Jaw Worm","floor":1,"turns":5},{"damage":7,"enemies":"Small Slimes","floor":2,"turns":4},{"damage":0,"enemies":"Cultist","floor":3,"turns":2},{"damage":0,"enemies":"Lots of Slimes","floor":6,"turns":3},{"damage":0,"enemies":"2 Fungi Beasts","floor":10,"turns":2},{"damage":0,"enemies":"Gremlin Gang","floor":11,"turns":3},{"damage":10,"enemies":"3 Sentries","floor":12,"turns":6},{"damage":0,"enemies":"Looter","floor":13,"turns":2},{"damage":0,"enemies":"Gremlin Nob","floor":14,"turns":3},{"damage":20,"enemies":"The Guardian","floor":16,"turns":13},{"damage":9,"enemies":"3 Byrds","floor":18,"turns":4},{"damage":16,"enemies":"2 Thieves","floor":19,"turns":4},{"damage":16,"enemies":"Sentry and Sphere","floor":21,"turns":5},{"damage":7,"enemies":"Cultist and Chosen","floor":22,"turns":5},{"damage":7,"enemies":"Centurion and Healer","floor":24,"turns":5},{"damage":6,"enemies":"Shelled Parasite and Fungi","floor":28,"turns":6},{"damage":19,"enemies":"Book of Stabbing","floor":29,"turns":6},{"damage":16,"enemies":"Snake Plant","floor":30,"turns":4},{"damage":18,"enemies":"Automaton","floor":33,"turns":11},{"damage":21,"enemies":"3 Darklings","floor":35,"turns":3},{"damage":7,"enemies":"3 Shapes","floor":36,"turns":8},{"damage":1,"enemies":"Nemesis","floor":41,"turns":4},{"damage":0,"enemies":"Transient","floor":42,"turns":5},{"damage":10,"enemies":"Maw","floor":46,"turns":6},{"damage":19,"enemies":"4 Shapes","floor":48,"turns":4},{"damage":46,"enemies":"Donu and Deca","floor":50,"turns":7}],"seed_played":"-4329546940379292397","potions_obtained":[{"floor":1,"key":"FearPotion"},{"floor":6,"key":"Weak Potion"},{"floor":10,"key":"Energy Potion"},{"floor":12,"key":"EssenceOfSteel"},{"floor":22,"key":"SpeedPotion"},{"floor":33,"key":"Strength Potion"},{"floor":35,"key":"Regen Potion"},{"floor":36,"key":"SteroidPotion"},{"floor":46,"key":"Dexterity Potion"}],"is_trial":false,"path_per_floor":["M","M","M","?","?","M","R","?","T","M","M","E","M","E","R","B",null,"M","M","$","M","M","R","M","R","T","?","M","E","M","?","R","B",null,"M","M","T","?","$","R","E","M","T","$","R","M","R","M","R","B",null],"character_chosen":"THE_SILENT","items_purchased":["Bottled Lightning","Regal Pillow","Blade Dance+1","Cloak And Dagger+1"],"campfire_rested":5,"item_purchase_floors":[20,39,39,44],"current_hp_per_floor":[56,49,49,49,49,49,49,49,49,49,49,39,39,39,39,19,57,48,32,32,16,9,30,23,44,44,44,38,19,5,5,26,10,55,36,46,46,46,46,70,69,70,70,70,70,60,60,43,70,24],"gold":123,"neow_bonus":"","is_prod":false,"is_daily":false,"chose_seed":false,"campfire_upgraded":3,"win_rate":0,"timestamp":1564636355,"path_taken":["M","M","M","?","?","M","R","?","T","M","M","E","?","E","R","BOSS","M","M","$","M","?","R","?","R","T","?","?","E","M","?","R","BOSS","M","M","?","?","$","R","E","M","T","$","R","M","R","M","R","BOSS"],"build_version":"2019-07-17","purchased_purges":3,"victory":true,"max_hp_per_floor":[70,70,70,70,70,70,70,70,70,70,70,70,70,70,70,70,70,70,70,70,70,70,70,70,70,70,70,70,70,70,70,70,70,70,70,70,70,70,70,70,70,70,70,70,70,70,70,70,70,70],"card_choices":[{"not_picked":["Dodge and Roll","Backflip"],"picked":"Terror","floor":1},{"not_picked":["Flying Knee","Leg Sweep"],"picked":"Backstab","floor":2},{"not_picked":["Deadly Poison","Bane"],"picked":"Dagger Spray","floor":3},{"not_picked":["Flying Knee","Dagger Throw"],"picked":"Backflip","floor":6},{"not_picked":["Dagger Spray","Choke"],"picked":"Dash","floor":10},{"not_picked":["Setup","Envenom","Endless Agony"],"picked":"SKIP","floor":11},{"not_picked":["Sucker Punch","Accuracy"],"picked":"Blade Dance","floor":12},{"not_picked":["Catalyst","Riddle With Holes","Backflip"],"picked":"SKIP","floor":13},{"not_picked":["Poisoned Stab","Deadly Poison"],"picked":"Cloak And Dagger","floor":14},{"not_picked":["Malaise","Glass Knife"],"picked":"A Thousand Cuts","floor":16},{"not_picked":["Terror"],"picked":"SKIP","floor":18},{"not_picked":["Backflip"],"picked":"SKIP","floor":19},{"not_picked":[],"picked":"Footwork","floor":21},{"not_picked":["Prepared"],"picked":"SKIP","floor":22},{"not_picked":["Deflect"],"picked":"SKIP","floor":24},{"not_picked":["Poisoned Stab"],"picked":"SKIP","floor":28},{"not_picked":[],"picked":"Deflect+1","floor":29},{"not_picked":["Prepared+1"],"picked":"SKIP","floor":30},{"not_picked":[],"picked":"Crippling Poison+1","floor":35},{"not_picked":["Heel Hook"],"picked":"SKIP","floor":36},{"not_picked":[],"picked":"Caltrops","floor":41},{"not_picked":["Deflect+1"],"picked":"SKIP","floor":42},{"not_picked":[],"picked":"Outmaneuver+1","floor":46},{"not_picked":["Quick Slash+1"],"picked":"SKIP","floor":48}],"player_experience":441375,"relics_obtained":[{"floor":9,"key":"Shuriken"},{"floor":12,"key":"Orichalcum"},{"floor":14,"key":"Smiling Mask"},{"floor":26,"key":"Toxic Egg 2"},{"floor":29,"key":"Blood Vial"},{"floor":37,"key":"Bottled Tornado"},{"floor":41,"key":"Girya"},{"floor":43,"key":"Art of War"}],"event_choices":[{"cards_removed":["Strike_G"],"damage_healed":0,"gold_gain":0,"player_choice":"Card Removal","damage_taken":0,"max_hp_gain":0,"max_hp_loss":0,"event_name":"The Cleric","floor":4,"gold_loss":50},{"damage_healed":0,"gold_gain":0,"player_choice":"Grow","damage_taken":0,"max_hp_gain":0,"max_hp_loss":0,"event_name":"Living Wall","floor":5,"gold_loss":0,"cards_upgraded":["Neutralize"]},{"cards_removed":["Strike_G"],"damage_healed":0,"gold_gain":0,"player_choice":"Offered Basic","damage_taken":0,"max_hp_gain":0,"max_hp_loss":0,"event_name":"Bonfire Elementals","floor":8,"gold_loss":0},{"damage_healed":0,"gold_gain":0,"player_choice":"Forge","damage_taken":0,"max_hp_gain":0,"max_hp_loss":0,"event_name":"Accursed Blacksmith","floor":27,"gold_loss":0,"cards_upgraded":["A Thousand Cuts"]},{"damage_healed":0,"gold_gain":100,"player_choice":"Pray","damage_taken":0,"max_hp_gain":0,"max_hp_loss":0,"event_name":"Golden Shrine","floor":31,"gold_loss":0},{"damage_healed":0,"gold_gain":0,"player_choice":"Copied","damage_taken":0,"max_hp_gain":0,"max_hp_loss":0,"event_name":"Duplicator","floor":38,"gold_loss":0,"cards_obtained":["A Thousand Cuts"]}],"is_beta":false,"boss_relics":[{"not_picked":["Cursed Key","Empty Cage"],"picked":"Busted Crown"},{"not_picked":["Runic Dome","Pandora\u0027s Box"],"picked":"Snecko Eye"}],"items_purged_floors":[20,39,44],"is_endless":false,"potions_floor_spawned":[1,6,10,12,22,24,28,33,35,36,46],"ascension_level":7}