{"gold_per_floor":[119,194,18,29,29,64,80,111,134,148,148,181,181,191,191,263,263,283,35,55,105,105,130,145,145,145,145,1,17,35,60,60,134,134,147,167,167,181,181,181,1,1,1,1],"floor_reached":44,"playtime":3593,"items_purged":["Strike_R","Writhe","Strike_R"],"score":1082,"play_id":"360e2f64-25bb-4cc4-a288-d438a1dd76b3","local_time":"20190729212111","is_ascension_mode":true,"campfire_choices":[{"floor":13.0,"key":"REST"},{"floor":15.0,"key":"REST"},{"floor":25.0,"key":"REST"},{"floor":27.0,"key":"REST"},{"floor":32.0,"key":"REST"},{"data":"Offering","floor":40,"key":"SMITH"},{"floor":42,"key":"REST"}],"neow_cost":"NONE","seed_source_timestamp":854867859321689,"circlet_count":0,"master_deck":["AscendersBane","Strike_R","Strike_R","Strike_R","Defend_R","Defend_R","Defend_R","Bash+1","Headbutt","Bandage Up","Shockwave","Shrug It Off+1","Pain","Limit Break","Rupture","Clothesline","Clothesline","Demon Form","Feel No Pain","Offering+1","Armaments","Corruption","Havoc","Battle Trance","Pommel Strike","Warcry","Feel No Pain","Seeing Red","Anger","Feed","Heavy Blade","True Grit"],"special_seed":0,"relics":["Burning Blood","NeowsBlessing","WarpedTongs","Ancient Tea Set","Red Skull","Strawberry","Dodecahedron","Busted Crown","StoneCalendar","Ice Cream","Paper Frog","Bronze Scales","Sozu"],"potions_floor_usage":[],"damage_taken":[{"damage":0.0,"enemies":"Cultist","floor":1.0,"turns":1.0},{"damage":0.0,"enemies":"Jaw Worm","floor":4.0,"turns":1.0},{"damage":0.0,"enemies":"3 Sentries","floor":6.0,"turns":1.0},{"damage":6.0,"enemies":"Small Slimes","floor":7.0,"turns":4.0},{"damage":42.0,"enemies":"Lagavulin","floor":8.0,"turns":7.0},{"damage":19.0,"enemies":"Exordium Thugs","floor":10.0,"turns":5.0},{"damage":25.0,"enemies":"3 Sentries","floor":12.0,"turns":8.0},{"damage":22.0,"enemies":"Gremlin Gang","floor":14.0,"turns":4.0},{"damage":32.0,"enemies":"Slime Boss","floor":16.0,"turns":9.0},{"damage":33.0,"enemies":"2 Thieves","floor":18.0,"turns":4.0},{"damage":18.0,"enemies":"Spheric Guardian","floor":20.0,"turns":4.0},{"damage":36.0,"enemies":"Slavers","floor":23.0,"turns":6.0},{"damage":14.0,"enemies":"Shelled Parasite and Fungi","floor":24.0,"turns":6.0},{"damage":28.0,"enemies":"Snake Plant","floor":29.0,"turns":2.0},{"damage":20.0,"enemies":"Snecko","floor":30.0,"turns":5.0},{"damage":16.0,"enemies":"Book of Stabbing","floor":31.0,"turns":4.0},{"damage":16.0,"enemies":"Champ","floor":33.0,"turns":8.0},{"damage":35.0,"enemies":"3 Darklings","floor":35.0,"turns":5.0},{"damage":15.0,"enemies":"Orb Walker","floor":36.0,"turns":3.0},{"damage":23,"enemies":"Transient","floor":38,"turns":6},{"damage":76,"enemies":"Reptomancer","floor":44,"turns":5}],"seed_played":"1228074102468650074","potions_obtained":[{"floor":1.0,"key":"FearPotion"},{"floor":4.0,"key":"Regen Potion"},{"floor":14.0,"key":"Ancient Potion"},{"floor":16.0,"key":"Ancient Potion"}],"is_trial":false,"path_per_floor":["M","?","$","M","?","E","M","E","T","M","?","E","R","M","R","B",null,"M","$","M","?","?","E","M","R","T","R","$","M","M","E","R","B",null,"M","M","?","M","?","R","$","R","T","E"],"character_chosen":"IRONCLAD","items_purchased":["Bandage Up","Shockwave","Corruption","Havoc","Energy Potion","Feel No Pain","True Grit"],"campfire_rested":6,"item_purchase_floors":[3,3,19,19,19,28,41],"current_hp_per_floor":[74,63,63,69,69,75,75,40,47,38,13,15,39,23,47,27,68,45,45,39,39,39,13,9,33,33,57,57,35,25,19,43,37,71,46,43,43,30,30,30,30,54,54,0],"gold":1,"neow_bonus":"THREE_ENEMY_KILL","is_prod":false,"is_daily":false,"chose_seed":false,"campfire_upgraded":1,"win_rate":0,"timestamp":1564424471,"path_taken":["M","?","$","M","?","E","?","E","T","M","?","E","R","M","R","BOSS","M","$","M","?","?","E","M","R","T","R","$","?","?","E","R","BOSS","M","M","?","?","?","R","$","R","T","E"],"build_version":"2019-07-17","purchased_purges":3,"victory":false,"max_hp_per_floor":[75,75,75,75,75,75,75,75,82,82,82,82,82,82,82,82,82,82,82,82,82,82,82,82,82,82,82,82,82,82,82,82,82,82,82,82,82,82,82,82,82,82,82,82],"card_choices":[{"not_picked":["Dropkick","Thunderclap"],"picked":"Headbutt","floor":1.0},{"not_picked":["Clash","Evolve"],"picked":"Shrug It Off","floor":4.0},{"not_picked":["Armaments","Body Slam"],"picked":"Limit Break","floor":6.0},{"not_picked":["Rage","Flex"],"picked":"Rupture","floor":7.0},{"not_picked":["Thunderclap","Body Slam"],"picked":"Clothesline","floor":8.0},{"not_picked":["Clash","Havoc"],"picked":"Clothesline","floor":10.0},{"not_picked":["Rampage","True Grit"],"picked":"Demon Form","floor":12.0},{"not_picked":["Clash","Intimidate"],"picked":"Feel No Pain","floor":14.0},{"not_picked":["Demon Form","Double Tap"],"picked":"Offering","floor":16.0},{"not_picked":[],"picked":"Armaments","floor":18.0},{"not_picked":[],"picked":"Battle Trance","floor":20.0},{"not_picked":[],"picked":"Pommel Strike","floor":23.0},{"not_picked":[],"picked":"Warcry","floor":24.0},{"not_picked":[],"picked":"Seeing Red","floor":29.0},{"not_picked":["Wild Strike"],"picked":"SKIP","floor":30.0},{"not_picked":[],"picked":"Anger","floor":31.0},{"not_picked":[],"picked":"Feed","floor":33.0},{"not_picked":["Perfected Strike+1"],"picked":"SKIP","floor":35.0},{"not_picked":["Perfected Strike+1"],"picked":"SKIP","floor":35.0},{"not_picked":[],"picked":"Heavy Blade","floor":36.0},{"not_picked":["Hemokinesis+1"],"picked":"SKIP","floor":38}],"player_experience":1074568,"relics_obtained":[{"floor":6.0,"key":"Ancient Tea Set"},{"floor":8.0,"key":"Red Skull"},{"floor":9.0,"key":"Strawberry"},{"floor":12.0,"key":"Dodecahedron"},{"floor":23.0,"key":"Ice Cream"},{"floor":26.0,"key":"Paper Frog"},{"floor":31.0,"key":"Bronze Scales"}],"event_choices":[{"damage_healed":0.0,"max_hp_gain":0.0,"max_hp_loss":0.0,"gold_gain":75.0,"event_name":"World of Goop","player_choice":"Gather Gold","floor":2.0,"gold_loss":0.0,"damage_taken":11.0},{"damage_healed":0.0,"max_hp_gain":0.0,"max_hp_loss":0.0,"gold_gain":0.0,"event_name":"Accursed Blacksmith","player_choice":"Rummage","floor":5.0,"gold_loss":0.0,"damage_taken":0.0,"relics_obtained":["WarpedTongs"],"cards_obtained":["Pain"]},{"damage_healed":0.0,"max_hp_gain":0.0,"max_hp_loss":0.0,"gold_gain":0.0,"event_name":"Shining Light","player_choice":"Entered Light","floor":11.0,"gold_loss":0.0,"damage_taken":25.0,"cards_upgraded":["Shrug It Off","Bash"]},{"damage_healed":0.0,"max_hp_gain":0.0,"max_hp_loss":0.0,"gold_gain":50.0,"event_name":"Nest","player_choice":"Stole From Cult","floor":21.0,"gold_loss":0.0,"damage_taken":0.0},{"damage_healed":0.0,"max_hp_gain":0.0,"max_hp_loss":0.0,"gold_gain":0.0,"event_name":"The Mausoleum","player_choice":"Opened","floor":22.0,"gold_loss":0.0,"damage_taken":0.0,"relics_obtained":["StoneCalendar"],"cards_obtained":["Writhe"]},{"damage_healed":0.0,"max_hp_gain":0.0,"max_hp_loss":0.0,"gold_gain":0.0,"event_name":"SecretPortal","player_choice":"Ignored","floor":37.0,"gold_loss":0.0,"damage_taken":0.0},{"cards_removed":["Defend_R"],"damage_healed":0,"gold_gain":0,"player_choice":"Removed Skill","damage_taken":0,"max_hp_gain":0,"max_hp_loss":0,"event_name":"Falling","floor":39,"gold_loss":0}],"is_beta":false,"boss_relics":[{"not_picked":["White Beast Statue","Orrery"],"picked":"Busted Crown"},{"not_picked":["Pandora\u0027s Box","Velvet Choker"],"picked":"Sozu"}],"items_purged_floors":[19,28,41],"is_endless":false,"potions_floor_spawned":[1,4,14,16,20,23,35,38],"killed_by":"Reptomancer","ascension_level":20}