{"gold_per_floor":[113,113,139,152,169,226,226,69,137,154,168,203,203],"floor_reached":13,"playtime":398,"items_purged":["Strike_B"],"score":95,"play_id":"4f98a3c5-29ad-420e-9100-30164da5678d","local_time":"20190702221547","is_ascension_mode":false,"campfire_choices":[{"data":"Dualcast","floor":7,"key":"SMITH"}],"neow_cost":"NONE","seed_source_timestamp":9115073707484,"circlet_count":0,"master_deck":["Strike_B","Strike_B+1","Strike_B","Defend_B","Defend_B","Defend_B","Defend_B+1","Zap","Dualcast+1","Cold Snap","Steam","Trip","Capacitor","Self Repair"],"relics":["Cracked Core","Dream Catcher","Tiny Chest","Kunai","PreservedInsect"],"potions_floor_usage":[6,12],"damage_taken":[{"damage":1,"enemies":"Cultist","floor":1,"turns":3},{"damage":4,"enemies":"Jaw Worm","floor":4,"turns":3},{"damage":0,"enemies":"2 Louse","floor":5,"turns":2},{"damage":10,"enemies":"Lagavulin","floor":6,"turns":7},{"damage":0,"enemies":"Large Slime","floor":10,"turns":5},{"damage":0,"enemies":"Blue Slaver","floor":11,"turns":4},{"damage":31,"enemies":"Gremlin Nob","floor":12,"turns":5},{"damage":14,"enemies":"Lots of Slimes","floor":13,"turns":2}],"seed_played":"-7854274385392657524","potions_obtained":[{"floor":1,"key":"Strength Potion"},{"floor":5,"key":"PowerPotion"},{"floor":12,"key":"Poison Potion"}],"is_trial":false,"path_per_floor":["M","?","T","M","M","E","R","$","T","M","M","E","M"],"character_chosen":"DEFECT","items_purchased":["Trip"],"campfire_rested":0,"item_purchase_floors":[8],"current_hp_per_floor":[74,59,59,55,55,45,45,45,45,45,45,14,0],"gold":203,"neow_bonus":"RANDOM_COMMON_RELIC","is_prod":false,"is_daily":false,"chose_seed":false,"campfire_upgraded":1,"win_rate":0,"timestamp":1562073347,"path_taken":["M","?","?","M","M","E","R","$","T","M","M","E","M"],"build_version":"2019-07-01","purchased_purges":1,"victory":false,"max_hp_per_floor":[75,75,75,75,75,75,75,75,75,75,75,75,75],"card_choices":[{"not_picked":["Chill","Tempest"],"picked":"Cold Snap","floor":1},{"not_picked":["Gash","Aggregate","Streamline"],"picked":"SKIP","floor":4},{"not_picked":["Ball Lightning","Rip and Tear"],"picked":"Steam","floor":5},{"not_picked":["Barrage","Streamline","Chaos"],"picked":"SKIP","floor":6},{"not_picked":["Streamline","Barrage","Rip and Tear"],"picked":"SKIP","floor":10},{"not_picked":["Turbo","Sweeping Beam"],"picked":"Capacitor","floor":11},{"not_picked":["Undo","Stack"],"picked":"Self Repair","floor":12}],"player_experience":147024,"relics_obtained":[{"floor":6,"key":"Tiny Chest"},{"floor":9,"key":"Kunai"},{"floor":12,"key":"PreservedInsect"}],"event_choices":[{"damage_healed":0,"gold_gain":0,"player_choice":"Entered Light","damage_taken":15,"max_hp_gain":0,"max_hp_loss":0,"event_name":"Shining Light","floor":2,"gold_loss":0,"cards_upgraded":["Defend_B","Strike_B"]}],"is_beta":false,"boss_relics":[],"items_purged_floors":[8],"is_endless":false,"potions_floor_spawned":[1,5,12],"killed_by":"Lots of Slimes","ascension_level":0}