{"gold_per_floor":[147,147,1,1,1,1,88,88,88,139,139,139,229,259,259,562,562,595,510,510,609,609,609],"floor_reached":23,"playtime":741,"items_purged":[],"score":232,"play_id":"1ec96bc6-1286-4386-a06f-0439e6722e58","local_time":"20190722211517","daily_mods":["SealedDeck","Vintage","Midas"],"is_ascension_mode":true,"campfire_choices":[{"floor":6.0,"key":"REST"},{"floor":8.0,"key":"REST"},{"floor":12.0,"key":"REST"},{"floor":15.0,"key":"REST"}],"neow_cost":"","seed_source_timestamp":0,"circlet_count":0,"master_deck":["Anger","Clothesline","Pommel Strike","Hemokinesis+1","Rupture","Cleave","Flame Barrier","Shrug It Off","Armaments+1","Shrug It Off+1","Spot Weakness"],"special_seed":0,"relics":["Burning Blood","Champion Belt","Bronze Scales","Happy Flower","Pear","Oddly Smooth Stone","Vajra","PreservedInsect","Velvet Choker","FossilizedHelix","Gambling Chip"],"potions_floor_usage":[],"damage_taken":[{"damage":3.0,"enemies":"Jaw Worm","floor":1.0,"turns":3.0},{"damage":20.0,"enemies":"3 Sentries","floor":7.0,"turns":5.0},{"damage":14.0,"enemies":"Small Slimes","floor":10.0,"turns":2.0},{"damage":11.0,"enemies":"Lagavulin","floor":13.0,"turns":5.0},{"damage":2.0,"enemies":"Cultist","floor":14.0,"turns":2.0},{"damage":22.0,"enemies":"Slime Boss","floor":16.0,"turns":8.0},{"damage":2.0,"enemies":"2 Thieves","floor":18.0,"turns":3.0},{"damage":7,"enemies":"Slavers","floor":23,"turns":3}],"seed_played":"6155061238918737055","potions_obtained":[{"floor":10.0,"key":"PowerPotion"}],"is_trial":true,"path_per_floor":["M","?","$","?","?","R","E","R","T","M","$","R","E","M","R","B",null,"M","?","?","?","?","E"],"character_chosen":"IRONCLAD","items_purchased":["Bronze Scales"],"campfire_rested":4,"item_purchase_floors":[3],"current_hp_per_floor":[80,80,80,64,64,80,66,80,90,82,82,90,85,89,90,74,90,90,90,90,90,90,83],"gold":609,"neow_bonus":"","is_prod":false,"is_daily":false,"chose_seed":false,"campfire_upgraded":0,"win_rate":0,"timestamp":1563848117,"path_taken":["M","?","$","?","?","R","E","R","T","M","$","R","E","?","R","BOSS","M","?","?","?","?","E"],"build_version":"2019-07-17","purchased_purges":0,"victory":false,"max_hp_per_floor":[80,80,80,80,80,80,80,80,90,90,90,90,90,90,90,90,90,90,90,90,90,90,90],"card_choices":[{"not_picked":["Flame Barrier","Burning Pact"],"picked":"Spot Weakness","floor":7.0},{"not_picked":["Body Slam","Armaments","Pommel Strike"],"picked":"SKIP","floor":13.0}],"player_experience":421718,"relics_obtained":[{"floor":1.0,"key":"Champion Belt"},{"floor":7.0,"key":"Happy Flower"},{"floor":9.0,"key":"Pear"},{"floor":10.0,"key":"Oddly Smooth Stone"},{"floor":13.0,"key":"Vajra"},{"floor":14.0,"key":"PreservedInsect"},{"floor":18.0,"key":"FossilizedHelix"}],"event_choices":[{"damage_healed":0.0,"max_hp_gain":0.0,"max_hp_loss":0.0,"gold_gain":0.0,"event_name":"The Cleric","player_choice":"Leave","floor":2.0,"gold_loss":0.0,"damage_taken":0.0},{"damage_healed":0.0,"max_hp_gain":0.0,"max_hp_loss":0.0,"gold_gain":0.0,"event_name":"Shining Light","player_choice":"Entered Light","floor":4.0,"gold_loss":0.0,"damage_taken":16.0,"cards_upgraded":["Armaments","Shrug It Off"]},{"damage_healed":0.0,"max_hp_gain":0.0,"max_hp_loss":0.0,"gold_gain":0.0,"event_name":"Upgrade Shrine","player_choice":"Upgraded","floor":5.0,"gold_loss":0.0,"damage_taken":0.0,"cards_upgraded":["Hemokinesis"]},{"damage_healed":0.0,"max_hp_gain":0.0,"max_hp_loss":0.0,"gold_gain":0.0,"event_name":"Addict","player_choice":"Obtained Relic","floor":19.0,"gold_loss":85.0,"damage_taken":0.0,"relics_obtained":["Gambling Chip"]},{"damage_healed":0.0,"max_hp_gain":0.0,"max_hp_loss":0.0,"gold_gain":0.0,"event_name":"Back to Basics","player_choice":"Simplicity","floor":20.0,"gold_loss":0.0,"damage_taken":0.0,"cards_upgraded":[]},{"damage_healed":0.0,"max_hp_gain":0.0,"max_hp_loss":0.0,"gold_gain":99.0,"event_name":"Nest","player_choice":"Stole From Cult","floor":21.0,"gold_loss":0.0,"damage_taken":0.0},{"damage_healed":0,"gold_gain":0,"player_choice":"Ignored","damage_taken":0,"max_hp_gain":0,"max_hp_loss":0,"event_name":"Beggar","floor":22,"gold_loss":0}],"is_beta":false,"boss_relics":[{"not_picked":["Calling Bell","Lizard Tail"],"picked":"Velvet Choker"}],"items_purged_floors":[],"is_endless":false,"potions_floor_spawned":[10],"killed_by":"Slavers","ascension_level":4}