{"gold_per_floor":[114,127,127,144,47,47,79,98,98,118,118,118,134,150,150,223,223,236,254,254,254,179,179,25,25,25,25,25,25],"floor_reached":29,"playtime":854,"items_purged":["Strike_B"],"score":446,"play_id":"226ce334-a504-497d-bf7b-5c9dee05f1a2","local_time":"20190726194646","is_ascension_mode":true,"campfire_choices":[{"data":"Zap","floor":6.0,"key":"SMITH"},{"data":"Fusion","floor":11.0,"key":"SMITH"},{"floor":15.0,"key":"REST"},{"floor":23,"key":"REST"},{"floor":25,"key":"REST"},{"floor":27,"key":"REST"}],"neow_cost":"TEN_PERCENT_HP_LOSS","seed_source_timestamp":2544412938363,"circlet_count":0,"master_deck":["AscendersBane","Strike_B","Defend_B","Defend_B","Defend_B","Defend_B","Zap+1","Dualcast","Ball Lightning","Cold Snap","Conserve Battery","Purity","Cold Snap","Fusion+1","Reboot","Biased Cognition","Stack+1","Defragment","Glacier"],"special_seed":0,"relics":["Cracked Core","Unceasing Top","Vajra","Ornamental Fan","Fusion Hammer","Enchiridion","Calipers"],"potions_floor_usage":[29],"damage_taken":[{"damage":5.0,"enemies":"Small Slimes","floor":1.0,"turns":3.0},{"damage":0.0,"enemies":"2 Louse","floor":2.0,"turns":1.0},{"damage":2.0,"enemies":"Jaw Worm","floor":4.0,"turns":3.0},{"damage":11.0,"enemies":"Lagavulin","floor":7.0,"turns":7.0},{"damage":4.0,"enemies":"Blue Slaver","floor":8.0,"turns":3.0},{"damage":10.0,"enemies":"Red Slaver","floor":10.0,"turns":2.0},{"damage":0.0,"enemies":"Looter","floor":13.0,"turns":2.0},{"damage":12.0,"enemies":"Lots of Slimes","floor":14.0,"turns":4.0},{"damage":15.0,"enemies":"The Guardian","floor":16.0,"turns":10.0},{"damage":0.0,"enemies":"Spheric Guardian","floor":18.0,"turns":3.0},{"damage":16.0,"enemies":"2 Thieves","floor":19.0,"turns":4.0},{"damage":69,"enemies":"Gremlin Leader","floor":29,"turns":14}],"seed_played":"-1201632766837427654","potions_obtained":[{"floor":8.0,"key":"AttackPotion"},{"floor":13.0,"key":"FearPotion"},{"floor":16.0,"key":"FocusPotion"},{"floor":19.0,"key":"LiquidBronze"}],"is_trial":false,"path_per_floor":["M","M","?","M","$","R","E","M","T","M","R","?","M","M","R","B",null,"M","M","?","?","?","R","$","R","T","R","$","E"],"character_chosen":"DEFECT","items_purchased":["Purity","Glacier"],"campfire_rested":4,"item_purchase_floors":[5,24],"current_hp_per_floor":[59,59,52,50,50,50,39,35,35,25,25,25,25,13,32,17,52,52,36,15,15,15,34,34,53,53,64,64,0],"gold":25,"neow_bonus":"ONE_RARE_RELIC","is_prod":false,"is_daily":false,"chose_seed":false,"campfire_upgraded":2,"win_rate":0,"timestamp":1564163206,"path_taken":["M","M","?","M","$","R","E","M","T","M","R","?","M","M","R","BOSS","M","M","?","?","?","R","$","R","T","R","?","E"],"build_version":"2019-07-18","purchased_purges":1,"victory":false,"max_hp_per_floor":[64,64,64,64,64,64,64,64,64,64,64,64,64,64,64,64,64,64,64,64,64,64,64,64,64,64,64,64,64],"card_choices":[{"not_picked":["Coolheaded","Rebound"],"picked":"Ball Lightning","floor":1.0},{"not_picked":["Consume","Streamline"],"picked":"Cold Snap","floor":2.0},{"not_picked":["Storm","Static Discharge"],"picked":"Conserve Battery","floor":4.0},{"not_picked":["Sunder","Meteor Strike"],"picked":"Cold Snap","floor":7.0},{"not_picked":["Chaos","Redo","Hello World"],"picked":"SKIP","floor":8.0},{"not_picked":["Hologram","Conserve Battery"],"picked":"Fusion","floor":10.0},{"not_picked":["Blizzard","Cold Snap"],"picked":"Reboot","floor":13.0},{"not_picked":["Sweeping Beam","Conserve Battery","Lockon"],"picked":"SKIP","floor":14.0},{"not_picked":["Creative AI","Seek"],"picked":"Biased Cognition","floor":16.0},{"not_picked":["Auto Shields+1","Ball Lightning"],"picked":"Stack+1","floor":18.0},{"not_picked":["Storm","Glacier"],"picked":"Defragment","floor":19.0}],"player_experience":1923407,"relics_obtained":[{"floor":7.0,"key":"Vajra"},{"floor":9.0,"key":"Ornamental Fan"},{"floor":20,"key":"Enchiridion"},{"floor":26,"key":"Calipers"}],"event_choices":[{"cards_removed":["Strike_B"],"damage_healed":0.0,"max_hp_gain":0.0,"max_hp_loss":0.0,"gold_gain":0.0,"event_name":"Golden Wing","player_choice":"Card Removal","floor":3.0,"gold_loss":0.0,"damage_taken":7.0},{"damage_healed":0.0,"max_hp_gain":0.0,"max_hp_loss":0.0,"gold_gain":0.0,"event_name":"Liars Game","player_choice":"Ignored","floor":12.0,"gold_loss":0.0,"damage_taken":0.0},{"damage_healed":0,"gold_gain":0,"player_choice":"Obtained Book","damage_taken":21,"max_hp_gain":0,"max_hp_loss":0,"event_name":"Cursed Tome","floor":20,"gold_loss":0},{"damage_healed":0,"gold_gain":0,"player_choice":"Ignored","damage_taken":0,"max_hp_gain":0,"max_hp_loss":0,"event_name":"Vampires","floor":21,"gold_loss":0},{"cards_removed":["Strike_B"],"damage_healed":0,"gold_gain":0,"player_choice":"Gave Gold","damage_taken":0,"max_hp_gain":0,"max_hp_loss":0,"event_name":"Beggar","floor":22,"gold_loss":75}],"is_beta":true,"boss_relics":[{"not_picked":["FrozenCore","Runic Pyramid"],"picked":"Fusion Hammer"}],"items_purged_floors":[24],"is_endless":false,"potions_floor_spawned":[8,13,14,16,19],"killed_by":"Gremlin Leader","ascension_level":20}