{"gold_per_floor":[118,8,23,34,46,46,80,93,119,84,95,125,300,176,176,278,278,297,138,138,158,158],"floor_reached":22,"playtime":1130,"items_purged":["Strike_R","Doubt","Strike_R"],"score":400,"play_id":"f918024e-f8f3-40e9-8e92-49538a3ae64c","local_time":"20190802222120","is_ascension_mode":true,"campfire_choices":[{"floor":6,"key":"REST"},{"floor":15,"key":"REST"}],"neow_cost":"","seed_source_timestamp":452834294085500,"circlet_count":0,"master_deck":["Strike_R","Strike_R","Strike_R","Defend_R","Defend_R","Defend_R","Defend_R","Bash","Rampage","Metallicize","Rampage","Headbutt","Battle Trance","Juggernaut","Ghostly Armor","Inflame"],"relics":["Burning Blood","Bird Faced Urn","Boot","Pen Nib","Smiling Mask","Runic Pyramid","Juzu Bracelet"],"potions_floor_usage":[12,16,18,18],"damage_taken":[{"damage":0,"enemies":"2 Louse","floor":1,"turns":3},{"damage":18,"enemies":"Small Slimes","floor":3,"turns":4},{"damage":4,"enemies":"Jaw Worm","floor":4,"turns":4},{"damage":48,"enemies":"Exordium Thugs","floor":5,"turns":7},{"damage":33,"enemies":"Lagavulin","floor":7,"turns":7},{"damage":9,"enemies":"Looter","floor":8,"turns":3},{"damage":11,"enemies":"Large Slime","floor":11,"turns":7},{"damage":40,"enemies":"3 Sentries","floor":12,"turns":9},{"damage":30,"enemies":"Hexaghost","floor":16,"turns":9},{"damage":39,"enemies":"3 Byrds","floor":18,"turns":7},{"damage":9,"enemies":"Chosen","floor":21,"turns":5},{"damage":61,"enemies":"Centurion and Healer","floor":22,"turns":8}],"seed_played":"2544449179852586508","potions_obtained":[{"floor":1,"key":"Ancient Potion"},{"floor":7,"key":"BloodPotion"},{"floor":11,"key":"Dexterity Potion"},{"floor":12,"key":"AttackPotion"},{"floor":16,"key":"SkillPotion"},{"floor":18,"key":"Strength Potion"},{"floor":21,"key":"Dexterity Potion"}],"is_trial":false,"path_per_floor":["M","$","M","M","M","R","E","M","T","?","M","E","?","$","R","B",null,"M","$","?","M","M"],"character_chosen":"IRONCLAD","items_purchased":["Rampage","Rampage","Battle Trance","Ghostly Armor","Inflame"],"campfire_rested":2,"item_purchase_floors":[0,2,14,19,19],"current_hp_per_floor":[78,78,68,72,32,56,31,30,30,50,47,35,35,35,59,37,69,38,38,38,41,0],"gold":158,"neow_bonus":"","is_prod":false,"is_daily":false,"chose_seed":false,"campfire_upgraded":0,"win_rate":0,"timestamp":1564802480,"path_taken":["M","$","M","M","M","R","E","M","T","?","M","E","?","$","R","BOSS","M","$","?","M","M"],"build_version":"2019-07-17","purchased_purges":3,"victory":false,"max_hp_per_floor":[80,80,80,80,80,80,80,80,80,80,80,80,80,80,80,80,80,80,80,80,80,80],"card_choices":[{"not_picked":["Rupture","Clothesline"],"picked":"Metallicize","floor":1},{"not_picked":["Dual Wield","Sword Boomerang","Flex"],"picked":"SKIP","floor":3},{"not_picked":["Wild Strike","Corruption","Evolve"],"picked":"SKIP","floor":4},{"not_picked":["Wild Strike","Iron Wave","Warcry"],"picked":"SKIP","floor":5},{"not_picked":["Sever Soul","Dark Embrace","Anger"],"picked":"SKIP","floor":7},{"not_picked":["Searing Blow","Infernal Blade","Twin Strike"],"picked":"SKIP","floor":8},{"not_picked":["Cleave","Rage"],"picked":"Headbutt","floor":11},{"not_picked":["Entrench","Offering","Whirlwind"],"picked":"SKIP","floor":12},{"not_picked":["Brutality","Barricade"],"picked":"Juggernaut","floor":16},{"not_picked":["Sword Boomerang","Thunderclap","True Grit"],"picked":"SKIP","floor":18},{"not_picked":["Flex","Thunderclap","Twin Strike+1"],"picked":"SKIP","floor":21}],"player_experience":446469,"relics_obtained":[{"floor":7,"key":"Boot"},{"floor":9,"key":"Pen Nib"},{"floor":12,"key":"Smiling Mask"},{"floor":20,"key":"Juzu Bracelet"}],"event_choices":[{"damage_healed":20,"gold_gain":0,"player_choice":"Healed","damage_taken":0,"max_hp_gain":0,"max_hp_loss":0,"event_name":"The Cleric","floor":10,"gold_loss":35},{"damage_healed":0,"gold_gain":175,"player_choice":"AGREE","damage_taken":0,"max_hp_gain":0,"max_hp_loss":0,"event_name":"Liars Game","floor":13,"gold_loss":0,"cards_obtained":["Doubt"]},{"damage_healed":0,"gold_gain":0,"player_choice":"Relic","damage_taken":0,"max_hp_gain":0,"max_hp_loss":0,"event_name":"Wheel of Change","floor":20,"gold_loss":0}],"is_beta":false,"boss_relics":[{"not_picked":["Eternal Feather","Lizard Tail"],"picked":"Runic Pyramid"}],"items_purged_floors":[2,14,19],"is_endless":false,"potions_floor_spawned":[1,7,11,12,16,18,21],"killed_by":"Centurion and Healer","ascension_level":7}