{"gold_per_floor":[113,128,128,25,41,41,76,76,76,1,36,53,53,66,66,66],"floor_reached":16,"playtime":373,"items_purged":["Pain"],"score":220,"play_id":"6885fa5e-0166-4b9b-90d7-75eeabe09bfa","local_time":"20190803003547","is_ascension_mode":true,"campfire_choices":[{"data":"Hologram","floor":6,"key":"SMITH"},{"data":"Genetic Algorithm","floor":8,"key":"SMITH"},{"data":"Creative AI","floor":13,"key":"SMITH"},{"data":"Recycle","floor":15,"key":"SMITH"}],"neow_cost":"NONE","seed_source_timestamp":17877354852604,"circlet_count":0,"master_deck":["AscendersBane","Strike_B","Strike_B","Strike_B","Defend_B","Defend_B","Defend_B","Defend_B","Zap+1","Dualcast","Genetic Algorithm+1","Auto Shields","Hologram+1","Cold Snap","BootSequence","Creative AI+1","Recycle+1"],"relics":["Cracked Core","WarpedTongs","Anchor","Question Card","Symbiotic Virus"],"potions_floor_usage":[11,16],"damage_taken":[{"damage":4,"enemies":"Small Slimes","floor":1,"turns":4},{"damage":1,"enemies":"Cultist","floor":2,"turns":4},{"damage":0,"enemies":"2 Louse","floor":5,"turns":1},{"damage":16,"enemies":"Lagavulin","floor":7,"turns":9},{"damage":24,"enemies":"Gremlin Nob","floor":11,"turns":4},{"damage":0,"enemies":"Looter","floor":12,"turns":3},{"damage":0,"enemies":"Blue Slaver","floor":14,"turns":3},{"damage":26,"enemies":"Slime Boss","floor":16,"turns":7}],"seed_played":"7553176636492635657","potions_obtained":[{"floor":1,"key":"AttackPotion"},{"floor":11,"key":"SpeedPotion"},{"floor":14,"key":"Fire Potion"}],"is_trial":false,"path_per_floor":["M","M","?","$","M","R","E","R","T","?","E","M","R","M","R","B"],"character_chosen":"DEFECT","items_purchased":["Hologram"],"campfire_rested":0,"item_purchase_floors":[4],"current_hp_per_floor":[60,59,59,59,59,59,43,43,43,43,19,19,19,19,19,0],"gold":66,"neow_bonus":"UPGRADE_CARD","is_prod":false,"is_daily":false,"chose_seed":false,"campfire_upgraded":4,"win_rate":0,"timestamp":1564785347,"path_taken":["M","M","?","$","?","R","E","R","T","?","E","M","R","M","R","BOSS"],"build_version":"2019-07-18","purchased_purges":1,"victory":false,"max_hp_per_floor":[71,71,71,71,71,71,71,71,71,71,71,71,71,71,71,71],"card_choices":[{"not_picked":["Hologram","Go for the Eyes"],"picked":"Genetic Algorithm","floor":1},{"not_picked":["Gash","Stack"],"picked":"Auto Shields","floor":2},{"not_picked":["Capacitor","Barrage"],"picked":"Cold Snap","floor":5},{"not_picked":["Scrape","Stack","Steam"],"picked":"SKIP","floor":7},{"not_picked":["Tempest","Storm","Cold Snap"],"picked":"BootSequence","floor":11},{"not_picked":["Defragment","Hologram","Fusion"],"picked":"Creative AI","floor":12},{"not_picked":["Cold Snap","Hologram","Gash"],"picked":"Recycle","floor":14}],"player_experience":1946217,"relics_obtained":[{"floor":7,"key":"Anchor"},{"floor":9,"key":"Question Card"},{"floor":11,"key":"Symbiotic Virus"}],"event_choices":[{"damage_healed":0,"gold_gain":0,"player_choice":"Rummage","damage_taken":0,"relics_obtained":["WarpedTongs"],"max_hp_gain":0,"max_hp_loss":0,"event_name":"Accursed Blacksmith","floor":3,"gold_loss":0,"cards_obtained":["Pain"]},{"cards_removed":["Strike_B"],"damage_healed":0,"gold_gain":0,"player_choice":"Card Removal","damage_taken":0,"max_hp_gain":0,"max_hp_loss":0,"event_name":"The Cleric","floor":10,"gold_loss":75}],"is_beta":true,"boss_relics":[],"items_purged_floors":[4],"is_endless":false,"potions_floor_spawned":[1,11,14],"killed_by":"Slime Boss","ascension_level":20}