{"gold_per_floor":[118,118,118,118,130,130,157,169,169,197,197,226,226,252,252,325,325,305,319,319,369,387,387,404,404,431,431,449,461,461],"floor_reached":30,"playtime":1361,"items_purged":[],"score":566,"play_id":"564be08d-3e38-4b54-99c9-2173aca2d463","local_time":"20190807111307","is_ascension_mode":true,"campfire_choices":[{"floor":6,"key":"REST"},{"floor":11,"key":"REST"},{"data":"Dualcast","floor":15,"key":"SMITH"},{"data":"Loop","floor":23,"key":"SMITH"},{"data":"Buffer","floor":25,"key":"SMITH"},{"data":"Sunder","floor":27,"key":"SMITH"}],"neow_cost":"NONE","seed_source_timestamp":10969914139209,"circlet_count":0,"master_deck":["AscendersBane","Strike_B","Strike_B","Strike_B+1","Strike_B+1","Defend_B","Defend_B","Defend_B","Zap","Dualcast+1","Electrodynamics","Static Discharge","Reinforced Body","Self Repair","Sunder+1","Gash","Parasite","Glacier","Buffer+1","Capacitor","Loop+1","Coolheaded","Gash","Gash"],"relics":["Cracked Core","Anchor","The Courier","FossilizedHelix","Bag of Preparation","Blue Candle","Coffee Dripper","Omamori"],"potions_floor_usage":[7,14,14,16,22,24,30,30],"damage_taken":[{"damage":0,"enemies":"Small Slimes","floor":1,"turns":3},{"damage":3,"enemies":"2 Louse","floor":5,"turns":2},{"damage":32,"enemies":"Gremlin Nob","floor":7,"turns":4},{"damage":0,"enemies":"Cultist","floor":8,"turns":3},{"damage":30,"enemies":"Lagavulin","floor":10,"turns":8},{"damage":0,"enemies":"3 Sentries","floor":12,"turns":4},{"damage":24,"enemies":"Gremlin Nob","floor":14,"turns":3},{"damage":42,"enemies":"Hexaghost","floor":16,"turns":11},{"damage":6,"enemies":"2 Thieves","floor":18,"turns":4},{"damage":6,"enemies":"Shell Parasite","floor":19,"turns":10},{"damage":34,"enemies":"Sentry and Sphere","floor":22,"turns":7},{"damage":0,"enemies":"Snecko","floor":24,"turns":6},{"damage":16,"enemies":"Snake Plant","floor":28,"turns":4},{"damage":0,"enemies":"Shelled Parasite and Fungi","floor":29,"turns":10},{"damage":10,"enemies":"Sentry and Sphere","floor":30,"turns":7}],"seed_played":"-6623296877201456469","potions_obtained":[{"floor":5,"key":"PowerPotion"},{"floor":10,"key":"SkillPotion"},{"floor":12,"key":"PowerPotion"},{"floor":14,"key":"Weak Potion"},{"floor":16,"key":"Swift Potion"},{"floor":18,"key":"SteroidPotion"},{"floor":22,"key":"SpeedPotion"},{"floor":29,"key":"EssenceOfSteel"}],"is_trial":false,"path_per_floor":["M","?","?","?","M","R","E","M","T","E","R","E","?","E","R","B",null,"M","M","?","?","M","R","M","R","T","R","M","M","M"],"character_chosen":"DEFECT","items_purchased":[],"campfire_rested":2,"item_purchase_floors":[],"current_hp_per_floor":[64,43,48,41,38,60,28,35,35,12,34,41,60,43,43,8,59,60,61,39,39,12,12,19,19,19,19,3,10,0],"gold":461,"neow_bonus":"ONE_RANDOM_RARE_CARD","is_prod":false,"is_daily":false,"chose_seed":false,"campfire_upgraded":4,"win_rate":0,"timestamp":1565143987,"path_taken":["M","?","?","?","M","R","E","M","T","E","R","E","?","E","R","BOSS","M","M","?","?","M","R","?","R","T","R","M","M","M"],"build_version":"2019-07-17","purchased_purges":0,"victory":false,"max_hp_per_floor":[71,71,76,76,76,76,76,76,76,76,76,76,76,76,76,76,76,76,76,81,81,81,81,81,81,81,81,81,81,81],"card_choices":[{"not_picked":["Beam Cell","Turbo"],"picked":"Static Discharge","floor":1},{"not_picked":["Heatsinks","Melter"],"picked":"Reinforced Body","floor":5},{"not_picked":["Reprogram","Multi-Cast"],"picked":"Self Repair","floor":7},{"not_picked":["Double Energy","Barrage"],"picked":"Sunder","floor":8},{"not_picked":["Hologram","Double Energy","FTL"],"picked":"SKIP","floor":10},{"not_picked":["Beam Cell","Sweeping Beam"],"picked":"Gash","floor":12},{"not_picked":["Barrage","White Noise"],"picked":"Glacier","floor":14},{"not_picked":["Core Surge","Multi-Cast"],"picked":"Buffer","floor":16},{"not_picked":["Redo+1","Go for the Eyes+1"],"picked":"Capacitor","floor":18},{"not_picked":["Redo","Coolheaded"],"picked":"Loop","floor":19},{"not_picked":["Hologram","Steam Power","Rebound"],"picked":"SKIP","floor":22},{"not_picked":["White Noise","Ball Lightning+1"],"picked":"Coolheaded","floor":24},{"not_picked":["Doom and Gloom","Static Discharge"],"picked":"Gash","floor":28},{"not_picked":["Go for the Eyes","Barrage"],"picked":"Gash","floor":29}],"player_experience":283398,"relics_obtained":[{"floor":7,"key":"Anchor"},{"floor":9,"key":"The Courier"},{"floor":10,"key":"FossilizedHelix"},{"floor":12,"key":"Bag of Preparation"},{"floor":14,"key":"Blue Candle"},{"floor":26,"key":"Omamori"}],"event_choices":[{"damage_healed":0,"gold_gain":0,"player_choice":"Entered Light","damage_taken":21,"max_hp_gain":0,"max_hp_loss":0,"event_name":"Shining Light","floor":2,"gold_loss":0,"cards_upgraded":["Strike_B","Strike_B"]},{"damage_healed":0,"gold_gain":0,"player_choice":"Donut","damage_taken":0,"max_hp_gain":5,"max_hp_loss":0,"event_name":"Big Fish","floor":3,"gold_loss":0},{"cards_removed":["Defend_B"],"damage_healed":0,"gold_gain":0,"player_choice":"Card Removal","damage_taken":7,"max_hp_gain":0,"max_hp_loss":0,"event_name":"Golden Wing","floor":4,"gold_loss":0},{"damage_healed":19,"gold_gain":0,"player_choice":"Healed and dodged fight","damage_taken":0,"max_hp_gain":0,"max_hp_loss":0,"event_name":"Mushrooms","floor":13,"gold_loss":0,"cards_obtained":["Parasite"]},{"damage_healed":0,"gold_gain":0,"player_choice":"Shed Blood","damage_taken":27,"max_hp_gain":5,"max_hp_loss":0,"event_name":"Forgotten Altar","floor":20,"gold_loss":0},{"damage_healed":0,"gold_gain":50,"player_choice":"Pray","damage_taken":0,"max_hp_gain":0,"max_hp_loss":0,"event_name":"Golden Shrine","floor":21,"gold_loss":0}],"is_beta":false,"boss_relics":[{"not_picked":["Eternal Feather","White Beast Statue"],"picked":"Coffee Dripper"}],"items_purged_floors":[],"is_endless":false,"potions_floor_spawned":[5,10,12,14,16,18,19,22,29],"killed_by":"Sentry and Sphere","ascension_level":20}