{"gold_per_floor":[116,129,148,148,95,95,129,43,43,43],"floor_reached":10,"playtime":203,"items_purged":[],"score":132,"play_id":"2a80b9cf-de94-4730-b40f-1ff8a70fcb07","local_time":"20190707170630","is_ascension_mode":true,"campfire_choices":[{"data":"Rip and Tear","floor":6,"key":"SMITH"}],"neow_cost":"NONE","seed_source_timestamp":12156715395279,"circlet_count":0,"master_deck":["AscendersBane","Strike_B","Strike_B","Strike_B","Defend_B","Defend_B","Defend_B","Defend_B","Zap","Dualcast","Reboot","Rip and Tear+1","Conserve Battery","Chill","Sweeping Beam"],"relics":["Cracked Core","Sundial","Bag of Marbles","Letter Opener"],"potions_floor_usage":[10,10],"damage_taken":[{"damage":3,"enemies":"2 Louse","floor":1,"turns":3},{"damage":7,"enemies":"Jaw Worm","floor":2,"turns":2},{"damage":0,"enemies":"Cultist","floor":3,"turns":3},{"damage":21,"enemies":"Lagavulin","floor":7,"turns":7},{"damage":43,"enemies":"Gremlin Nob","floor":10,"turns":3}],"seed_played":"620473852713732455","potions_obtained":[{"floor":1,"key":"Strength Potion"}],"is_trial":false,"path_per_floor":["M","M","M","?","?","R","E","$","T","E"],"character_chosen":"DEFECT","items_purchased":["Regen Potion"],"campfire_rested":0,"item_purchase_floors":[8],"current_hp_per_floor":[61,54,54,47,47,47,26,26,26,0],"gold":43,"neow_bonus":"ONE_RANDOM_RARE_CARD","is_prod":false,"is_daily":false,"chose_seed":false,"campfire_upgraded":1,"win_rate":0,"timestamp":1562511990,"path_taken":["M","M","M","?","?","R","E","$","T","E"],"build_version":"2019-07-03","purchased_purges":0,"victory":false,"max_hp_per_floor":[71,71,71,71,71,71,71,71,71,71],"card_choices":[{"not_picked":["Loop","Heatsinks"],"picked":"Rip and Tear","floor":1},{"not_picked":["Go for the Eyes","Chaos"],"picked":"Conserve Battery","floor":2},{"not_picked":["Tempest","Conserve Battery"],"picked":"Chill","floor":3},{"not_picked":["Compile Driver","Steam"],"picked":"Sweeping Beam","floor":7}],"player_experience":1824567,"relics_obtained":[{"floor":7,"key":"Bag of Marbles"},{"floor":9,"key":"Letter Opener"}],"event_choices":[{"cards_removed":["Strike_B"],"damage_healed":0,"gold_gain":0,"player_choice":"Card Removal","damage_taken":7,"max_hp_gain":0,"max_hp_loss":0,"event_name":"Golden Wing","floor":4,"gold_loss":0},{"damage_healed":0,"gold_gain":0,"player_choice":"Paid Gold","damage_taken":0,"relics_obtained":["Sundial"],"max_hp_gain":0,"max_hp_loss":0,"event_name":"WeMeetAgain","floor":5,"gold_loss":53}],"is_beta":true,"boss_relics":[],"items_purged_floors":[],"is_endless":false,"potions_floor_spawned":[1],"killed_by":"Gremlin Nob","ascension_level":20}