{"gold_per_floor":[112,112,138,138,155,155,57,82,82,92,92,92,117,128,128,232,232,172,188,88,88,88,88,107,127,151,151,151],"floor_reached":28,"playtime":1327,"items_purged":["Strike_Br","Defend_Br"],"score":239,"play_id":"b0bc5714-e407-4f6d-97f3-a5fa9a5d8d76","local_time":"20190730145925","is_ascension_mode":false,"campfire_choices":[{"data":"Accruing","floor":6,"key":"SMITH"},{"data":"TickedOff","floor":11,"key":"SMITH"},{"data":"OldTimer","floor":15,"key":"SMITH"},{"floor":23,"key":"REST"},{"floor":27,"key":"REST"}],"neow_cost":"NONE","seed_source_timestamp":40836392428443,"circlet_count":0,"master_deck":["Strike_Br+1","Strike_Br","Defend_Br","Defend_Br","SecondHand+1","PatternShift","HandsUpB","Accruing+1","CrunchTime","TickedOff+1","OldTimer+1","LockedBlood","Pendulum","TiringSlam+1"],"relics":["Chronometer","NeowsBlessing","Omamori","Juzu Bracelet","Odd Mushroom","Empty Cage","Bag of Preparation","Necronomicon","Happy Flower"],"potions_floor_usage":[16,25,25],"damage_taken":[{"damage":0,"enemies":"2 Louse","floor":1,"turns":1},{"damage":0,"enemies":"Jaw Worm","floor":5,"turns":1},{"damage":0,"enemies":"Gremlin Nob","floor":8,"turns":1},{"damage":0,"enemies":"Small Slimes","floor":10,"turns":3},{"damage":7,"enemies":"The Mushroom Lair","floor":13,"turns":5},{"damage":0,"enemies":"2 Fungi Beasts","floor":14,"turns":6},{"damage":33,"enemies":"Slime Boss","floor":16,"turns":13},{"damage":19,"enemies":"2 Thieves","floor":18,"turns":4},{"damage":2,"enemies":"3 Byrds","floor":19,"turns":7},{"damage":38,"enemies":"3 Cultists","floor":24,"turns":7},{"damage":32,"enemies":"Snake Plant","floor":25,"turns":6},{"damage":0,"enemies":"Cultist and Chosen","floor":28,"turns":1}],"seed_played":"1178170542790002148","potions_obtained":[{"floor":5,"key":"Swift Potion"},{"floor":8,"key":"AttackPotion"},{"floor":24,"key":"Regen Potion"},{"floor":25,"key":"AttackPotion"}],"is_trial":false,"path_per_floor":["M","?","T","?","M","R","$","E","T","M","R","?","?","M","R","B",null,"M","M","$","?","?","R","M","M","T","R","M"],"character_chosen":"CHRONO_CLASS","items_purchased":["CrunchTime"],"campfire_rested":2,"item_purchase_floors":[7],"current_hp_per_floor":[65,52,52,52,52,52,52,52,52,52,52,57,50,50,50,21,70,51,49,49,49,33,54,18,6,6,27,27],"gold":151,"neow_bonus":"THREE_ENEMY_KILL","is_prod":false,"is_daily":false,"chose_seed":false,"campfire_upgraded":3,"win_rate":0.0,"timestamp":1564466365,"path_taken":["M","?","?","?","M","R","$","E","T","M","R","?","?","M","R","BOSS","M","M","$","?","?","R","M","M","T","R","M"],"build_version":"2019-07-17","purchased_purges":2,"victory":false,"max_hp_per_floor":[65,65,65,65,65,65,65,65,65,65,65,70,70,70,70,70,70,70,70,70,70,70,70,70,70,70,70,70],"card_choices":[{"not_picked":["HandsUpC","Engulf"],"picked":"HandsUpB","floor":1},{"not_picked":["Goo","AlternateTimeline"],"picked":"Accruing","floor":5},{"not_picked":["Facsimile","Engulf","PrimeTime"],"picked":"SKIP","floor":8},{"not_picked":["ExoVibe","WindUp"],"picked":"TickedOff","floor":10},{"not_picked":["LockedMercury","LockedMawBank"],"picked":"OldTimer","floor":13},{"not_picked":["LockedScales","Cuckoo"],"picked":"LockedBlood","floor":14},{"not_picked":["LockedAstrolabe","LockedFlame"],"picked":"Pendulum","floor":16},{"not_picked":["PrimeTime","Tempo"],"picked":"TiringSlam+1","floor":18},{"not_picked":["LockedScales","Engulf+1","PrimeTime"],"picked":"SKIP","floor":19},{"not_picked":["AlternateTimeline","Facsimile","ReapSow"],"picked":"SKIP","floor":24},{"not_picked":["Facsimile","ExoVibe","CrunchTime"],"picked":"SKIP","floor":25}],"player_experience":206925,"relics_obtained":[{"floor":3,"key":"Omamori"},{"floor":8,"key":"Juzu Bracelet"},{"floor":13,"key":"Odd Mushroom"},{"floor":22,"key":"Necronomicon"},{"floor":26,"key":"Happy Flower"}],"event_choices":[{"damage_healed":0,"gold_gain":0,"player_choice":"Entered Light","damage_taken":13,"max_hp_gain":0,"max_hp_loss":0,"event_name":"Shining Light","floor":2,"gold_loss":0,"cards_upgraded":["Strike_Br","SecondHand"]},{"damage_healed":0,"gold_gain":0,"player_choice":"Ignored","damage_taken":0,"max_hp_gain":0,"max_hp_loss":0,"event_name":"Liars Game","floor":4,"gold_loss":0},{"damage_healed":0,"gold_gain":0,"player_choice":"Donut","damage_taken":0,"max_hp_gain":5,"max_hp_loss":0,"event_name":"Big Fish","floor":12,"gold_loss":0},{"damage_healed":0,"gold_gain":0,"player_choice":"Fought Mushrooms","damage_taken":0,"max_hp_gain":0,"max_hp_loss":0,"event_name":"Mushrooms","floor":13,"gold_loss":0},{"damage_healed":0,"gold_gain":0,"player_choice":"Opened","damage_taken":0,"relics_obtained":["Bag of Preparation"],"max_hp_gain":0,"max_hp_loss":0,"event_name":"The Mausoleum","floor":21,"gold_loss":0,"cards_obtained":["Writhe"]},{"damage_healed":0,"gold_gain":0,"player_choice":"Obtained Book","damage_taken":16,"max_hp_gain":0,"max_hp_loss":0,"event_name":"Cursed Tome","floor":22,"gold_loss":0}],"is_beta":false,"boss_relics":[{"not_picked":["Coffee Dripper","Calling Bell"],"picked":"Empty Cage"}],"items_purged_floors":[7,20],"is_endless":false,"potions_floor_spawned":[5,8,24,25],"killed_by":"Cultist and Chosen","ascension_level":0}