{"gold_per_floor":[112,112,112,132,143,143,175,186,240,240,260,260,271,303,303,405,405,419,419,79,98,46,105,123,123,123,157,157,192,192,117,117,215,215,227,227,56,56,20,46,46,56,56,85,85,51,66,85,85,85],"floor_reached":51,"playtime":3531,"items_purged":["Strike_R"],"score":871,"play_id":"2ce9505b-f797-4632-bde8-ddee21883e1d","local_time":"20190811233613","is_ascension_mode":true,"campfire_choices":[{"data":"Anger","floor":6,"key":"SMITH"},{"data":"Flame Barrier","floor":12,"key":"SMITH"},{"data":"Bash","floor":15,"key":"SMITH"},{"data":"Sword Boomerang","floor":25,"key":"SMITH"},{"data":"Strike_R","floor":30,"key":"PURGE"},{"data":"Defend_R","floor":32,"key":"PURGE"},{"data":"Defend_R+1","floor":41,"key":"PURGE"},{"data":"Defend_R+1","floor":45,"key":"PURGE"},{"data":"Parasite","floor":49,"key":"PURGE"}],"neow_cost":"NONE","seed_source_timestamp":5949407918800,"circlet_count":0,"master_deck":["Bash+1","Iron Wave","Anger+1","Shrug It Off+1","Flame Barrier+1","Power Through","Reaper+1","Flex+1","Sword Boomerang+1","Shrug It Off+1","Seeing Red+1","Disarm+1","Warcry+1","Flame Barrier+1","Battle Trance+1","Inflame+1","Impervious+1","Spot Weakness+1","Secret Technique+1","Shrug It Off+1","Anger+1","Warcry+1","Spot Weakness+1","Brutality","Battle Trance+1"],"relics":["Burning Blood","War Paint","Singing Bowl","Orichalcum","Bag of Marbles","Sozu","Toxic Egg 2","Tiny Chest","Peace Pipe","Darkstone Periapt","Question Card","Lizard Tail","MawBank","Ancient Tea Set","Vajra","Self Forming Clay"],"potions_floor_usage":[14,16,16,27,33],"damage_taken":[{"damage":6,"enemies":"Small Slimes","floor":1,"turns":4},{"damage":0,"enemies":"Jaw Worm","floor":4,"turns":5},{"damage":3,"enemies":"Cultist","floor":5,"turns":4},{"damage":27,"enemies":"Gremlin Nob","floor":7,"turns":4},{"damage":0,"enemies":"Exordium Wildlife","floor":8,"turns":3},{"damage":6,"enemies":"Looter","floor":11,"turns":3},{"damage":1,"enemies":"Red Slaver","floor":13,"turns":3},{"damage":29,"enemies":"Lagavulin","floor":14,"turns":7},{"damage":43,"enemies":"Slime Boss","floor":16,"turns":14},{"damage":1,"enemies":"Shell Parasite","floor":18,"turns":6},{"damage":0,"enemies":"Chosen","floor":21,"turns":4},{"damage":22,"enemies":"Book of Stabbing","floor":23,"turns":6},{"damage":6,"enemies":"Centurion and Healer","floor":24,"turns":9},{"damage":12,"enemies":"Gremlin Leader","floor":27,"turns":11},{"damage":8,"enemies":"Book of Stabbing","floor":29,"turns":7},{"damage":52,"enemies":"Collector","floor":33,"turns":10},{"damage":10,"enemies":"3 Shapes","floor":35,"turns":8},{"damage":1,"enemies":"Giant Head","floor":40,"turns":8},{"damage":15,"enemies":"Orb Walker","floor":42,"turns":4},{"damage":0,"enemies":"Reptomancer","floor":44,"turns":6},{"damage":24,"enemies":"Writhing Mass","floor":47,"turns":6},{"damage":21,"enemies":"Spire Growth","floor":48,"turns":5},{"damage":34,"enemies":"Donu and Deca","floor":50,"turns":7}],"seed_played":"-9022590793331355279","potions_obtained":[{"floor":1,"key":"Swift Potion"},{"floor":3,"key":"PowerPotion"},{"floor":3,"key":"PowerPotion"},{"floor":3,"key":"SteroidPotion"},{"floor":14,"key":"Ancient Potion"},{"floor":16,"key":"Weak Potion"}],"is_trial":false,"path_per_floor":["M","?","?","M","M","R","E","M","T","?","M","R","M","E","R","B",null,"M","?","$","M","$","E","M","R","T","E","?","E","R","?","R","B",null,"M","?","$","T","$","E","R","M","T","E","R","$","M","M","R","B",null],"character_chosen":"IRONCLAD","items_purchased":["Toxic Egg 2","Flex+1","Shrug It Off+1","Secret Technique+1","Shrug It Off+1","Spot Weakness+1"],"campfire_rested":0,"item_purchase_floors":[20,20,22,37,39,46],"current_hp_per_floor":[80,85,85,85,85,85,66,72,72,72,72,72,79,56,56,19,89,91,91,91,91,91,75,87,87,87,88,88,86,86,86,86,40,91,87,87,87,87,87,93,93,84,84,93,93,93,99,99,96,68],"gold":85,"neow_bonus":"RANDOM_COMMON_RELIC","is_prod":false,"is_daily":false,"chose_seed":false,"campfire_upgraded":4,"win_rate":0,"timestamp":1565580973,"path_taken":["M","?","?","?","M","R","E","M","T","?","M","R","M","E","R","BOSS","M","?","$","M","$","E","?","R","T","E","?","E","R","?","R","BOSS","M","?","?","?","$","E","R","M","T","E","R","$","?","M","R","BOSS"],"build_version":"2019-07-17","purchased_purges":1,"victory":true,"max_hp_per_floor":[80,85,85,85,85,85,87,87,87,87,87,87,89,89,89,89,89,91,91,91,91,91,91,91,91,91,91,91,91,91,91,91,91,91,91,91,91,91,91,93,93,93,93,93,93,93,99,99,96,96],"card_choices":[{"not_picked":["Second Wind","Armaments","Wild Strike"],"picked":"SKIP","floor":1},{"not_picked":["Flex","Heavy Blade"],"picked":"Iron Wave","floor":4},{"not_picked":["Corruption","Headbutt"],"picked":"Anger","floor":5},{"not_picked":["Uppercut","Sword Boomerang","Flex"],"picked":"Singing Bowl","floor":7},{"not_picked":["Heavy Blade","Clothesline"],"picked":"Shrug It Off","floor":8},{"not_picked":["Anger","Seeing Red"],"picked":"Flame Barrier","floor":11},{"not_picked":["Cleave","Clothesline","Dual Wield"],"picked":"Singing Bowl","floor":13},{"not_picked":["Immolate","Pommel Strike"],"picked":"Power Through","floor":14},{"not_picked":["Feed","Demon Form"],"picked":"Reaper","floor":16},{"not_picked":["Pommel Strike+1","Seeing Red","Armaments"],"picked":"Singing Bowl","floor":18},{"not_picked":["Anger","Headbutt"],"picked":"Sword Boomerang","floor":21},{"not_picked":["Twin Strike","Berserk"],"picked":"Seeing Red+1","floor":23},{"not_picked":["Pommel Strike+1","Cleave"],"picked":"Disarm+1","floor":24},{"not_picked":["Thunderclap","Dark Embrace"],"picked":"Warcry+1","floor":27},{"not_picked":["Metallicize","Sword Boomerang"],"picked":"Inflame+1","floor":29},{"not_picked":["Immolate","Exhume+1","Berserk"],"picked":"Impervious+1","floor":33},{"not_picked":["Sword Boomerang","Twin Strike","Headbutt"],"picked":"Spot Weakness+1","floor":35},{"not_picked":["Twin Strike","Rage+1","Thunderclap+1","Evolve"],"picked":"Singing Bowl","floor":40},{"not_picked":["Havoc+1","Pommel Strike","Seeing Red+1"],"picked":"Anger+1","floor":42},{"not_picked":["Havoc+1","Armaments+1","True Grit+1"],"picked":"Warcry+1","floor":44},{"not_picked":["Clash+1","Twin Strike","Clothesline"],"picked":"Brutality","floor":47},{"not_picked":["Anger+1","Pommel Strike+1","Heavy Blade+1"],"picked":"Battle Trance+1","floor":48}],"player_experience":174203,"relics_obtained":[{"floor":7,"key":"Singing Bowl"},{"floor":9,"key":"Orichalcum"},{"floor":14,"key":"Bag of Marbles"},{"floor":23,"key":"Tiny Chest"},{"floor":26,"key":"Peace Pipe"},{"floor":27,"key":"Darkstone Periapt"},{"floor":29,"key":"Question Card"},{"floor":38,"key":"MawBank"},{"floor":40,"key":"Ancient Tea Set"},{"floor":43,"key":"Vajra"},{"floor":44,"key":"Self Forming Clay"}],"event_choices":[{"damage_healed":0,"gold_gain":0,"player_choice":"Donut","damage_taken":0,"max_hp_gain":5,"max_hp_loss":0,"event_name":"Big Fish","floor":2,"gold_loss":0},{"damage_healed":0,"gold_gain":0,"player_choice":"Got Potions","damage_taken":0,"max_hp_gain":0,"max_hp_loss":0,"event_name":"Lab","floor":3,"gold_loss":0},{"cards_removed":["Strike_R"],"damage_healed":0,"gold_gain":0,"player_choice":"Forget","damage_taken":0,"max_hp_gain":0,"max_hp_loss":0,"event_name":"Living Wall","floor":10,"gold_loss":0},{"damage_healed":0,"gold_gain":0,"player_choice":"Upgraded","damage_taken":0,"max_hp_gain":0,"max_hp_loss":0,"event_name":"Upgrade Shrine","floor":19,"gold_loss":0,"cards_upgraded":["Shrug It Off"]},{"damage_healed":0,"gold_gain":0,"cards_transformed":["Strike_R","Strike_R"],"player_choice":"Became Test Subject","damage_taken":0,"max_hp_gain":0,"max_hp_loss":0,"event_name":"Drug Dealer","floor":28,"gold_loss":0,"cards_obtained":["Flame Barrier","Battle Trance"]},{"cards_removed":["Defend_R"],"damage_healed":0,"gold_gain":0,"player_choice":"Gave Gold","damage_taken":0,"max_hp_gain":0,"max_hp_loss":0,"event_name":"Beggar","floor":31,"gold_loss":75},{"damage_healed":0,"gold_gain":0,"player_choice":"Forge","damage_taken":0,"max_hp_gain":0,"max_hp_loss":0,"event_name":"Accursed Blacksmith","floor":36,"gold_loss":0,"cards_upgraded":["Reaper"]}],"is_beta":false,"boss_relics":[{"not_picked":["Runic Dome","Cursed Key"],"picked":"Sozu"},{"not_picked":["Empty Cage","Tiny House"],"picked":"Lizard Tail"}],"items_purged_floors":[20],"is_endless":false,"potions_floor_spawned":[1,11,14,16,21,27,33,40,42],"ascension_level":2}