{"gold_per_floor":[110,185,201,201,201,235,135,147,147,159,190,190,190,216,216,295,295,315,315,315,103,118,118,153,153,153,28,58,71,97,114,114,188,188,201,201,51,63,63,88,104,132,132,167,267,6,35,55,55,55,55,55,55,55,80,80],"floor_reached":57,"playtime":2442,"items_purged":["Pain","Strike_G","Strike_G","Strike_G","Choke"],"score":3388,"play_id":"69737899-1bd3-42c3-a081-66c05402c53c","local_time":"20190809202409","is_ascension_mode":true,"campfire_choices":[{"data":"Blade Dance","floor":12.0,"key":"SMITH"},{"data":"Neutralize","floor":15.0,"key":"SMITH"},{"data":"Tactician","floor":23.0,"key":"SMITH"},{"data":"Burst","floor":25.0,"key":"SMITH"},{"data":"1","floor":32.0,"key":"LIFT"},{"floor":49.0,"key":"RECALL"},{"data":"2","floor":53.0,"key":"LIFT"}],"neow_cost":"NONE","seed_source_timestamp":0,"circlet_count":0,"master_deck":["AscendersBane","Strike_G","Defend_G","Defend_G","Defend_G","Defend_G","Defend_G","Survivor","Neutralize+1","Escape Plan","Blade Dance+1","Tactician+1","Accuracy","Burst+1","Accuracy","Corpse Explosion+1","Acrobatics+1","PiercingWail+1","Prepared+1","After Image","Backflip+1","Flechettes+1","Calculated Gamble+1"],"special_seed":0,"relics":["Ring of the Snake","NeowsBlessing","Sundial","WarpedTongs","Bag of Marbles","Pantograph","Girya","Toxic Egg 2","Coffee Dripper","Pen Nib","Mummified Hand","FossilizedHelix","Pocketwatch","Philosopher\u0027s Stone","Mercury Hourglass","Molten Egg 2","Regal Pillow","Nunchaku","Meat on the Bone","Bag of Preparation"],"potions_floor_usage":[],"damage_taken":[{"damage":0.0,"enemies":"Small Slimes","floor":1.0,"turns":1.0},{"damage":0.0,"enemies":"Cultist","floor":3.0,"turns":1.0},{"damage":0.0,"enemies":"Lagavulin","floor":6.0,"turns":1.0},{"damage":0.0,"enemies":"Jaw Worm","floor":8.0,"turns":4.0},{"damage":2.0,"enemies":"2 Fungi Beasts","floor":10.0,"turns":4.0},{"damage":8.0,"enemies":"Gremlin Nob","floor":11.0,"turns":3.0},{"damage":19.0,"enemies":"Lagavulin","floor":14.0,"turns":8.0},{"damage":24.0,"enemies":"Hexaghost","floor":16.0,"turns":9.0},{"damage":0.0,"enemies":"Chosen","floor":18.0,"turns":3.0},{"damage":1.0,"enemies":"3 Byrds","floor":22.0,"turns":3.0},{"damage":0.0,"enemies":"Gremlin Leader","floor":24.0,"turns":4.0},{"damage":10.0,"enemies":"Book of Stabbing","floor":28.0,"turns":5.0},{"damage":0.0,"enemies":"Snecko","floor":29.0,"turns":4.0},{"damage":0.0,"enemies":"Gremlin Leader","floor":30.0,"turns":4.0},{"damage":0.0,"enemies":"Snake Plant","floor":31.0,"turns":2.0},{"damage":12.0,"enemies":"Collector","floor":33.0,"turns":7.0},{"damage":0.0,"enemies":"3 Shapes","floor":35.0,"turns":1.0},{"damage":0.0,"enemies":"3 Darklings","floor":38.0,"turns":4.0},{"damage":0.0,"enemies":"Nemesis","floor":40.0,"turns":3.0},{"damage":0.0,"enemies":"Jaw Worm Horde","floor":41.0,"turns":4.0},{"damage":0.0,"enemies":"Reptomancer","floor":42.0,"turns":4.0},{"damage":0.0,"enemies":"Nemesis","floor":44.0,"turns":9.0},{"damage":0.0,"enemies":"Mind Bloom Boss Battle","floor":45.0,"turns":5.0},{"damage":0.0,"enemies":"Reptomancer","floor":47.0,"turns":5.0},{"damage":0.0,"enemies":"4 Shapes","floor":48.0,"turns":4.0},{"damage":53.0,"enemies":"Time Eater","floor":50.0,"turns":13.0},{"damage":0.0,"enemies":"Awakened One","floor":51.0,"turns":8.0},{"damage":8.0,"enemies":"Shield and Spear","floor":55.0,"turns":3.0},{"damage":62,"enemies":"The Heart","floor":56,"turns":8}],"seed_played":"4121614632759068187","potions_obtained":[{"floor":1.0,"key":"Block Potion"},{"floor":8.0,"key":"GamblersBrew"},{"floor":11.0,"key":"Energy Potion"},{"floor":16.0,"key":"GhostInAJar"},{"floor":28.0,"key":"Ancient Potion"},{"floor":33.0,"key":"PowerPotion"},{"floor":47.0,"key":"Explosive Potion"}],"is_trial":false,"path_per_floor":["M","?","M","?","?","E","$","M","T","M","E","R","?","E","R","B",null,"M","?","?","$","M","R","E","R","T","$","E","M","E","M","R","B",null,"M","?","$","M","$","E","M","E","T","E","?","$","E","M","R","B","B",null,"R","$","E","B",null],"character_chosen":"THE_SILENT","items_purchased":["Blade Dance","PiercingWail+1","SteroidPotion","Flechettes+1"],"campfire_rested":0,"item_purchase_floors":[7,21,21,46],"current_hp_per_floor":[59,48,48,30,30,30,30,30,30,28,20,20,20,1,1,2,50,50,50,50,50,49,49,49,49,49,49,39,39,39,39,39,52,63,63,63,63,63,63,63,63,63,63,63,63,63,63,63,63,22,47,59,59,59,51,13],"gold":80,"neow_bonus":"THREE_ENEMY_KILL","is_prod":false,"is_daily":false,"chose_seed":false,"campfire_upgraded":4,"win_rate":0,"timestamp":1565349849,"path_taken":["M","?","M","?","?","E","$","?","T","M","E","R","?","E","R","BOSS","M","?","?","$","M","R","E","R","T","$","E","M","E","?","R","BOSS","M","?","$","M","$","E","M","E","T","E","?","?","E","M","R","BOSS","BOSS","R","$","E","BOSS"],"build_version":"2019-07-17","purchased_purges":5,"victory":true,"max_hp_per_floor":[66,66,66,66,66,66,66,66,66,66,66,66,66,66,66,66,66,66,66,66,66,66,66,66,66,66,66,66,66,66,66,66,66,66,66,63,63,63,63,63,63,63,63,63,63,63,63,63,63,63,63,63,63,63,63,63],"card_choices":[{"not_picked":["Accuracy","Dodge and Roll","Flying Knee"],"picked":"SKIP","floor":1.0},{"not_picked":["Choke","Dodge and Roll","Outmaneuver"],"picked":"SKIP","floor":3.0},{"not_picked":["Dodge and Roll","Outmaneuver"],"picked":"Choke","floor":3.0},{"not_picked":["Night Terror","Caltrops"],"picked":"Escape Plan","floor":6.0},{"not_picked":["Cloak And Dagger","Flechettes"],"picked":"Tactician","floor":8.0},{"not_picked":["Dodge and Roll","Quick Slash"],"picked":"Accuracy","floor":10.0},{"not_picked":["Backstab","Leg Sweep"],"picked":"Burst","floor":11.0},{"not_picked":["Poisoned Stab","Flying Knee"],"picked":"Accuracy","floor":14.0},{"not_picked":["Wraith Form v2","Unload"],"picked":"Corpse Explosion+1","floor":16.0},{"not_picked":["Endless Agony","Crippling Poison+1"],"picked":"Acrobatics+1","floor":18.0},{"not_picked":["Dagger Throw","Underhanded Strike","Cloak And Dagger+1"],"picked":"SKIP","floor":22.0},{"not_picked":["Infinite Blades","Bouncing Flask+1","Underhanded Strike+1"],"picked":"SKIP","floor":24.0},{"not_picked":["Slice","Corpse Explosion+1","Poisoned Stab+1"],"picked":"SKIP","floor":28.0},{"not_picked":["Blade Dance+1","Backflip+1"],"picked":"Prepared+1","floor":29.0},{"not_picked":["Tactician+1","Concentrate+1","Poisoned Stab"],"picked":"SKIP","floor":30.0},{"not_picked":["Poisoned Stab","Leg Sweep+1","Concentrate+1"],"picked":"SKIP","floor":31.0},{"not_picked":["Burst+1","Doppelganger+1"],"picked":"After Image","floor":33.0},{"not_picked":["Dodge and Roll+1","Cloak And Dagger+1"],"picked":"Backflip+1","floor":35.0},{"not_picked":["Dagger Throw","Dagger Spray","Tools of the Trade"],"picked":"SKIP","floor":38.0},{"not_picked":["Caltrops","Finisher","Quick Slash"],"picked":"SKIP","floor":40.0},{"not_picked":["Masterful Stab+1","Quick Slash","All Out Attack"],"picked":"SKIP","floor":41.0},{"not_picked":["Infinite Blades","Dash","Underhanded Strike"],"picked":"SKIP","floor":42.0},{"not_picked":["Bane+1","Heel Hook+1","Slice+1"],"picked":"SKIP","floor":44.0},{"not_picked":["Dagger Throw+1","Predator+1"],"picked":"Calculated Gamble+1","floor":47.0},{"not_picked":["Backstab+1","Quick Slash+1","Dagger Spray+1"],"picked":"SKIP","floor":48.0},{"not_picked":["Deadly Poison+1","Bouncing Flask+1","Outmaneuver+1"],"picked":"SKIP","floor":55.0}],"player_experience":828777,"relics_obtained":[{"floor":6.0,"key":"Bag of Marbles"},{"floor":9.0,"key":"Pantograph"},{"floor":11.0,"key":"Girya"},{"floor":14.0,"key":"Toxic Egg 2"},{"floor":24.0,"key":"Pen Nib"},{"floor":26.0,"key":"Mummified Hand"},{"floor":28.0,"key":"FossilizedHelix"},{"floor":30.0,"key":"Pocketwatch"},{"floor":40.0,"key":"Mercury Hourglass"},{"floor":42.0,"key":"Molten Egg 2"},{"floor":44.0,"key":"Regal Pillow"},{"floor":45.0,"key":"Nunchaku"},{"floor":47.0,"key":"Meat on the Bone"},{"floor":55.0,"key":"Bag of Preparation"}],"event_choices":[{"damage_healed":0.0,"max_hp_gain":0.0,"max_hp_loss":0.0,"gold_gain":75.0,"event_name":"World of Goop","player_choice":"Gather Gold","floor":2.0,"gold_loss":0.0,"damage_taken":11.0},{"damage_healed":0.0,"max_hp_gain":0.0,"max_hp_loss":0.0,"gold_gain":0.0,"event_name":"Scrap Ooze","player_choice":"Success","floor":4.0,"gold_loss":0.0,"damage_taken":18.0,"relics_obtained":["Sundial"]},{"damage_healed":0.0,"max_hp_gain":0.0,"max_hp_loss":0.0,"gold_gain":0.0,"event_name":"Accursed Blacksmith","player_choice":"Rummage","floor":5.0,"gold_loss":0.0,"damage_taken":0.0,"relics_obtained":["WarpedTongs"],"cards_obtained":["Pain"]},{"damage_healed":0.0,"max_hp_gain":0.0,"max_hp_loss":0.0,"gold_gain":0.0,"event_name":"Liars Game","player_choice":"Ignored","floor":13.0,"gold_loss":0.0,"damage_taken":0.0},{"cards_removed":["Strike_G"],"damage_healed":0.0,"max_hp_gain":0.0,"max_hp_loss":0.0,"gold_gain":0.0,"event_name":"Back to Basics","player_choice":"Elegance","floor":19.0,"gold_loss":0.0,"damage_taken":0.0},{"damage_healed":0.0,"max_hp_gain":0.0,"max_hp_loss":0.0,"gold_gain":0.0,"event_name":"WeMeetAgain","player_choice":"Ignored","floor":20.0,"gold_loss":0.0,"damage_taken":0.0},{"damage_healed":0.0,"max_hp_gain":0.0,"max_hp_loss":3.0,"gold_gain":0.0,"event_name":"Winding Halls","player_choice":"Max HP","floor":36.0,"gold_loss":0.0,"damage_taken":0.0},{"damage_healed":0.0,"max_hp_gain":0.0,"max_hp_loss":0.0,"gold_gain":0.0,"event_name":"MindBloom","player_choice":"Fight","floor":45.0,"gold_loss":0.0,"damage_taken":0.0}],"is_beta":false,"boss_relics":[{"not_picked":["Runic Pyramid","Velvet Choker"],"picked":"Coffee Dripper"},{"not_picked":["Ring of the Serpent","Runic Dome"],"picked":"Philosopher\u0027s Stone"}],"items_purged_floors":[7,21,27,37,46],"is_endless":false,"potions_floor_spawned":[1,8,11,16,24,28,33,41,44,47],"ascension_level":20}