{"gold_per_floor":[115,125,142,159,159,159,159,190,190,226,61,13,54,68,68,167,167,192,242,260,260,260],"floor_reached":22,"playtime":674,"items_purged":[],"score":408,"play_id":"3580670d-0a68-4f1f-a439-9ce68f5c62ad","local_time":"20190703195644","is_ascension_mode":true,"campfire_choices":[{"data":"Sweeping Beam","floor":6,"key":"SMITH"},{"floor":15,"key":"REST"}],"neow_cost":"TEN_PERCENT_HP_LOSS","seed_source_timestamp":1195419523166,"circlet_count":0,"master_deck":["AscendersBane","Strike_B+1","Strike_B","Defend_B","Defend_B","Defend_B","Defend_B","Zap+1","Dualcast","Rebound","Sweeping Beam+1","Melter","Conserve Battery","Gash","Hologram+1","Leap","Biased Cognition","Go for the Eyes","Cold Snap"],"relics":["Cracked Core","FossilizedHelix","Golden Idol","Letter Opener","Darkstone Periapt","Shuriken","Vajra","Pen Nib","Empty Cage"],"potions_floor_usage":[13],"damage_taken":[{"damage":0,"enemies":"Cultist","floor":1,"turns":3},{"damage":0,"enemies":"Small Slimes","floor":2,"turns":3},{"damage":0,"enemies":"Jaw Worm","floor":3,"turns":2},{"damage":0,"enemies":"2 Fungi Beasts","floor":4,"turns":2},{"damage":10,"enemies":"Lagavulin","floor":8,"turns":6},{"damage":27,"enemies":"Gremlin Nob","floor":10,"turns":4},{"damage":1,"enemies":"Lagavulin","floor":13,"turns":4},{"damage":0,"enemies":"Looter","floor":14,"turns":2},{"damage":23,"enemies":"Hexaghost","floor":16,"turns":8},{"damage":26,"enemies":"Shell Parasite","floor":18,"turns":7},{"damage":17,"enemies":"2 Thieves","floor":20,"turns":3},{"damage":9,"enemies":"Centurion and Healer","floor":22,"turns":5}],"seed_played":"-2156796892434042193","potions_obtained":[{"floor":4,"key":"LiquidBronze"},{"floor":8,"key":"EssenceOfSteel"},{"floor":14,"key":"Strength Potion"}],"is_trial":false,"path_per_floor":["M","M","M","M","?","R","?","E","T","E","$","?","E","M","R","B",null,"M","?","M","?","M"],"character_chosen":"DEFECT","items_purchased":["Vajra"],"campfire_rested":1,"item_purchase_floors":[11],"current_hp_per_floor":[64,64,64,64,45,45,45,35,35,8,8,8,7,7,24,1,44,18,18,1,1,0],"gold":260,"neow_bonus":"ONE_RARE_RELIC","is_prod":false,"is_daily":false,"chose_seed":false,"campfire_upgraded":1,"win_rate":0,"timestamp":1562176604,"path_taken":["M","M","M","M","?","R","?","E","T","E","$","?","E","?","R","BOSS","M","?","M","?","?"],"build_version":"2019-06-30","purchased_purges":0,"victory":false,"max_hp_per_floor":[64,64,64,64,64,64,58,58,58,58,58,58,58,58,58,58,58,58,58,58,58,58],"card_choices":[{"not_picked":["Barrage","Beam Cell"],"picked":"Rebound","floor":1},{"not_picked":["White Noise","Tempest"],"picked":"Sweeping Beam","floor":2},{"not_picked":["Stack","Hello World","Steam"],"picked":"SKIP","floor":3},{"not_picked":["Go for the Eyes","Meteor Strike"],"picked":"Melter","floor":4},{"not_picked":["Melter","Streamline"],"picked":"Conserve Battery","floor":8},{"not_picked":["Rebound","Steam"],"picked":"Gash","floor":10},{"not_picked":["Hello World","Tempest"],"picked":"Hologram","floor":13},{"not_picked":["Turbo","Steam"],"picked":"Leap","floor":14},{"not_picked":["Meteor Strike","Rainbow"],"picked":"Biased Cognition","floor":16},{"not_picked":["Compile Driver","Melter"],"picked":"Go for the Eyes","floor":18},{"not_picked":["Barrage","Fusion"],"picked":"Cold Snap","floor":20}],"player_experience":1798504,"relics_obtained":[{"floor":8,"key":"Letter Opener"},{"floor":9,"key":"Darkstone Periapt"},{"floor":10,"key":"Shuriken"},{"floor":13,"key":"Pen Nib"}],"event_choices":[{"damage_healed":0,"gold_gain":0,"player_choice":"Entered Light","damage_taken":19,"max_hp_gain":0,"max_hp_loss":0,"event_name":"Shining Light","floor":5,"gold_loss":0,"cards_upgraded":["Strike_B","Zap"]},{"damage_healed":0,"gold_gain":0,"player_choice":"Lose Max HP","damage_taken":0,"relics_obtained":["Golden Idol"],"max_hp_gain":0,"max_hp_loss":6,"event_name":"Golden Idol","floor":7,"gold_loss":0},{"damage_healed":0,"gold_gain":0,"player_choice":"Left Gold","damage_taken":0,"max_hp_gain":0,"max_hp_loss":0,"event_name":"World of Goop","floor":12,"gold_loss":48},{"damage_healed":0,"gold_gain":50,"player_choice":"Stole From Cult","damage_taken":0,"max_hp_gain":0,"max_hp_loss":0,"event_name":"Nest","floor":19,"gold_loss":0},{"damage_healed":0,"gold_gain":0,"player_choice":"Upgraded","damage_taken":0,"max_hp_gain":0,"max_hp_loss":0,"event_name":"Upgrade Shrine","floor":21,"gold_loss":0,"cards_upgraded":["Hologram"]}],"is_beta":true,"boss_relics":[{"not_picked":["Philosopher\u0027s Stone","Tiny House"],"picked":"Empty Cage"}],"items_purged_floors":[],"is_endless":false,"potions_floor_spawned":[4,8,14,16],"killed_by":"Centurion and Healer","ascension_level":20}