{"gold_per_floor":[110,42,42,53,53,87,87,116,166,166,183,200,215,215,215,310,310,330,330,347,362,362,362,372,372,395,395,412,412],"floor_reached":29,"playtime":1656,"items_purged":[],"score":341,"play_id":"13b17b5c-14fe-4937-b136-552f160f0ba7","local_time":"20190321223923","is_ascension_mode":true,"campfire_choices":[{"floor":7,"key":"REST"},{"floor":10,"key":"REST"},{"data":"Catalyst","floor":15,"key":"SMITH"},{"floor":23,"key":"REST"},{"floor":27,"key":"REST"}],"neow_cost":"NONE","seed_source_timestamp":779488304130430,"circlet_count":0,"master_deck":["Defend_G","Defend_G","Defend_G+1","Defend_G+1","Defend_G","Strike_G","Survivor","Neutralize","Dagger Throw","Noxious Fumes","Catalyst+1","Noxious Fumes","Bouncing Flask","Backstab","Bouncing Flask+1","Malaise","Predator+1","Underhanded Strike+1","Eviscerate+1","PiercingWail","Writhe","Calculated Gamble+1","Escape Plan+1"],"relics":["Ring of the Snake","Oddly Smooth Stone","Lantern","Paper Crane","Smiling Mask","Astrolabe","Toxic Egg 2","War Paint"],"potions_floor_usage":[16,22,24,28,29],"damage_taken":[{"damage":0,"enemies":"Small Slimes","floor":1,"turns":3},{"damage":0,"enemies":"2 Louse","floor":4,"turns":3},{"damage":39,"enemies":"Gremlin Nob","floor":6,"turns":5},{"damage":7,"enemies":"Lagavulin","floor":8,"turns":6},{"damage":0,"enemies":"Cultist","floor":11,"turns":2},{"damage":11,"enemies":"Looter","floor":12,"turns":3},{"damage":13,"enemies":"Lots of Slimes","floor":13,"turns":4},{"damage":24,"enemies":"Hexaghost","floor":16,"turns":5},{"damage":39,"enemies":"2 Thieves","floor":18,"turns":5},{"damage":6,"enemies":"Spheric Guardian","floor":20,"turns":5},{"damage":10,"enemies":"Cultist and Chosen","floor":21,"turns":7},{"damage":0,"enemies":"Snake Plant","floor":22,"turns":1},{"damage":1,"enemies":"Centurion and Healer","floor":24,"turns":6},{"damage":20,"enemies":"Chosen and Byrds","floor":28,"turns":5},{"damage":36,"enemies":"Slavers","floor":29,"turns":4}],"seed_played":"-5445133315850056477","potions_obtained":[{"floor":6,"key":"SmokeBomb"},{"floor":11,"key":"FearPotion"},{"floor":12,"key":"Energy Potion"},{"floor":18,"key":"SteroidPotion"},{"floor":20,"key":"SteroidPotion"},{"floor":24,"key":"Block Potion"}],"is_trial":false,"path_per_floor":["M","$","?","M","$","E","R","E","T","R","M","M","M","?","R","B",null,"M","?","M","M","M","R","M","?","T","R","M","E"],"character_chosen":"THE_SILENT","items_purchased":["Noxious Fumes"],"campfire_rested":4,"item_purchase_floors":[2],"current_hp_per_floor":[63,63,56,56,56,17,38,31,31,52,52,41,28,51,51,27,59,20,20,14,4,4,25,24,24,24,45,25,0],"gold":412,"neow_bonus":"RANDOM_COMMON_RELIC","is_prod":false,"is_daily":false,"chose_seed":false,"campfire_upgraded":1,"win_rate":0,"timestamp":1553233163,"path_taken":["M","$","?","M","$","E","R","E","T","R","M","M","M","?","R","BOSS","M","?","M","M","M","R","M","?","T","R","?","E"],"build_version":"2019-01-23","purchased_purges":0,"victory":false,"max_hp_per_floor":[70,70,70,70,70,70,70,70,70,70,70,70,70,70,70,70,70,70,70,70,70,70,70,70,70,70,70,70,70],"card_choices":[{"not_picked":["Expertise","Outmaneuver"],"picked":"Dagger Throw","floor":1},{"not_picked":["Expertise","Prepared"],"picked":"Catalyst","floor":4},{"not_picked":["Slice","Bouncing Flask"],"picked":"Noxious Fumes","floor":6},{"not_picked":["Endless Agony","Cloak And Dagger"],"picked":"Bouncing Flask","floor":8},{"not_picked":["Outmaneuver","Predator","Poisoned Stab"],"picked":"SKIP","floor":11},{"not_picked":["Backflip","PiercingWail"],"picked":"Backstab","floor":12},{"not_picked":["Deflect","Bullet Time"],"picked":"Bouncing Flask","floor":13},{"not_picked":["Bullet Time","Unload"],"picked":"Malaise","floor":16},{"not_picked":["Sucker Punch","Dagger Throw"],"picked":"PiercingWail","floor":18},{"not_picked":["Backflip+1","Blur+1"],"picked":"Calculated Gamble+1","floor":20},{"not_picked":["Quick Slash","Reflex+1","Cloak And Dagger+1"],"picked":"SKIP","floor":21},{"not_picked":["Catalyst+1","Dodge and Roll+1"],"picked":"Escape Plan+1","floor":24},{"not_picked":["Reflex+1","Dash","Acrobatics+1"],"picked":"SKIP","floor":28}],"player_experience":193021,"relics_obtained":[{"floor":6,"key":"Lantern"},{"floor":8,"key":"Paper Crane"},{"floor":9,"key":"Smiling Mask"},{"floor":26,"key":"War Paint"}],"event_choices":[{"cards_removed":["Strike_G"],"damage_healed":0,"gold_gain":0,"player_choice":"Card Removal","damage_taken":7,"max_hp_gain":0,"max_hp_loss":0,"event_name":"Golden Wing","floor":3,"gold_loss":0},{"damage_healed":23,"gold_gain":0,"player_choice":"Banana","damage_taken":0,"max_hp_gain":0,"max_hp_loss":0,"event_name":"Big Fish","floor":14,"gold_loss":0},{"damage_healed":0,"gold_gain":0,"player_choice":"Opened","damage_taken":0,"relics_obtained":["Toxic Egg 2"],"max_hp_gain":0,"max_hp_loss":0,"event_name":"The Mausoleum","floor":19,"gold_loss":0,"cards_obtained":["Writhe"]},{"damage_healed":0,"gold_gain":0,"player_choice":"Forge","damage_taken":0,"max_hp_gain":0,"max_hp_loss":0,"event_name":"Accursed Blacksmith","floor":25,"gold_loss":0,"cards_upgraded":["Bouncing Flask"]}],"is_beta":false,"boss_relics":[{"not_picked":["Philosopher\u0027s Stone","HoveringKite"],"picked":"Astrolabe"}],"items_purged_floors":[],"is_endless":false,"potions_floor_spawned":[6,11,12,18,20,24],"killed_by":"Slavers","ascension_level":6}