{"gold_per_floor":[119,138,313,388,388,388,417,417,440,475,317,329,329,190,190,190],"floor_reached":16,"playtime":470,"items_purged":["Strike_B","Doubt"],"score":190,"play_id":"0576fb1f-66c8-4802-8ca9-0faf2f9f7c40","local_time":"20190802020409","is_ascension_mode":true,"campfire_choices":[{"data":"Zap","floor":6,"key":"SMITH"},{"data":"Skim","floor":8,"key":"SMITH"},{"data":"Defragment","floor":15,"key":"SMITH"}],"neow_cost":"NONE","seed_source_timestamp":254383095077864,"circlet_count":0,"master_deck":["Strike_B","Strike_B","Strike_B","Defend_B+1","Defend_B","Defend_B","Defend_B+1","Zap+1","Dualcast+1","Cold Snap","Ball Lightning","Skim+1","Gash","Dark Shackles","Defragment+1"],"relics":["Cracked Core","NeowsBlessing","Bronze Scales","Oddly Smooth Stone","Question Card"],"potions_floor_usage":[10,16],"damage_taken":[{"damage":0,"enemies":"Small Slimes","floor":1,"turns":1},{"damage":0,"enemies":"Jaw Worm","floor":2,"turns":1},{"damage":0,"enemies":"Gremlin Nob","floor":7,"turns":1},{"damage":15,"enemies":"3 Sentries","floor":10,"turns":6},{"damage":0,"enemies":"Cultist","floor":12,"turns":2},{"damage":32,"enemies":"Slime Boss","floor":16,"turns":7}],"seed_played":"4367133258664330260","potions_obtained":[{"floor":1,"key":"Strength Potion"},{"floor":2,"key":"Explosive Potion"},{"floor":12,"key":"Explosive Potion"}],"is_trial":false,"path_per_floor":["M","M","?","?","?","R","E","R","T","E","$","M","?","$","R","B"],"character_chosen":"DEFECT","items_purchased":["Dark Shackles","Defragment"],"campfire_rested":0,"item_purchase_floors":[11,14],"current_hp_per_floor":[68,68,68,57,42,42,42,42,42,27,27,27,27,27,27,0],"gold":190,"neow_bonus":"THREE_ENEMY_KILL","is_prod":false,"is_daily":false,"chose_seed":false,"campfire_upgraded":3,"win_rate":0,"timestamp":1564679049,"path_taken":["M","M","?","?","?","R","E","R","T","E","$","?","?","$","R","BOSS"],"build_version":"2019-07-17","purchased_purges":2,"victory":false,"max_hp_per_floor":[75,75,75,75,75,75,75,75,75,75,75,75,75,75,75,75],"card_choices":[{"not_picked":["Lockon","Tempest"],"picked":"Cold Snap","floor":1},{"not_picked":["Turbo","Cold Snap"],"picked":"Ball Lightning","floor":2},{"not_picked":["Scrape","Self Repair"],"picked":"Skim","floor":7},{"not_picked":["Cold Snap","Steam"],"picked":"Gash","floor":10},{"not_picked":["Stack","Aggregate","Doom and Gloom","Turbo"],"picked":"SKIP","floor":12},{"not_picked":["Stack","Aggregate","Doom and Gloom","Turbo"],"picked":"SKIP","floor":12}],"player_experience":185487,"relics_obtained":[{"floor":7,"key":"Bronze Scales"},{"floor":9,"key":"Oddly Smooth Stone"},{"floor":10,"key":"Question Card"}],"event_choices":[{"damage_healed":0,"gold_gain":175,"player_choice":"AGREE","damage_taken":0,"max_hp_gain":0,"max_hp_loss":0,"event_name":"Liars Game","floor":3,"gold_loss":0,"cards_obtained":["Doubt"]},{"damage_healed":0,"gold_gain":75,"player_choice":"Gather Gold","damage_taken":11,"max_hp_gain":0,"max_hp_loss":0,"event_name":"World of Goop","floor":4,"gold_loss":0},{"damage_healed":0,"gold_gain":0,"player_choice":"Entered Light","damage_taken":15,"max_hp_gain":0,"max_hp_loss":0,"event_name":"Shining Light","floor":5,"gold_loss":0,"cards_upgraded":["Dualcast","Defend_B"]},{"damage_healed":0,"gold_gain":0,"player_choice":"Upgraded","damage_taken":0,"max_hp_gain":0,"max_hp_loss":0,"event_name":"Upgrade Shrine","floor":13,"gold_loss":0,"cards_upgraded":["Defend_B"]}],"is_beta":false,"boss_relics":[],"items_purged_floors":[11,14],"is_endless":false,"potions_floor_spawned":[1,2,12],"killed_by":"Slime Boss","ascension_level":9}