{"gold_per_floor":[13,13,32,32,32,32,42,42,69,111,123,135,147,41,41,114,114,130,44,62,62,62,62,96,116,116,116,132,132,151,163,163,240,240,250,262,312,327,28,28,28],"floor_reached":41,"playtime":2459,"items_purged":["Strike_B"],"score":818,"play_id":"6c9ab3da-2bfb-4b28-80e0-3cdc3f508383","local_time":"20190807193830","is_ascension_mode":true,"campfire_choices":[{"floor":6,"key":"REST"},{"data":"Seek","floor":11,"key":"SMITH"},{"data":"Go for the Eyes","floor":13,"key":"SMITH"},{"data":"Defragment","floor":15,"key":"SMITH"},{"data":"Loop","floor":23,"key":"SMITH"},{"floor":27,"key":"REST"},{"data":"Dualcast","floor":29,"key":"SMITH"},{"floor":32,"key":"REST"},{"floor":40,"key":"REST"}],"neow_cost":"NO_GOLD","seed_source_timestamp":9955547338276,"circlet_count":0,"master_deck":["AscendersBane","Zap","Dualcast+1","Seek+1","Streamline","Darkness","Leap","Cold Snap","Go for the Eyes+1","Defragment+1","Electrodynamics","Echo Form","Glacier","Capacitor","Steam Power","Hyperbeam","Hologram","Loop+1","Coolheaded","BootSequence","Recycle","Buffer","Reboot","Defragment","Steam Power"],"relics":["Cracked Core","MawBank","Pantograph","Pandora\u0027s Box","Mummified Hand","Sundial","Inserter"],"potions_floor_usage":[10,28,31,31,31,31,31,33,38,41,41],"damage_taken":[{"damage":9,"enemies":"Small Slimes","floor":1,"turns":4},{"damage":1,"enemies":"Cultist","floor":3,"turns":3},{"damage":0,"enemies":"2 Louse","floor":7,"turns":3},{"damage":16,"enemies":"3 Sentries","floor":10,"turns":5},{"damage":31,"enemies":"The Guardian","floor":16,"turns":8},{"damage":5,"enemies":"Chosen","floor":18,"turns":7},{"damage":12,"enemies":"2 Thieves","floor":20,"turns":4},{"damage":14,"enemies":"Book of Stabbing","floor":24,"turns":7},{"damage":0,"enemies":"Cultist and Chosen","floor":25,"turns":5},{"damage":8,"enemies":"Snecko","floor":28,"turns":5},{"damage":7,"enemies":"Centurion and Healer","floor":30,"turns":4},{"damage":0,"enemies":"Chosen and Byrds","floor":31,"turns":7},{"damage":22,"enemies":"Collector","floor":33,"turns":15},{"damage":1,"enemies":"Orb Walker","floor":35,"turns":5},{"damage":8,"enemies":"3 Shapes","floor":36,"turns":5},{"damage":16,"enemies":"Transient","floor":38,"turns":6},{"damage":68,"enemies":"Reptomancer","floor":41,"turns":2}],"seed_played":"-5995291138265265447","potions_obtained":[{"floor":3,"key":"Explosive Potion"},{"floor":20,"key":"AttackPotion"},{"floor":30,"key":"EntropicBrew"},{"floor":31,"key":"EssenceOfSteel"},{"floor":33,"key":"Poison Potion"}],"is_trial":false,"path_per_floor":["M","?","M","?","?","R","M","$","T","E","R","?","R","$","R","B",null,"M","$","M","?","$","R","E","M","T","R","M","R","M","M","R","B",null,"M","M","?","M","$","R","E"],"character_chosen":"DEFECT","items_purchased":["Defragment","Loop","Defragment","SpeedPotion","EssenceOfSteel","Steam Power"],"campfire_rested":4,"item_purchase_floors":[14,19,39,39,39,39],"current_hp_per_floor":[55,55,54,47,26,47,47,47,47,31,31,31,31,31,31,25,60,55,55,43,43,43,43,29,29,29,50,42,42,35,35,56,49,66,65,57,50,34,34,55,0],"gold":28,"neow_bonus":"THREE_RARE_CARDS","is_prod":false,"is_daily":false,"chose_seed":false,"campfire_upgraded":5,"win_rate":0,"timestamp":1565174310,"path_taken":["M","?","?","?","?","R","M","?","T","E","R","?","R","$","R","BOSS","M","?","M","?","$","R","E","M","T","R","M","R","M","M","R","BOSS","M","M","?","?","$","R","E"],"build_version":"2019-07-17","purchased_purges":1,"victory":false,"max_hp_per_floor":[71,71,71,71,71,71,71,71,71,71,71,71,71,71,71,71,71,71,71,71,71,71,71,71,71,71,71,71,71,71,71,71,71,71,71,71,71,71,71,71,71],"card_choices":[{"not_picked":["Thunder Strike","Creative AI"],"picked":"Seek","floor":0},{"not_picked":["Stack","Melter"],"picked":"Streamline","floor":1},{"not_picked":["Lockon","Auto Shields"],"picked":"Leap","floor":3},{"not_picked":["Stack","Genetic Algorithm"],"picked":"Cold Snap","floor":7},{"not_picked":["Tempest","Cold Snap"],"picked":"Go for the Eyes","floor":10},{"not_picked":["Buffer","Meteor Strike"],"picked":"Electrodynamics","floor":16},{"not_picked":["Leap+1","Sweeping Beam"],"picked":"Hologram","floor":18},{"not_picked":["Steam","Beam Cell"],"picked":"Coolheaded","floor":20},{"not_picked":["Chaos","Doom and Gloom","Storm"],"picked":"SKIP","floor":24},{"not_picked":["Redo","Auto Shields"],"picked":"BootSequence","floor":25},{"not_picked":["Leap","Cold Snap","Double Energy"],"picked":"SKIP","floor":28},{"not_picked":["Fusion","Barrage"],"picked":"Recycle","floor":30},{"not_picked":["Undo","Streamline","Skim"],"picked":"SKIP","floor":31},{"not_picked":["Reboot","Echo Form"],"picked":"Buffer","floor":33},{"not_picked":["Coolheaded","Hologram","Cold Snap"],"picked":"SKIP","floor":35},{"not_picked":["Conserve Battery+1","Steam","Heatsinks"],"picked":"SKIP","floor":36},{"not_picked":["Chaos","Leap"],"picked":"Reboot","floor":38}],"player_experience":287390,"relics_obtained":[{"floor":9,"key":"MawBank"},{"floor":10,"key":"Pantograph"},{"floor":24,"key":"Mummified Hand"},{"floor":26,"key":"Sundial"}],"event_choices":[{"damage_healed":0,"gold_gain":0,"player_choice":"1 cards matched","damage_taken":0,"max_hp_gain":0,"max_hp_loss":0,"event_name":"Match and Keep!","floor":2,"gold_loss":0,"cards_obtained":["Darkness"]},{"cards_removed":["Defend_B"],"damage_healed":0,"gold_gain":0,"player_choice":"Card Removal","damage_taken":7,"max_hp_gain":0,"max_hp_loss":0,"event_name":"Golden Wing","floor":4,"gold_loss":0},{"damage_healed":0,"gold_gain":0,"player_choice":"Entered Light","damage_taken":21,"max_hp_gain":0,"max_hp_loss":0,"event_name":"Shining Light","floor":5,"gold_loss":0,"cards_upgraded":["Strike_B","Strike_B"]},{"cards_removed":["Strike_B"],"damage_healed":0,"gold_gain":0,"player_choice":"Offered Basic","damage_taken":0,"max_hp_gain":0,"max_hp_loss":0,"event_name":"Bonfire Elementals","floor":12,"gold_loss":0},{"damage_healed":0,"gold_gain":0,"player_choice":"Ignored","damage_taken":0,"max_hp_gain":0,"max_hp_loss":0,"event_name":"The Mausoleum","floor":21,"gold_loss":0},{"damage_healed":0,"gold_gain":50,"player_choice":"Touch","damage_taken":7,"max_hp_gain":0,"max_hp_loss":0,"event_name":"FaceTrader","floor":37,"gold_loss":0}],"is_beta":false,"boss_relics":[{"not_picked":["Runic Dome","Calling Bell"],"picked":"Pandora\u0027s Box"},{"not_picked":["Tiny House","Philosopher\u0027s Stone"],"picked":"Inserter"}],"items_purged_floors":[14],"is_endless":false,"potions_floor_spawned":[3,20,30,31,33],"killed_by":"Reptomancer","ascension_level":20}