{"gold_per_floor":[119,134,134,148,159,159,185,205,205,205,225,225,257,2,2,98,98,38,53,53,53],"floor_reached":21,"playtime":1049,"items_purged":[],"score":274,"play_id":"21c121e4-2454-4727-9f1d-7968792bd5eb","local_time":"20190801124843","is_ascension_mode":true,"campfire_choices":[{"floor":6,"key":"REST"},{"floor":10,"key":"REST"},{"floor":15,"key":"DIG"}],"neow_cost":"NONE","seed_source_timestamp":206076721472738,"circlet_count":0,"master_deck":["Strike_B+1","Strike_B+1","Strike_B+1","Strike_B+1","Defend_B+1","Defend_B+1","Defend_B+1","Defend_B+1","Zap","Dualcast","Creative AI+1","Ball Lightning","Glacier","Go for the Eyes","Double Energy","Parasite","Darkness","Machine Learning","Compile Driver"],"relics":["Sozu","Oddly Smooth Stone","Darkstone Periapt","Shovel","Bottled Tornado","Shuriken","Inserter"],"potions_floor_usage":[],"damage_taken":[{"damage":1,"enemies":"2 Louse","floor":1,"turns":3},{"damage":7,"enemies":"Small Slimes","floor":2,"turns":4},{"damage":14,"enemies":"Jaw Worm","floor":4,"turns":5},{"damage":21,"enemies":"3 Louse","floor":5,"turns":5},{"damage":38,"enemies":"Gremlin Nob","floor":7,"turns":6},{"damage":7,"enemies":"Exordium Thugs","floor":8,"turns":6},{"damage":0,"enemies":"Large Slime","floor":11,"turns":6},{"damage":1,"enemies":"Lagavulin","floor":13,"turns":8},{"damage":12,"enemies":"The Guardian","floor":16,"turns":10},{"damage":38,"enemies":"2 Thieves","floor":18,"turns":4},{"damage":11,"enemies":"Shell Parasite","floor":19,"turns":6},{"damage":21,"enemies":"Snake Plant","floor":21,"turns":3}],"seed_played":"-3458608103966915086","potions_obtained":[],"is_trial":false,"path_per_floor":["M","M","?","M","M","R","E","M","T","R","M","?","E","$","R","B",null,"M","M","?","M"],"character_chosen":"DEFECT","items_purchased":["Bottled Tornado"],"campfire_rested":2,"item_purchase_floors":[14],"current_hp_per_floor":[67,60,60,46,25,47,9,2,2,24,24,48,47,47,47,35,70,32,21,21,0],"gold":53,"neow_bonus":"BOSS_RELIC","is_prod":false,"is_daily":false,"chose_seed":false,"campfire_upgraded":0,"win_rate":0,"timestamp":1564631323,"path_taken":["M","M","?","M","M","R","E","M","T","R","M","?","E","$","R","BOSS","M","M","?","M"],"build_version":"2019-07-17","purchased_purges":0,"victory":false,"max_hp_per_floor":[75,75,75,75,75,75,75,75,75,75,75,81,81,81,81,81,81,81,81,81,81],"card_choices":[{"not_picked":["Hologram","Redo","Consume"],"picked":"SKIP","floor":1},{"not_picked":["Conserve Battery","Redo"],"picked":"Creative AI","floor":2},{"not_picked":["Stack","Redo"],"picked":"Ball Lightning","floor":4},{"not_picked":["BootSequence","Storm"],"picked":"Glacier","floor":5},{"not_picked":["Machine Learning","Coolheaded"],"picked":"Go for the Eyes","floor":7},{"not_picked":["Go for the Eyes","Redo"],"picked":"Double Energy","floor":8},{"not_picked":["Stack","Force Field","Cold Snap"],"picked":"SKIP","floor":11},{"not_picked":["Sunder","Steam"],"picked":"Darkness","floor":13},{"not_picked":["Buffer","Echo Form"],"picked":"Machine Learning","floor":16},{"not_picked":["Beam Cell+1","Gash"],"picked":"Compile Driver","floor":18},{"not_picked":["Storm","Leap","Coolheaded"],"picked":"SKIP","floor":19}],"player_experience":179358,"relics_obtained":[{"floor":7,"key":"Oddly Smooth Stone"},{"floor":9,"key":"Darkstone Periapt"},{"floor":13,"key":"Shovel"},{"floor":15,"key":"Shuriken"}],"event_choices":[{"damage_healed":0,"gold_gain":0,"player_choice":"Grow","damage_taken":0,"max_hp_gain":0,"max_hp_loss":0,"event_name":"Living Wall","floor":3,"gold_loss":0,"cards_upgraded":["Creative AI"]},{"damage_healed":18,"gold_gain":0,"player_choice":"Healed and dodged fight","damage_taken":0,"max_hp_gain":0,"max_hp_loss":0,"event_name":"Mushrooms","floor":12,"gold_loss":0,"cards_obtained":["Parasite"]},{"damage_healed":0,"gold_gain":0,"player_choice":"Simplicity","damage_taken":0,"max_hp_gain":0,"max_hp_loss":0,"event_name":"Back to Basics","floor":20,"gold_loss":0,"cards_upgraded":["Strike_B","Strike_B","Strike_B","Strike_B","Defend_B","Defend_B","Defend_B","Defend_B"]}],"is_beta":false,"boss_relics":[{"not_picked":["Runic Pyramid","Black Star"],"picked":"Inserter"}],"items_purged_floors":[],"is_endless":false,"potions_floor_spawned":[4,7,11,16,19],"killed_by":"Snake Plant","ascension_level":9}