{"gold_per_floor":[112,112,112,79,79,114,114,148,203,216,234,234,247,257,257,356,356,356,281,281,281,281,281,281,281,281,281,281,281,281,33,33,33,33,33,33,33,33,33,33,33,33,33,33,33,33,33,33,33,33],"floor_reached":51,"playtime":3269,"items_purged":["Strike_G","Pain"],"score":1315,"play_id":"924ef276-31b3-43d5-8ba4-af5c1ef744b0","local_time":"20190803180400","is_ascension_mode":true,"campfire_choices":[{"data":"Neutralize","floor":7,"key":"SMITH"},{"data":"1","floor":12,"key":"LIFT"},{"data":"2","floor":15,"key":"LIFT"},{"data":"3","floor":23,"key":"LIFT"},{"data":"Well Laid Plans","floor":25,"key":"SMITH"},{"floor":32,"key":"REST"},{"floor":40,"key":"REST"},{"floor":42,"key":"REST"},{"data":"Footwork","floor":44,"key":"SMITH"},{"floor":49,"key":"REST"}],"neow_cost":"NONE","seed_source_timestamp":394429595874700,"circlet_count":0,"master_deck":["AscendersBane","Survivor","Neutralize+1","Dagger Spray","Well Laid Plans+1","Poisoned Stab+1","Dagger Throw+1","Dagger Spray+1","Riddle With Holes+1","Well Laid Plans","Backflip","Adrenaline+1","Cloak And Dagger+1","Leg Sweep","Caltrops","Sucker Punch+1","Caltrops","Footwork+1","Footwork","Riddle With Holes+1","Malaise","Flechettes+1","Catalyst","Dodge and Roll","Terror","Escape Plan","Slice+1","Crippling Poison","Deflect","Neutralize+1","Cloak And Dagger+1","Deadly Poison+1","Corpse Explosion"],"relics":["Ring of the Snake","NeowsBlessing","Girya","Molten Egg 2","Orichalcum","War Paint","Ectoplasm","Centennial Puzzle","Letter Opener","WarpedTongs","Pandora\u0027s Box","Bag of Preparation","Strawberry","Pear"],"potions_floor_usage":[16,33,36,50,50],"damage_taken":[{"damage":0,"enemies":"2 Louse","floor":1,"turns":1},{"damage":0,"enemies":"Lagavulin","floor":6,"turns":1},{"damage":0,"enemies":"3 Sentries","floor":8,"turns":1},{"damage":0,"enemies":"Jaw Worm","floor":10,"turns":3},{"damage":0,"enemies":"Cultist","floor":11,"turns":2},{"damage":0,"enemies":"Exordium Thugs","floor":13,"turns":2},{"damage":8,"enemies":"Lots of Slimes","floor":14,"turns":2},{"damage":0,"enemies":"Slime Boss","floor":16,"turns":5},{"damage":0,"enemies":"Chosen","floor":18,"turns":3},{"damage":0,"enemies":"Spheric Guardian","floor":20,"turns":2},{"damage":0,"enemies":"Chosen and Byrds","floor":21,"turns":3},{"damage":0,"enemies":"Snake Plant","floor":24,"turns":3},{"damage":1,"enemies":"Cultist and Chosen","floor":27,"turns":3},{"damage":14,"enemies":"Book of Stabbing","floor":28,"turns":4},{"damage":6,"enemies":"Snecko","floor":29,"turns":4},{"damage":21,"enemies":"Automaton","floor":33,"turns":8},{"damage":3,"enemies":"Orb Walker","floor":35,"turns":2},{"damage":21,"enemies":"3 Darklings","floor":36,"turns":3},{"damage":0,"enemies":"Transient","floor":38,"turns":5},{"damage":10,"enemies":"4 Shapes","floor":39,"turns":5},{"damage":19,"enemies":"Reptomancer","floor":41,"turns":4},{"damage":1,"enemies":"Sphere and 2 Shapes","floor":45,"turns":3},{"damage":9,"enemies":"Giant Head","floor":46,"turns":7},{"damage":0,"enemies":"Maw","floor":47,"turns":5},{"damage":2,"enemies":"Spire Growth","floor":48,"turns":4},{"damage":33,"enemies":"Donu and Deca","floor":50,"turns":4}],"seed_played":"-4560646222010076656","potions_obtained":[{"floor":6,"key":"SteroidPotion"},{"floor":8,"key":"PowerPotion"},{"floor":21,"key":"Poison Potion"},{"floor":29,"key":"Energy Potion"},{"floor":33,"key":"Swift Potion"},{"floor":41,"key":"FearPotion"},{"floor":47,"key":"Strength Potion"}],"is_trial":false,"path_per_floor":["M","?","T","$","?","E","R","E","T","M","M","R","M","M","R","B",null,"M","$","M","M","?","R","M","R","T","M","E","M","?","$","R","B",null,"M","M","?","M","M","R","E","R","T","R","M","E","M","M","R","B",null],"character_chosen":"THE_SILENT","items_purchased":["Well Laid Plans","Footwork","Riddle With Holes+1"],"campfire_rested":4,"item_purchase_floors":[4,31,31],"current_hp_per_floor":[63,56,56,56,56,56,56,56,56,56,56,56,56,48,48,48,65,65,65,65,65,65,65,65,65,65,64,50,44,44,44,65,44,64,61,40,40,40,30,51,32,53,60,60,59,60,60,58,84,51],"gold":33,"neow_bonus":"THREE_ENEMY_KILL","is_prod":false,"is_daily":false,"chose_seed":false,"campfire_upgraded":3,"win_rate":0,"timestamp":1564869840,"path_taken":["M","?","?","$","?","E","R","E","T","M","M","R","M","M","R","BOSS","M","$","M","M","?","R","M","R","T","M","E","?","?","$","R","BOSS","M","?","?","M","M","R","E","R","T","R","M","E","M","?","R","BOSS"],"build_version":"2019-07-18","purchased_purges":2,"victory":true,"max_hp_per_floor":[70,70,70,70,70,70,70,70,70,70,70,70,70,70,70,70,70,70,70,70,70,70,70,70,70,70,70,70,70,70,70,70,70,70,70,70,70,70,70,70,70,70,77,77,77,87,87,87,87,87],"card_choices":[{"not_picked":["Outmaneuver","Blade Dance"],"picked":"Dagger Spray","floor":1},{"not_picked":["Slice","Venomology"],"picked":"Poisoned Stab","floor":6},{"not_picked":["Tactician","Prepared"],"picked":"Dagger Throw+1","floor":8},{"not_picked":["Acrobatics","Slice+1"],"picked":"Dagger Spray+1","floor":10},{"not_picked":["PiercingWail","Slice+1"],"picked":"Riddle With Holes+1","floor":11},{"not_picked":["Caltrops","Prepared"],"picked":"Well Laid Plans","floor":13},{"not_picked":["Flying Knee+1","Masterful Stab+1"],"picked":"Backflip","floor":14},{"not_picked":["Venomology","Malaise"],"picked":"Adrenaline","floor":16},{"not_picked":["Quick Slash+1","Poisoned Stab+1"],"picked":"Cloak And Dagger+1","floor":18},{"not_picked":["Quick Slash+1","Bane+1"],"picked":"Leg Sweep","floor":20},{"not_picked":["Finisher+1","Underhanded Strike+1"],"picked":"Caltrops","floor":21},{"not_picked":["Dagger Throw+1","Flying Knee+1"],"picked":"Sucker Punch+1","floor":24},{"not_picked":["Calculated Gamble","Prepared"],"picked":"Caltrops","floor":27},{"not_picked":["Storm of Steel","Choke+1"],"picked":"Footwork","floor":28},{"not_picked":["Poisoned Stab+1","Deflect","Prepared"],"picked":"SKIP","floor":29},{"not_picked":["Bullet Time","Night Terror"],"picked":"Malaise","floor":33},{"not_picked":["Masterful Stab+1","Quick Slash+1","Dagger Spray+1"],"picked":"SKIP","floor":35},{"not_picked":["Predator+1","Masterful Stab+1","Deflect"],"picked":"SKIP","floor":36},{"not_picked":["Backflip","Setup"],"picked":"Cloak And Dagger+1","floor":38},{"not_picked":["Well Laid Plans","Dagger Spray+1","Quick Slash+1"],"picked":"SKIP","floor":39},{"not_picked":["Cloak And Dagger","Flechettes+1","Dagger Spray+1"],"picked":"SKIP","floor":41},{"not_picked":["Footwork","Cloak And Dagger+1"],"picked":"Deadly Poison+1","floor":45},{"not_picked":["Unload+1","Caltrops+1"],"picked":"Corpse Explosion","floor":46},{"not_picked":["Backstab+1","Crippling Poison","Concentrate"],"picked":"SKIP","floor":47},{"not_picked":["Dagger Throw+1","Underhanded Strike+1","Expertise"],"picked":"SKIP","floor":48}],"player_experience":343716,"relics_obtained":[{"floor":3,"key":"Girya"},{"floor":6,"key":"Molten Egg 2"},{"floor":8,"key":"Orichalcum"},{"floor":9,"key":"War Paint"},{"floor":26,"key":"Centennial Puzzle"},{"floor":28,"key":"Letter Opener"},{"floor":41,"key":"Bag of Preparation"},{"floor":43,"key":"Strawberry"},{"floor":46,"key":"Pear"}],"event_choices":[{"cards_removed":["Strike_G"],"damage_healed":0,"gold_gain":0,"player_choice":"Card Removal","damage_taken":7,"max_hp_gain":0,"max_hp_loss":0,"event_name":"Golden Wing","floor":2,"gold_loss":0},{"damage_healed":0,"gold_gain":0,"player_choice":"Ignored","damage_taken":0,"max_hp_gain":0,"max_hp_loss":0,"event_name":"Liars Game","floor":5,"gold_loss":0},{"damage_healed":0,"gold_gain":0,"player_choice":"Upgraded","damage_taken":0,"max_hp_gain":0,"max_hp_loss":0,"event_name":"Upgrade Shrine","floor":22,"gold_loss":0,"cards_upgraded":["Adrenaline"]},{"damage_healed":0,"gold_gain":0,"player_choice":"Rummage","damage_taken":0,"relics_obtained":["WarpedTongs"],"max_hp_gain":0,"max_hp_loss":0,"event_name":"Accursed Blacksmith","floor":30,"gold_loss":0,"cards_obtained":["Pain"]},{"damage_healed":0,"gold_gain":0,"player_choice":"1 cards matched","damage_taken":0,"max_hp_gain":0,"max_hp_loss":0,"event_name":"Match and Keep!","floor":37,"gold_loss":0,"cards_obtained":["Neutralize"]}],"is_beta":true,"boss_relics":[{"not_picked":["Fusion Hammer","HoveringKite"],"picked":"Ectoplasm"},{"not_picked":["Velvet Choker","Sozu"],"picked":"Pandora\u0027s Box"}],"items_purged_floors":[19,31],"is_endless":false,"potions_floor_spawned":[6,8,14,21,24,29,33,35,41,46,47],"ascension_level":11}