{"gold_per_floor":[114,114,69,80,80,80,108,120,120,120,150,160,172,188,188,293,293,309,249,268,268,114,127,127,140,189,189,89,89,417,417,417,522,522,541,1540,1540,871,871,871,904,904,904,919,931,103,122,132,132,132],"floor_reached":50,"playtime":4220,"items_purged":["Strike_G","Strike_G","Normality","Normality"],"score":830,"play_id":"639366e0-e275-4ad7-b9a1-1cf3c1d280e4","local_time":"20190601212615","is_ascension_mode":true,"campfire_choices":[{"data":"Sucker Punch","floor":6.0,"key":"SMITH"},{"data":"Infinite Blades","floor":10.0,"key":"SMITH"},{"floor":15.0,"key":"REST"},{"data":"Footwork","floor":24.0,"key":"SMITH"},{"floor":27.0,"key":"REST"},{"data":"After Image","floor":29.0,"key":"SMITH"},{"floor":32.0,"key":"REST"},{"floor":40,"key":"REST"},{"floor":42,"key":"REST"},{"floor":49,"key":"REST"}],"neow_cost":"","seed_source_timestamp":0,"circlet_count":0,"master_deck":["Defend_G","Defend_G","Defend_G","Defend_G+1","Defend_G","Strike_G","Strike_G+1","Survivor","Neutralize+1","Footwork+1","Cloak And Dagger","Dagger Spray+1","Sucker Punch+1","Infinite Blades+1","After Image+1","Backstab+1","Adrenaline","Glass Knife+1","Noxious Fumes+1","Shame","Footwork+1","Dash+1","Die Die Die+1","RitualDagger+1","Doppelganger","Finisher+1","Terror","Leg Sweep","Neutralize+1","Regret","Outmaneuver","Venomology","Chrysalis","Caltrops","Parasite","Prepared+1","Blur"],"special_seed":0,"relics":["Ring of the Snake","Ginger","Bottled Flame","Molten Egg 2","Velvet Choker","Orichalcum","Ancient Tea Set","Old Coin","Fusion Hammer","Mango","Medical Kit","Regal Pillow","Whetstone","Anchor","Juzu Bracelet"],"potions_floor_usage":[45,45,47,47,48,48,50],"damage_taken":[{"damage":0.0,"enemies":"Jaw Worm","floor":1.0,"turns":6.0},{"damage":0.0,"enemies":"Cultist","floor":4.0,"turns":4.0},{"damage":5.0,"enemies":"3 Sentries","floor":7.0,"turns":8.0},{"damage":0.0,"enemies":"2 Louse","floor":8.0,"turns":2.0},{"damage":14.0,"enemies":"Lagavulin","floor":11.0,"turns":11.0},{"damage":3.0,"enemies":"2 Fungi Beasts","floor":12.0,"turns":4.0},{"damage":8.0,"enemies":"Lots of Slimes","floor":13.0,"turns":4.0},{"damage":1.0,"enemies":"Blue Slaver","floor":14.0,"turns":3.0},{"damage":25.0,"enemies":"Hexaghost","floor":16.0,"turns":12.0},{"damage":4.0,"enemies":"Spheric Guardian","floor":18.0,"turns":4.0},{"damage":13.0,"enemies":"2 Thieves","floor":20.0,"turns":4.0},{"damage":6.0,"enemies":"Snake Plant","floor":23.0,"turns":4.0},{"damage":11.0,"enemies":"Centurion and Healer","floor":25.0,"turns":8.0},{"damage":16.0,"enemies":"Book of Stabbing","floor":30.0,"turns":7.0},{"damage":54.0,"enemies":"Automaton","floor":33.0,"turns":14.0},{"damage":15.0,"enemies":"3 Darklings","floor":35.0,"turns":5.0},{"damage":36,"enemies":"Nemesis","floor":41,"turns":9},{"damage":22,"enemies":"3 Shapes","floor":44,"turns":5},{"damage":51,"enemies":"Spire Growth","floor":45,"turns":5},{"damage":7,"enemies":"Writhing Mass","floor":47,"turns":5},{"damage":0,"enemies":"Maw","floor":48,"turns":9},{"damage":58,"enemies":"Donu and Deca","floor":50,"turns":5}],"seed_played":"-672170928860031418","potions_obtained":[{"floor":4.0,"key":"AttackPotion"},{"floor":11.0,"key":"Fire Potion"},{"floor":13.0,"key":"PowerPotion"},{"floor":16.0,"key":"EssenceOfSteel"},{"floor":18.0,"key":"Dexterity Potion"},{"floor":23.0,"key":"Weak Potion"},{"floor":33.0,"key":"AttackPotion"},{"floor":35,"key":"Poison Potion"},{"floor":41,"key":"Fire Potion"},{"floor":48,"key":"Poison Potion"}],"is_trial":false,"path_per_floor":["M","?","$","M","?","R","E","M","T","R","E","M","M","M","R","B",null,"M","?","M","?","$","M","R","M","T","R","$","R","E","?","R","B",null,"M","?","?","$","?","R","E","R","T","M","M","$","M","M","R","B"],"character_chosen":"THE_SILENT","items_purchased":["Footwork","Cloak And Dagger","Dagger Spray","Footwork","Mango","Terror","Medical Kit","Anchor","Chrysalis","Caltrops","Juzu Bracelet","Block Potion","GhostInAJar"],"campfire_rested":6,"item_purchase_floors":[0,0,3,22,38,38,38,46,46,46,46,46,46],"current_hp_per_floor":[70,70,70,70,56,56,51,51,51,51,37,34,26,25,46,21,70,66,66,53,53,53,47,47,36,36,57,57,57,41,35,56,2,70,55,55,55,69,69,84,48,84,84,62,11,11,4,4,44,0],"gold":132,"neow_bonus":"","is_prod":false,"is_daily":false,"chose_seed":false,"campfire_upgraded":4,"win_rate":0,"timestamp":1559442375,"path_taken":["M","?","?","?","?","R","E","M","T","R","E","M","M","M","R","BOSS","M","?","?","?","$","M","R","M","T","R","$","R","E","?","R","BOSS","M","?","?","$","?","R","E","R","T","?","M","$","M","M","R","BOSS"],"build_version":"2019-01-23","purchased_purges":4,"victory":false,"max_hp_per_floor":[70,70,70,70,70,70,70,70,70,70,70,70,70,70,70,70,70,70,70,70,70,70,70,70,70,70,70,70,70,70,70,70,70,70,70,70,70,84,84,84,84,84,84,84,84,84,84,84,84,84],"card_choices":[{"not_picked":["Prepared","Acrobatics","Concentrate"],"picked":"SKIP","floor":1.0},{"not_picked":["Dagger Spray","Deadly Poison"],"picked":"Sucker Punch","floor":4.0},{"not_picked":["Dagger Spray","Acrobatics","Bullet Time"],"picked":"SKIP","floor":7.0},{"not_picked":["Deadly Poison","Dagger Throw"],"picked":"Infinite Blades","floor":8.0},{"not_picked":["Eviscerate","PiercingWail"],"picked":"After Image","floor":11.0},{"not_picked":["Backflip","Endless Agony+1","Dagger Spray+1"],"picked":"SKIP","floor":12.0},{"not_picked":["Escape Plan","Choke+1"],"picked":"Backstab+1","floor":13.0},{"not_picked":["Blade Dance","Reflex"],"picked":"Adrenaline","floor":14.0},{"not_picked":["Storm of Steel","Grand Finale+1"],"picked":"Glass Knife+1","floor":16.0},{"not_picked":["Setup","Blade Dance","Backflip"],"picked":"SKIP","floor":18.0},{"not_picked":["Distraction","Flying Knee+1"],"picked":"Noxious Fumes+1","floor":20.0},{"not_picked":["Acrobatics","Sucker Punch+1","Cloak And Dagger+1"],"picked":"SKIP","floor":23.0},{"not_picked":["Bouncing Flask","Sucker Punch+1"],"picked":"Dash+1","floor":25.0},{"not_picked":["PiercingWail","Sucker Punch+1"],"picked":"Die Die Die+1","floor":30.0},{"not_picked":["Storm of Steel","After Image"],"picked":"Doppelganger","floor":33.0},{"not_picked":["Skewer+1","Dagger Spray+1"],"picked":"Finisher+1","floor":35},{"not_picked":["Predator+1","Underhanded Strike+1","Outmaneuver"],"picked":"SKIP","floor":41},{"not_picked":["Deflect+1","Deadly Poison","Eviscerate+1"],"picked":"SKIP","floor":44},{"not_picked":["Underhanded Strike+1","Poisoned Stab+1","Backflip"],"picked":"SKIP","floor":45},{"not_picked":["Dagger Throw+1","Poisoned Stab+1"],"picked":"Prepared+1","floor":47},{"not_picked":["Dodge and Roll","Riddle With Holes+1"],"picked":"Blur","floor":48}],"player_experience":339033,"relics_obtained":[{"floor":7.0,"key":"Ginger"},{"floor":9.0,"key":"Bottled Flame"},{"floor":11.0,"key":"Molten Egg 2"},{"floor":26.0,"key":"Ancient Tea Set"},{"floor":30.0,"key":"Old Coin"},{"floor":41,"key":"Regal Pillow"},{"floor":43,"key":"Whetstone"}],"event_choices":[{"damage_healed":0.0,"max_hp_gain":0.0,"max_hp_loss":0.0,"gold_gain":0.0,"event_name":"Accursed Blacksmith","player_choice":"Forge","floor":2.0,"gold_loss":0.0,"damage_taken":0.0,"cards_upgraded":["Footwork"]},{"damage_healed":0.0,"max_hp_gain":0.0,"max_hp_loss":0.0,"gold_gain":0.0,"event_name":"Shining Light","player_choice":"Entered Light","floor":5.0,"gold_loss":0.0,"damage_taken":14.0,"cards_upgraded":["Strike_G","Defend_G"]},{"cards_removed":["Strike_G"],"damage_healed":0.0,"max_hp_gain":0.0,"max_hp_loss":0.0,"gold_gain":0.0,"event_name":"Designer","player_choice":"Single Remove","floor":19.0,"gold_loss":60.0,"damage_taken":0.0},{"damage_healed":0.0,"max_hp_gain":0.0,"max_hp_loss":0.0,"gold_gain":0.0,"event_name":"Addict","player_choice":"Stole Relic","floor":21.0,"gold_loss":0.0,"damage_taken":0.0,"relics_obtained":["Orichalcum"],"cards_obtained":["Shame"]},{"damage_healed":0.0,"max_hp_gain":0.0,"max_hp_loss":0.0,"gold_gain":0.0,"event_name":"Nest","player_choice":"Joined the Cult","floor":31.0,"gold_loss":0.0,"damage_taken":6.0,"cards_obtained":["RitualDagger"]},{"damage_healed":0,"gold_gain":999,"player_choice":"Gold","damage_taken":0,"max_hp_gain":0,"max_hp_loss":0,"event_name":"MindBloom","floor":36,"gold_loss":0,"cards_obtained":["Normality","Normality"]},{"damage_healed":0,"gold_gain":0,"player_choice":"Ignored","damage_taken":0,"max_hp_gain":0,"max_hp_loss":0,"event_name":"Mysterious Sphere","floor":37,"gold_loss":0},{"damage_healed":0,"gold_gain":0,"player_choice":"5 cards matched","damage_taken":0,"max_hp_gain":0,"max_hp_loss":0,"event_name":"Match and Keep!","floor":39,"gold_loss":0,"cards_obtained":["Leg Sweep","Neutralize","Regret","Outmaneuver","Venomology"]},{"damage_healed":0,"gold_gain":0,"player_choice":"5 cards matched","damage_taken":0,"max_hp_gain":0,"max_hp_loss":0,"event_name":"Match and Keep!","floor":39,"gold_loss":0,"cards_obtained":["Leg Sweep","Neutralize","Regret","Outmaneuver","Venomology"]}],"is_beta":false,"boss_relics":[{"not_picked":["Black Star","Tiny House"],"picked":"Velvet Choker"},{"not_picked":["WristBlade","Philosopher\u0027s Stone"],"picked":"Fusion Hammer"}],"items_purged_floors":[22,28,38,46],"is_endless":false,"potions_floor_spawned":[4,11,13,16,18,23,25,33,35,41,48],"killed_by":"Donu and Deca","ascension_level":4}