{"gold_per_floor":[113,113,123,123,47,72,72,98,145,160,160,160,190,210,210,313,313,302,302,6,17,36,36,61,80,135,135,154,154,64,74,74,170,170,182,229,254,306,21,21,60,87,147,172,184,208,220,267,279,291],"floor_reached":50,"playtime":7876,"items_purged":["Doubt"],"score":688,"play_id":"b4dd6339-a795-4316-b348-855335295012","local_time":"20190809235603","is_ascension_mode":true,"campfire_choices":[{"data":"Dash","floor":7,"key":"SMITH"},{"data":"Bane","floor":11,"key":"SMITH"},{"data":"Adrenaline","floor":15,"key":"SMITH"},{"data":"Apotheosis","floor":23,"key":"SMITH"},{"data":"Burst","floor":27,"key":"SMITH"},{"data":"Crippling Poison","floor":29,"key":"SMITH"},{"data":"Backflip","floor":32,"key":"SMITH"},{"floor":40,"key":"DIG"},{"floor":45,"key":"DIG"},{"data":"After Image","floor":49,"key":"SMITH"}],"neow_cost":"NONE","seed_source_timestamp":169319513238196,"circlet_count":0,"master_deck":["Strike_G+1","Strike_G+1","Defend_G","Defend_G","Defend_G","Survivor","Neutralize","Dash+1","Escape Plan","Bane+1","Adrenaline+1","Deadly Poison+1","Burst+1","Tactician+1","Doppelganger+1","Outmaneuver+1","Acrobatics","Necronomicurse","Apotheosis+1","Crippling Poison+1","Backflip+1","Bane","Noxious Fumes+1","Corpse Explosion","Injury","After Image+1","Noxious Fumes","Pain","Skewer+1"],"relics":["Ring of the Snake","NeowsBlessing","Boot","Vajra","Odd Mushroom","Orichalcum","Paper Crane","Whetstone","Astrolabe","Necronomicon","Bird Faced Urn","Tiny Chest","Cursed Key","Shovel","Lantern","Art of War","TwistedFunnel","MawBank","Blood Vial","Dream Catcher","Centennial Puzzle","Omamori"],"potions_floor_usage":[16,16,16,24,33,46,50,50,50],"damage_taken":[{"damage":0,"enemies":"2 Louse","floor":1,"turns":1},{"damage":0,"enemies":"Cultist","floor":3,"turns":1},{"damage":0,"enemies":"Lagavulin","floor":6,"turns":1},{"damage":5,"enemies":"The Mushroom Lair","floor":8,"turns":5},{"damage":0,"enemies":"Jaw Worm","floor":10,"turns":2},{"damage":27,"enemies":"Gremlin Nob","floor":13,"turns":5},{"damage":0,"enemies":"Looter","floor":14,"turns":2},{"damage":16,"enemies":"Slime Boss","floor":16,"turns":7},{"damage":10,"enemies":"2 Thieves","floor":18,"turns":4},{"damage":0,"enemies":"Spheric Guardian","floor":21,"turns":3},{"damage":11,"enemies":"Snake Plant","floor":22,"turns":3},{"damage":0,"enemies":"Gremlin Leader","floor":24,"turns":4},{"damage":1,"enemies":"Chosen and Byrds","floor":25,"turns":4},{"damage":0,"enemies":"Sentry and Sphere","floor":28,"turns":3},{"damage":2,"enemies":"Centurion and Healer","floor":31,"turns":2},{"damage":14,"enemies":"Collector","floor":33,"turns":6},{"damage":0,"enemies":"3 Darklings","floor":35,"turns":1},{"damage":14,"enemies":"2 Orb Walkers","floor":36,"turns":3},{"damage":9,"enemies":"Reptomancer","floor":41,"turns":5},{"damage":3,"enemies":"Orb Walker","floor":42,"turns":3},{"damage":28,"enemies":"Spire Growth","floor":44,"turns":4},{"damage":17,"enemies":"Writhing Mass","floor":46,"turns":4},{"damage":1,"enemies":"Nemesis","floor":48,"turns":7},{"damage":68,"enemies":"Time Eater","floor":50,"turns":10}],"seed_played":"2546693981945444293","potions_obtained":[{"floor":6,"key":"SpeedPotion"},{"floor":13,"key":"Swift Potion"},{"floor":14,"key":"SteroidPotion"},{"floor":16,"key":"SpeedPotion"},{"floor":21,"key":"SkillPotion"},{"floor":25,"key":"Strength Potion"},{"floor":28,"key":"SmokeBomb"},{"floor":31,"key":"Regen Potion"},{"floor":42,"key":"AttackPotion"},{"floor":44,"key":"Regen Potion"},{"floor":46,"key":"SneckoOil"}],"is_trial":false,"path_per_floor":["M","?","M","?","$","E","R","?","T","M","R","T","E","M","R","B",null,"M","?","$","M","M","R","E","M","T","R","M","R","?","M","R","B",null,"M","?","T","T","$","R","E","M","T","M","R","M","?","E","R","B"],"character_chosen":"THE_SILENT","items_purchased":["Escape Plan","Apotheosis","Crippling Poison","Backflip","TwistedFunnel"],"campfire_rested":0,"item_purchase_floors":[5,20,20,20,39],"current_hp_per_floor":[70,70,70,63,63,63,63,58,58,58,58,58,31,31,31,15,70,60,44,44,44,33,33,33,32,32,32,34,34,34,34,34,36,70,70,56,56,56,56,56,49,48,48,28,28,28,61,60,60,0],"gold":291,"neow_bonus":"THREE_ENEMY_KILL","is_prod":false,"is_daily":false,"chose_seed":false,"campfire_upgraded":8,"win_rate":0,"timestamp":1565387763,"path_taken":["M","?","?","?","$","E","R","?","T","M","R","?","E","M","R","BOSS","M","?","$","M","M","R","E","M","T","R","M","R","?","?","R","BOSS","M","?","?","?","$","R","E","M","T","M","R","M","?","E","R","BOSS"],"build_version":"2019-07-17","purchased_purges":1,"victory":false,"max_hp_per_floor":[70,70,70,70,70,70,70,70,70,70,70,70,70,70,70,70,70,70,70,70,70,70,70,70,70,70,70,70,70,70,70,70,70,70,70,70,70,70,70,70,70,70,70,70,70,70,61,61,61,61],"card_choices":[{"not_picked":["Outmaneuver","Flying Knee","Reflex"],"picked":"SKIP","floor":1},{"not_picked":["Skewer","Acrobatics"],"picked":"Dash","floor":3},{"not_picked":["Riddle With Holes","Sucker Punch","Wraith Form v2"],"picked":"SKIP","floor":6},{"not_picked":["Riddle With Holes","Sucker Punch","Wraith Form v2"],"picked":"SKIP","floor":6},{"not_picked":["Deflect","Underhanded Strike"],"picked":"Bane","floor":10},{"not_picked":["Quick Slash","Bouncing Flask"],"picked":"Adrenaline","floor":13},{"not_picked":["Dagger Throw","Dodge and Roll"],"picked":"Deadly Poison","floor":14},{"not_picked":["Storm of Steel","Wraith Form v2"],"picked":"Burst","floor":16},{"not_picked":["Dodge and Roll","Dagger Spray"],"picked":"Acrobatics","floor":18},{"not_picked":["Dagger Throw","Cloak And Dagger"],"picked":"Bane","floor":21},{"not_picked":["Slice+1","Outmaneuver","Heel Hook"],"picked":"SKIP","floor":22},{"not_picked":["Acrobatics","Dagger Throw+1","Bouncing Flask"],"picked":"SKIP","floor":24},{"not_picked":["Dagger Throw","PiercingWail+1"],"picked":"Noxious Fumes+1","floor":25},{"not_picked":["Flying Knee+1","Riddle With Holes","Prepared"],"picked":"SKIP","floor":28},{"not_picked":["Outmaneuver","Venomology","Flying Knee+1"],"picked":"SKIP","floor":31},{"not_picked":["Burst","Storm of Steel"],"picked":"Corpse Explosion","floor":33},{"not_picked":["Underhanded Strike","Cloak And Dagger","Endless Agony"],"picked":"SKIP","floor":35},{"not_picked":["Backflip","Deflect+1"],"picked":"After Image","floor":41},{"not_picked":["Dash","Flechettes+1"],"picked":"Noxious Fumes","floor":42},{"not_picked":["Poisoned Stab","Dodge and Roll+1","Slice"],"picked":"SKIP","floor":44},{"not_picked":["Bouncing Flask","Bane","Blade Dance+1"],"picked":"SKIP","floor":46},{"not_picked":["Endless Agony+1","Flying Knee+1"],"picked":"Skewer+1","floor":48}],"player_experience":189895,"relics_obtained":[{"floor":6,"key":"Vajra"},{"floor":8,"key":"Odd Mushroom"},{"floor":9,"key":"Orichalcum"},{"floor":12,"key":"Paper Crane"},{"floor":13,"key":"Whetstone"},{"floor":19,"key":"Necronomicon"},{"floor":24,"key":"Bird Faced Urn"},{"floor":26,"key":"Tiny Chest"},{"floor":36,"key":"Shovel"},{"floor":37,"key":"Lantern"},{"floor":38,"key":"Art of War"},{"floor":40,"key":"MawBank"},{"floor":41,"key":"Blood Vial"},{"floor":43,"key":"Dream Catcher"},{"floor":45,"key":"Centennial Puzzle"},{"floor":48,"key":"Omamori"}],"event_choices":[{"cards_removed":["Strike_G"],"damage_healed":0,"gold_gain":0,"player_choice":"Offered Basic","damage_taken":0,"max_hp_gain":0,"max_hp_loss":0,"event_name":"Bonfire Elementals","floor":2,"gold_loss":0},{"damage_healed":0,"gold_gain":0,"player_choice":"Success","damage_taken":7,"relics_obtained":["Boot"],"max_hp_gain":0,"max_hp_loss":0,"event_name":"Scrap Ooze","floor":4,"gold_loss":0},{"damage_healed":0,"gold_gain":0,"player_choice":"Fought Mushrooms","damage_taken":0,"max_hp_gain":0,"max_hp_loss":0,"event_name":"Mushrooms","floor":8,"gold_loss":0},{"damage_healed":0,"gold_gain":0,"player_choice":"Obtained Book","damage_taken":16,"max_hp_gain":0,"max_hp_loss":0,"event_name":"Cursed Tome","floor":19,"gold_loss":0},{"cards_removed":["Defend_G"],"damage_healed":0,"gold_gain":0,"player_choice":"Upgrade and Remove","damage_taken":0,"max_hp_gain":0,"max_hp_loss":0,"event_name":"Designer","floor":30,"gold_loss":90,"cards_upgraded":["Deadly Poison"]},{"damage_healed":0,"gold_gain":0,"player_choice":"Fight","damage_taken":0,"max_hp_gain":0,"max_hp_loss":0,"event_name":"Mysterious Sphere","floor":36,"gold_loss":0},{"damage_healed":61,"gold_gain":0,"player_choice":"Heal","damage_taken":0,"max_hp_gain":0,"max_hp_loss":9,"event_name":"The Moai Head","floor":47,"gold_loss":0}],"is_beta":false,"boss_relics":[{"not_picked":["Lizard Tail","Fusion Hammer"],"picked":"Astrolabe"},{"not_picked":["Runic Dome","Runic Pyramid"],"picked":"Cursed Key"}],"items_purged_floors":[39],"is_endless":false,"potions_floor_spawned":[6,13,14,16,21,25,28,31,42,44,46],"killed_by":"Time Eater","ascension_level":2}