{"gold_per_floor":[112,112,131,56,56,89,121,173,209,30,30],"floor_reached":11,"playtime":236,"items_purged":[],"score":142,"play_id":"4692883c-28a2-4814-8c18-dabb59a0d029","local_time":"20190719185728","is_ascension_mode":true,"campfire_choices":[],"neow_cost":"TEN_PERCENT_HP_LOSS","seed_source_timestamp":101512493438175,"circlet_count":0,"master_deck":["AscendersBane","Strike_B","Strike_B","Defend_B","Defend_B","Defend_B","Zap","Dualcast","Streamline","Sweeping Beam","Loop","Melter","Defragment"],"relics":["Cracked Core","Golden Idol","MawBank","Art of War","Potion Belt","Runic Capacitor"],"potions_floor_usage":[8,11],"damage_taken":[{"damage":10,"enemies":"2 Louse","floor":1,"turns":2},{"damage":10,"enemies":"Small Slimes","floor":3,"turns":3},{"damage":20,"enemies":"3 Sentries","floor":6,"turns":6},{"damage":0,"enemies":"Cultist","floor":7,"turns":3},{"damage":15,"enemies":"Lagavulin","floor":8,"turns":7},{"damage":3,"enemies":"Exordium Thugs","floor":11,"turns":2}],"seed_played":"7018371562239408815","potions_obtained":[{"floor":3,"key":"Poison Potion"},{"floor":6,"key":"Weak Potion"},{"floor":8,"key":"Strength Potion"}],"is_trial":false,"path_per_floor":["M","?","M","$","?","E","M","E","T","$","M"],"character_chosen":"DEFECT","items_purchased":["Loop","Runic Capacitor"],"campfire_rested":0,"item_purchase_floors":[4,10],"current_hp_per_floor":[54,54,44,44,37,17,17,2,2,2,0],"gold":30,"neow_bonus":"REMOVE_TWO","is_prod":false,"is_daily":false,"chose_seed":false,"campfire_upgraded":0,"win_rate":0,"timestamp":1563555448,"path_taken":["M","?","M","$","?","E","M","E","T","$","M"],"build_version":"2019-07-18","purchased_purges":0,"victory":false,"max_hp_per_floor":[64,58,58,58,58,58,58,58,58,58,58],"card_choices":[{"not_picked":["Coolheaded","Recycle"],"picked":"Streamline","floor":1},{"not_picked":["Turbo","Loop"],"picked":"Sweeping Beam","floor":3},{"not_picked":["Steam","Stack"],"picked":"Melter","floor":6},{"not_picked":["Redo","Stack","Leap"],"picked":"SKIP","floor":7},{"not_picked":["Go for the Eyes","Buffer"],"picked":"Defragment","floor":8}],"player_experience":1900573,"relics_obtained":[{"floor":6,"key":"MawBank"},{"floor":8,"key":"Art of War"},{"floor":9,"key":"Potion Belt"}],"event_choices":[{"damage_healed":0,"gold_gain":0,"player_choice":"Lose Max HP","damage_taken":0,"relics_obtained":["Golden Idol"],"max_hp_gain":0,"max_hp_loss":6,"event_name":"Golden Idol","floor":2,"gold_loss":0},{"cards_removed":["Strike_B"],"damage_healed":0,"gold_gain":0,"player_choice":"Card Removal","damage_taken":7,"max_hp_gain":0,"max_hp_loss":0,"event_name":"Golden Wing","floor":5,"gold_loss":0}],"is_beta":true,"boss_relics":[],"items_purged_floors":[],"is_endless":false,"potions_floor_spawned":[3,6,8],"killed_by":"Exordium Thugs","ascension_level":15}