{"gold_per_floor":[115,115,115,115,115,150,150,169,194,269,269,293,293,313,313,313],"floor_reached":16,"playtime":112,"items_purged":[],"score":129,"play_id":"f4eeeab9-e595-4910-8e05-d6536483bb08","local_time":"20190808151719","is_ascension_mode":true,"campfire_choices":[{"floor":7,"key":"REST"},{"floor":11,"key":"REST"},{"floor":13,"key":"REST"},{"floor":15,"key":"REST"}],"neow_cost":"NONE","seed_source_timestamp":83033232134254,"circlet_count":0,"master_deck":["Strike_B","Strike_B","Strike_B","Defend_B","Defend_B","Defend_B+1","Defend_B","Zap+1","Dualcast","Defragment","Skim","Steam","Loop","Streamline","Defragment","Ball Lightning","Capacitor"],"relics":["Cracked Core","NeowsBlessing","Golden Idol","Mummified Hand","Prayer Wheel","Orichalcum"],"potions_floor_usage":[],"damage_taken":[{"damage":0,"enemies":"2 Louse","floor":1,"turns":1},{"damage":0,"enemies":"3 Sentries","floor":6,"turns":1},{"damage":0,"enemies":"Small Slimes","floor":8,"turns":1},{"damage":4,"enemies":"Cultist","floor":12,"turns":4},{"damage":7,"enemies":"Red Slaver","floor":14,"turns":2},{"damage":0,"enemies":"The Guardian","floor":16,"turns":1}],"seed_played":"2392748301624166606","potions_obtained":[{"floor":1,"key":"Ancient Potion"},{"floor":8,"key":"Energy Potion"},{"floor":14,"key":"LiquidBronze"}],"is_trial":false,"path_per_floor":["M","?","?","?","?","E","R","M","T","?","R","M","R","M","R","B"],"character_chosen":"DEFECT","items_purchased":[],"campfire_rested":4,"item_purchase_floors":[],"current_hp_per_floor":[75,75,60,60,18,18,38,38,38,27,47,43,63,56,69,69],"gold":313,"neow_bonus":"THREE_ENEMY_KILL","is_prod":false,"is_daily":false,"chose_seed":false,"campfire_upgraded":0,"win_rate":0,"timestamp":1565245039,"path_taken":["M","?","?","?","?","E","R","M","T","?","R","?","R","M","R","BOSS"],"build_version":"2019-07-17","purchased_purges":0,"victory":false,"max_hp_per_floor":[75,75,75,69,69,69,69,69,69,69,69,69,69,69,69,69],"card_choices":[{"not_picked":["Loop","Doom and Gloom"],"picked":"Defragment","floor":1},{"not_picked":["Coolheaded","Darkness"],"picked":"Skim","floor":6},{"not_picked":["Darkness","Sunder"],"picked":"Steam","floor":8},{"not_picked":["Beam Cell","Conserve Battery"],"picked":"Loop","floor":8},{"not_picked":["Compile Driver","Ball Lightning"],"picked":"Streamline","floor":12},{"not_picked":["Hello World","Glacier"],"picked":"Defragment","floor":12},{"not_picked":["Chaos","Thunder Strike"],"picked":"Ball Lightning","floor":14},{"not_picked":["BootSequence","Compile Driver"],"picked":"Capacitor","floor":14}],"player_experience":303662,"relics_obtained":[{"floor":6,"key":"Prayer Wheel"},{"floor":9,"key":"Orichalcum"}],"event_choices":[{"cards_removed":["Strike_B"],"damage_healed":0,"gold_gain":0,"player_choice":"Forget","damage_taken":0,"max_hp_gain":0,"max_hp_loss":0,"event_name":"Living Wall","floor":2,"gold_loss":0},{"damage_healed":0,"gold_gain":0,"player_choice":"Entered Light","damage_taken":15,"max_hp_gain":0,"max_hp_loss":0,"event_name":"Shining Light","floor":3,"gold_loss":0,"cards_upgraded":["Defend_B","Zap"]},{"damage_healed":0,"gold_gain":0,"player_choice":"Lose Max HP","damage_taken":0,"relics_obtained":["Golden Idol"],"max_hp_gain":0,"max_hp_loss":6,"event_name":"Golden Idol","floor":4,"gold_loss":0},{"damage_healed":0,"gold_gain":0,"player_choice":"Success","damage_taken":42,"relics_obtained":["Mummified Hand"],"max_hp_gain":0,"max_hp_loss":0,"event_name":"Scrap Ooze","floor":5,"gold_loss":0},{"damage_healed":0,"gold_gain":75,"player_choice":"Gather Gold","damage_taken":11,"max_hp_gain":0,"max_hp_loss":0,"event_name":"World of Goop","floor":10,"gold_loss":0}],"is_beta":false,"boss_relics":[],"items_purged_floors":[],"is_endless":false,"potions_floor_spawned":[1,8,14],"killed_by":"The Guardian","ascension_level":1}