{"gold_per_floor":[109,34,49,49,49,78,78,106,106,106,106,121,49,14,14,111,111,126,126,136,151,151,151,170,170],"floor_reached":25,"playtime":747,"items_purged":["Strike_B"],"score":383,"play_id":"b703b6ee-808b-4710-bb44-0b73db87e7d6","local_time":"20190702002234","is_ascension_mode":true,"campfire_choices":[{"data":"Zap","floor":7,"key":"SMITH"},{"data":"Dualcast","floor":11,"key":"SMITH"},{"data":"Defragment","floor":15,"key":"SMITH"},{"floor":23,"key":"REST"}],"neow_cost":"NONE","seed_source_timestamp":19565892345169,"circlet_count":0,"master_deck":["Zap+1","Dualcast+1","Ball Lightning","Leap","Consume","Conserve Battery","Compile Driver","Defragment+1","Seek","Rip and Tear","Echo Form","Echo Form","Buffer","Aggregate","Defragment","Sweeping Beam+1","Loop","Self Repair","Coolheaded","Auto Shields"],"relics":["Cracked Core","NeowsBlessing","Thread and Needle","WingedGreaves","Pen Nib","Incense Burner","Pandora\u0027s Box"],"potions_floor_usage":[16,18,20],"damage_taken":[{"damage":0,"enemies":"2 Louse","floor":1,"turns":1},{"damage":0,"enemies":"Jaw Worm","floor":3,"turns":1},{"damage":0,"enemies":"3 Sentries","floor":6,"turns":1},{"damage":9,"enemies":"Gremlin Nob","floor":8,"turns":4},{"damage":0,"enemies":"Small Slimes","floor":12,"turns":3},{"damage":0,"enemies":"Slime Boss","floor":16,"turns":8},{"damage":19,"enemies":"3 Byrds","floor":18,"turns":4},{"damage":5,"enemies":"Shell Parasite","floor":20,"turns":4},{"damage":31,"enemies":"Snake Plant","floor":21,"turns":5},{"damage":33,"enemies":"Cultist and Chosen","floor":24,"turns":6}],"seed_played":"-4547687895016879767","potions_obtained":[{"floor":1,"key":"EssenceOfSteel"},{"floor":6,"key":"PowerPotion"},{"floor":18,"key":"Swift Potion"},{"floor":21,"key":"Swift Potion"},{"floor":24,"key":"Weak Potion"}],"is_trial":false,"path_per_floor":["M","$","M","?","?","E","R","E","T","$","R","M","$","?","R","B",null,"M","?","M","M","?","R","M","R"],"character_chosen":"DEFECT","items_purchased":["Defragment"],"campfire_rested":1,"item_purchase_floors":[13],"current_hp_per_floor":[68,68,68,61,49,49,49,40,40,40,40,40,40,58,58,58,71,52,52,47,23,23,45,12,12],"gold":170,"neow_bonus":"THREE_ENEMY_KILL","is_prod":false,"is_daily":false,"chose_seed":false,"campfire_upgraded":3,"win_rate":0,"timestamp":1561994554,"path_taken":["M","$","M","?","?","E","R","E","T","$","R","M","?","?","R","BOSS","M","?","M","M","?","R","M","R"],"build_version":"2019-01-23","purchased_purges":1,"victory":false,"max_hp_per_floor":[75,75,75,75,75,75,75,75,75,75,75,75,75,75,75,75,75,75,75,75,75,75,75,75,75],"card_choices":[{"not_picked":["Steam Power","Compile Driver"],"picked":"Ball Lightning","floor":1},{"not_picked":["Leap","Redo","Scrape"],"picked":"SKIP","floor":3},{"not_picked":["Redo","Scrape"],"picked":"Leap","floor":3},{"not_picked":["Go for the Eyes","Heatsinks"],"picked":"Consume","floor":6},{"not_picked":["Rainbow","Leap"],"picked":"Conserve Battery","floor":8},{"not_picked":["Coolheaded","Leap"],"picked":"Compile Driver","floor":12},{"not_picked":["Fission","Creative AI"],"picked":"Seek","floor":16},{"not_picked":["Fusion","Doom and Gloom"],"picked":"Sweeping Beam+1","floor":18},{"not_picked":["Turbo","Beam Cell"],"picked":"Self Repair","floor":20},{"not_picked":["Tempest","Hello World"],"picked":"Coolheaded","floor":21},{"not_picked":["Chill+1","FTL+1"],"picked":"Auto Shields","floor":24}],"player_experience":126039,"relics_obtained":[{"floor":6,"key":"WingedGreaves"},{"floor":8,"key":"Pen Nib"},{"floor":9,"key":"Incense Burner"}],"event_choices":[{"cards_removed":["Defend_B"],"damage_healed":0,"gold_gain":0,"player_choice":"Card Removal","damage_taken":7,"max_hp_gain":0,"max_hp_loss":0,"event_name":"Golden Wing","floor":4,"gold_loss":0},{"damage_healed":0,"gold_gain":0,"player_choice":"Success","damage_taken":12,"relics_obtained":["Thread and Needle"],"max_hp_gain":0,"max_hp_loss":0,"event_name":"Scrap Ooze","floor":5,"gold_loss":0},{"damage_healed":18,"gold_gain":0,"player_choice":"Healed","damage_taken":0,"max_hp_gain":0,"max_hp_loss":0,"event_name":"The Cleric","floor":14,"gold_loss":35},{"damage_healed":0,"gold_gain":0,"player_choice":"Read","damage_taken":0,"max_hp_gain":0,"max_hp_loss":0,"event_name":"The Library","floor":19,"gold_loss":0,"cards_obtained":["Loop"]},{"damage_healed":0,"gold_gain":0,"player_choice":"Ignored","damage_taken":0,"max_hp_gain":0,"max_hp_loss":0,"event_name":"Cursed Tome","floor":22,"gold_loss":0}],"is_beta":false,"boss_relics":[{"not_picked":["White Beast Statue","Lizard Tail"],"picked":"Pandora\u0027s Box"}],"items_purged_floors":[2],"is_endless":false,"potions_floor_spawned":[1,6,18,21,24],"ascension_level":7}