{"gold_per_floor":[215,18,33,52,52,52,81,101,101,126,142,142,157,490,490,587,587,606,622,4,14,26,26],"floor_reached":23,"playtime":4708,"items_purged":[],"score":288,"play_id":"b443331e-24bd-4d6c-bab4-bbd637bca0d8","local_time":"20190812014320","is_ascension_mode":true,"campfire_choices":[{"data":"Zap","floor":6,"key":"SMITH"},{"data":"Loop","floor":12,"key":"SMITH"},{"data":"Capacitor","floor":15,"key":"SMITH"}],"neow_cost":"NONE","seed_source_timestamp":27724277869200,"circlet_count":0,"master_deck":["Strike_B","Strike_B","Strike_B","Defend_B","Defend_B","Defend_B","Defend_B","Zap+1","Dualcast","Capacitor+1","Conserve Battery","Ball Lightning","Chill","Rainbow","Loop+1","Glacier","Cold Snap","White Noise","Seek","Cold Snap","Go for the Eyes","FTL","Capacitor","Barrage","Coolheaded","Consume","Hologram"],"relics":["FrozenCore","Anchor","Regal Pillow","Bottled Flame","Question Card","Old Coin","Bottled Lightning","Bag of Preparation"],"potions_floor_usage":[10,23,23,23],"damage_taken":[{"damage":4,"enemies":"Jaw Worm","floor":1,"turns":3},{"damage":0,"enemies":"Cultist","floor":3,"turns":4},{"damage":0,"enemies":"Small Slimes","floor":4,"turns":3},{"damage":22,"enemies":"Lagavulin","floor":7,"turns":6},{"damage":1,"enemies":"Gremlin Gang","floor":8,"turns":4},{"damage":7,"enemies":"3 Sentries","floor":10,"turns":5},{"damage":0,"enemies":"2 Fungi Beasts","floor":11,"turns":3},{"damage":11,"enemies":"Large Slime","floor":13,"turns":4},{"damage":0,"enemies":"Lagavulin","floor":14,"turns":6},{"damage":5,"enemies":"The Guardian","floor":16,"turns":8},{"damage":4,"enemies":"Chosen","floor":18,"turns":7},{"damage":24,"enemies":"3 Byrds","floor":19,"turns":7},{"damage":4,"enemies":"Sentry and Sphere","floor":21,"turns":9},{"damage":0,"enemies":"Centurion and Healer","floor":22,"turns":7},{"damage":55,"enemies":"Slavers","floor":23,"turns":7}],"seed_played":"7751589371550456789","potions_obtained":[{"floor":1,"key":"Swift Potion"},{"floor":4,"key":"SpeedPotion"},{"floor":8,"key":"SpeedPotion"},{"floor":14,"key":"Poison Potion"},{"floor":18,"key":"Ancient Potion"}],"is_trial":false,"path_per_floor":["M","$","M","M","?","R","E","M","T","E","M","R","M","E","R","B",null,"M","M","$","M","M","E"],"character_chosen":"DEFECT","items_purchased":["Anchor","Conserve Battery","Bottled Lightning","FTL","Capacitor","Bag of Preparation","Barrage","Coolheaded"],"campfire_rested":0,"item_purchase_floors":[2,2,20,20,20,20,20,20],"current_hp_per_floor":[71,71,71,71,71,71,49,48,48,41,41,41,30,30,30,25,75,71,47,47,43,43,0],"gold":26,"neow_bonus":"HUNDRED_GOLD","is_prod":false,"is_daily":false,"chose_seed":false,"campfire_upgraded":3,"win_rate":0,"timestamp":1565588600,"path_taken":["M","$","M","M","?","R","E","M","T","E","M","R","M","E","R","BOSS","M","M","$","?","M","E"],"build_version":"2019-07-17","purchased_purges":0,"victory":false,"max_hp_per_floor":[75,75,75,75,75,75,75,75,75,75,75,75,75,75,75,75,75,75,75,75,75,75,75],"card_choices":[{"not_picked":["Double Energy","Sweeping Beam"],"picked":"Capacitor","floor":1},{"not_picked":["Turbo","Gash"],"picked":"Ball Lightning","floor":3},{"not_picked":["Steam","Auto Shields"],"picked":"Chill","floor":4},{"not_picked":["Static Discharge","Chaos"],"picked":"Loop","floor":7},{"not_picked":["Beam Cell","Rebound"],"picked":"Glacier","floor":8},{"not_picked":["Tempest","Redo","Leap"],"picked":"SKIP","floor":10},{"not_picked":["Barrage","Thunder Strike","Streamline"],"picked":"Cold Snap","floor":11},{"not_picked":["Sweeping Beam","Beam Cell","Rebound","Hologram"],"picked":"SKIP","floor":13},{"not_picked":["Reboot","Barrage","Meteor Strike"],"picked":"White Noise","floor":14},{"not_picked":["Reboot","Core Surge","Amplify"],"picked":"Seek","floor":16},{"not_picked":["BootSequence","Beam Cell","Barrage+1"],"picked":"Cold Snap","floor":18},{"not_picked":["Leap","Tempest+1","Static Discharge"],"picked":"Go for the Eyes","floor":19},{"not_picked":["Redo","Chaos","Leap"],"picked":"Consume","floor":21},{"not_picked":["Double Energy","Rebound+1","Conserve Battery+1"],"picked":"Hologram","floor":22}],"player_experience":163017,"relics_obtained":[{"floor":7,"key":"Regal Pillow"},{"floor":9,"key":"Bottled Flame"},{"floor":10,"key":"Question Card"},{"floor":14,"key":"Old Coin"}],"event_choices":[{"damage_healed":0,"gold_gain":0,"cards_transformed":["Strike_B"],"player_choice":"Transformed","damage_taken":0,"max_hp_gain":0,"max_hp_loss":0,"event_name":"Transmorgrifier","floor":5,"gold_loss":0,"cards_obtained":["Rainbow"]}],"is_beta":false,"boss_relics":[{"not_picked":["Astrolabe","Black Star"],"picked":"FrozenCore"}],"items_purged_floors":[],"is_endless":false,"potions_floor_spawned":[1,4,8,14,16,18,21],"killed_by":"Slavers","ascension_level":4}