{"gold_per_floor":[114,114,128,52,64,64,89,89,140,140,175,21,53,33,33,104,104,114,131,31,31,31,31,44,76,102,102],"floor_reached":27,"playtime":658,"items_purged":["Strike_B","Strike_B"],"score":519,"play_id":"edf2ce1e-de7f-4204-a50c-75cd14d1c181","local_time":"20190620155535","is_ascension_mode":true,"campfire_choices":[{"floor":6,"key":"REST"},{"floor":8,"key":"REST"},{"floor":10,"key":"REST"},{"data":"Zap","floor":15,"key":"SMITH"},{"data":"Storm","floor":23,"key":"SMITH"}],"neow_cost":"PERCENT_DAMAGE","seed_source_timestamp":2124590746692,"circlet_count":0,"master_deck":["AscendersBane","Strike_B","Strike_B","Defend_B","Defend_B","Defend_B","Defend_B","Zap+1","Dualcast","Doom and Gloom","White Noise","Capacitor","Sweeping Beam","White Noise","Thunder Strike","Storm+1","Ball Lightning","Tempest+1","Genetic Algorithm","Seek"],"special_seed":0,"relics":["Cracked Core","Bird Faced Urn","Bronze Scales","Strawberry","Pocketwatch","Mango","Snecko Eye","Thread and Needle","Centennial Puzzle"],"potions_floor_usage":[13,13,25],"damage_taken":[{"damage":7.0,"enemies":"Jaw Worm","floor":1.0,"turns":4.0},{"damage":1,"enemies":"Cultist","floor":3,"turns":4},{"damage":12,"enemies":"Small Slimes","floor":5,"turns":6},{"damage":50,"enemies":"3 Sentries","floor":7,"turns":6},{"damage":20,"enemies":"Lagavulin","floor":11,"turns":7},{"damage":8,"enemies":"Gremlin Nob","floor":13,"turns":3},{"damage":49,"enemies":"Hexaghost","floor":16,"turns":5},{"damage":39,"enemies":"Shell Parasite","floor":18,"turns":4},{"damage":7,"enemies":"3 Byrds","floor":19,"turns":2},{"damage":16,"enemies":"Snake Plant","floor":24,"turns":3},{"damage":80,"enemies":"Slavers","floor":25,"turns":5},{"damage":18,"enemies":"Shelled Parasite and Fungi","floor":27,"turns":2}],"seed_played":"-3089667461320910455","potions_obtained":[{"floor":1.0,"key":"Energy Potion"},{"floor":7,"key":"Energy Potion"},{"floor":13,"key":"Dexterity Potion"},{"floor":14,"key":"SteroidPotion"},{"floor":16,"key":"Ancient Potion"}],"is_trial":false,"path_per_floor":["M","?","M","$","M","R","E","R","T","R","E","$","E","?","R","B",null,"M","M","$","?","$","R","M","E","T","M"],"character_chosen":"DEFECT","items_purchased":["Capacitor","Storm"],"campfire_rested":3,"item_purchase_floors":[4,12],"current_hp_per_floor":[39,39,38,38,30,51,5,26,33,56,52,52,64,64,64,23,75,44,39,39,102,102,102,86,12,12,0],"gold":102,"neow_bonus":"ONE_RARE_RELIC","is_prod":false,"is_daily":false,"chose_seed":false,"campfire_upgraded":2,"win_rate":0,"timestamp":1561038935,"path_taken":["M","?","M","$","M","R","E","R","T","R","E","$","E","?","R","BOSS","M","M","?","?","$","R","M","E","T","?"],"build_version":"2019-06-19","purchased_purges":2,"victory":false,"max_hp_per_floor":[71,71,71,71,71,71,71,71,78,78,78,78,92,92,92,92,92,92,92,92,102,102,102,102,102,102,102],"card_choices":[{"not_picked":["Tempest","Compile Driver"],"picked":"Doom and Gloom","floor":1.0},{"not_picked":["Rebound","Gash"],"picked":"White Noise","floor":3},{"not_picked":["Compile Driver","Steam"],"picked":"Sweeping Beam","floor":5},{"not_picked":["Conserve Battery","Ball Lightning"],"picked":"White Noise","floor":7},{"not_picked":["FTL","Stack"],"picked":"Thunder Strike","floor":11},{"not_picked":["Leap","Turbo"],"picked":"Ball Lightning","floor":13},{"not_picked":["Reboot","Buffer"],"picked":"Seek","floor":16},{"not_picked":["Sweeping Beam","Compile Driver"],"picked":"Tempest+1","floor":18},{"not_picked":["Ball Lightning","Sweeping Beam","Tempest"],"picked":"SKIP","floor":19},{"not_picked":["Darkness","Leap"],"picked":"Genetic Algorithm","floor":24},{"not_picked":["Redo","Barrage"],"picked":"Seek","floor":25}],"player_experience":1743296,"relics_obtained":[{"floor":7,"key":"Bronze Scales"},{"floor":9,"key":"Strawberry"},{"floor":11,"key":"Pocketwatch"},{"floor":13,"key":"Mango"},{"floor":25,"key":"Thread and Needle"},{"floor":26,"key":"Centennial Puzzle"}],"event_choices":[{"damage_healed":0,"gold_gain":0,"player_choice":"Fled","damage_taken":0,"max_hp_gain":0,"max_hp_loss":0,"event_name":"Scrap Ooze","floor":2,"gold_loss":0},{"damage_healed":0,"gold_gain":0,"player_choice":"Bought 1 Potion","damage_taken":0,"max_hp_gain":0,"max_hp_loss":0,"event_name":"The Woman in Blue","floor":14,"gold_loss":0},{"cards_removed":["Seek"],"damage_healed":53,"gold_gain":0,"player_choice":"Offered Rare","damage_taken":0,"max_hp_gain":10,"max_hp_loss":0,"event_name":"Bonfire Elementals","floor":21,"gold_loss":0}],"is_beta":true,"boss_relics":[{"not_picked":["Lizard Tail","Runic Dome"],"picked":"Snecko Eye"}],"items_purged_floors":[12,20],"is_endless":false,"potions_floor_spawned":[1,7,13,16,18],"killed_by":"Shelled Parasite and Fungi","ascension_level":20}