{"gold_per_floor":[118,47,64,64,80,109,128,128,152,169,189,189,207,226,226,226],"floor_reached":16,"playtime":1163,"items_purged":[],"score":133,"play_id":"c703c6d4-b524-45b9-9b91-a4f6b3e951a2","local_time":"20190310230153","is_ascension_mode":true,"campfire_choices":[{"floor":12,"key":"REST"},{"floor":15,"key":"REST"}],"neow_cost":"NONE","seed_source_timestamp":179229795471870,"circlet_count":0,"master_deck":["Defend_G","Defend_G","Defend_G","Defend_G","Defend_G","Strike_G","Strike_G","Strike_G","Strike_G","Strike_G","Survivor","Neutralize","Forethought","Prepared","Footwork","Reflex","All Out Attack","Finisher","Distraction","Outmaneuver","Grand Finale","Backflip"],"relics":["Ring of the Snake","Pen Nib","PreservedInsect","Potion Belt"],"potions_floor_usage":[7,16],"damage_taken":[{"damage":0,"enemies":"Small Slimes","floor":1,"turns":4},{"damage":0,"enemies":"Cultist","floor":3,"turns":5},{"damage":5,"enemies":"2 Louse","floor":5,"turns":4},{"damage":40,"enemies":"3 Sentries","floor":6,"turns":9},{"damage":2,"enemies":"Looter","floor":7,"turns":4},{"damage":12,"enemies":"Exordium Thugs","floor":10,"turns":5},{"damage":1,"enemies":"Red Slaver","floor":11,"turns":4},{"damage":4,"enemies":"2 Fungi Beasts","floor":13,"turns":4},{"damage":4,"enemies":"Exordium Thugs","floor":14,"turns":3},{"damage":20,"enemies":"The Guardian","floor":16,"turns":5}],"seed_played":"-1851959515025082266","potions_obtained":[{"floor":3,"key":"Fire Potion"},{"floor":5,"key":"Weak Potion"},{"floor":13,"key":"FairyPotion"}],"is_trial":false,"path_per_floor":["M","$","M","?","M","E","M","?","T","M","M","R","M","M","R","B"],"character_chosen":"THE_SILENT","items_purchased":["Footwork"],"campfire_rested":2,"item_purchase_floors":[2],"current_hp_per_floor":[70,70,70,70,65,25,23,16,16,4,3,24,20,16,37,17],"gold":226,"neow_bonus":"RANDOM_COLORLESS","is_prod":false,"is_daily":false,"chose_seed":false,"campfire_upgraded":0,"win_rate":0,"timestamp":1552284113,"path_taken":["M","$","M","?","M","E","?","?","T","M","M","R","M","M","R","BOSS"],"build_version":"2019-01-23","purchased_purges":0,"victory":false,"max_hp_per_floor":[70,70,70,70,70,70,70,70,70,70,70,70,70,70,70,70],"card_choices":[{"not_picked":["Poisoned Stab","Reflex"],"picked":"Prepared","floor":1},{"not_picked":["Catalyst","Underhanded Strike"],"picked":"Reflex","floor":3},{"not_picked":["Underhanded Strike","Dodge and Roll"],"picked":"All Out Attack","floor":5},{"not_picked":["Dodge and Roll","Prepared"],"picked":"Finisher","floor":6},{"not_picked":["Dodge and Roll","Skewer"],"picked":"Distraction","floor":7},{"not_picked":["Setup","Sucker Punch"],"picked":"Outmaneuver","floor":10},{"not_picked":["Quick Slash","Dagger Throw"],"picked":"Grand Finale","floor":11},{"not_picked":["Dash","Heel Hook"],"picked":"Backflip","floor":13},{"not_picked":["Deflect","Flying Knee","Dagger Spray"],"picked":"SKIP","floor":14}],"player_experience":144759,"relics_obtained":[{"floor":6,"key":"Pen Nib"},{"floor":9,"key":"Potion Belt"}],"event_choices":[{"damage_healed":0,"gold_gain":0,"player_choice":"0 cards matched","damage_taken":0,"max_hp_gain":0,"max_hp_loss":0,"event_name":"Match and Keep!","floor":4,"gold_loss":0,"cards_obtained":[]},{"damage_healed":0,"gold_gain":0,"player_choice":"Success","damage_taken":7,"relics_obtained":["PreservedInsect"],"max_hp_gain":0,"max_hp_loss":0,"event_name":"Scrap Ooze","floor":8,"gold_loss":0}],"is_beta":false,"boss_relics":[],"items_purged_floors":[],"is_endless":false,"potions_floor_spawned":[3,5,13],"killed_by":"The Guardian","ascension_level":5}