{"gold_per_floor":[117,3,15,15,31,363,377,377,454,454,473,473,501,501,501,578,578,593,361,390,50,65,65],"floor_reached":23,"playtime":2022,"items_purged":["Strike_G","Strike_G"],"score":398,"play_id":"d4feee63-b09a-472b-a543-5cae073b999f","local_time":"20190723231355","is_ascension_mode":true,"campfire_choices":[{"floor":8.0,"key":"REST"},{"data":"Neutralize","floor":10.0,"key":"SMITH"},{"floor":12.0,"key":"REST"},{"data":"Crippling Poison","floor":15.0,"key":"SMITH"}],"neow_cost":"NONE","seed_source_timestamp":345128318498502,"circlet_count":0,"master_deck":["AscendersBane","Strike_G","Strike_G","Defend_G","Defend_G","Defend_G","Defend_G","Defend_G","Survivor","Neutralize+1","Footwork","Quick Slash","Endless Agony+1","Poisoned Stab+1","Endless Agony","Crippling Poison+1","Dodge and Roll","Backflip","After Image","Backflip","Poisoned Stab","Noxious Fumes","Predator","Cloak And Dagger","Backstab"],"special_seed":0,"relics":["Ring of the Snake","Old Coin","Bottled Flame","Whetstone","Black Star","Bag of Preparation","Red Mask"],"potions_floor_usage":[23],"damage_taken":[{"damage":0.0,"enemies":"2 Louse","floor":1.0,"turns":4.0},{"damage":7.0,"enemies":"Small Slimes","floor":3.0,"turns":5.0},{"damage":2.0,"enemies":"Jaw Worm","floor":5.0,"turns":6.0},{"damage":38.0,"enemies":"Lagavulin","floor":6.0,"turns":8.0},{"damage":11.0,"enemies":"Looter","floor":7.0,"turns":3.0},{"damage":1.0,"enemies":"Large Slime","floor":11.0,"turns":7.0},{"damage":30.0,"enemies":"Gremlin Nob","floor":13.0,"turns":4.0},{"damage":15.0,"enemies":"Hexaghost","floor":16.0,"turns":12.0},{"damage":5.0,"enemies":"Chosen","floor":18.0,"turns":5.0},{"damage":43.0,"enemies":"Masked Bandits","floor":20.0,"turns":5.0},{"damage":16.0,"enemies":"Spheric Guardian","floor":22.0,"turns":7.0},{"damage":4,"enemies":"Slavers","floor":23,"turns":1}],"seed_played":"1495715294258640943","potions_obtained":[{"floor":1.0,"key":"Fruit Juice"},{"floor":5.0,"key":"Dexterity Potion"},{"floor":6.0,"key":"EssenceOfSteel"},{"floor":13.0,"key":"Poison Potion"},{"floor":22.0,"key":"Weak Potion"}],"is_trial":false,"path_per_floor":["M","$","M","?","M","E","M","R","T","R","M","R","E","?","R","B",null,"M","$","?","$","M","E"],"character_chosen":"THE_SILENT","items_purchased":["Quick Slash","Fire Potion","Bag of Preparation","Strength Potion","Noxious Fumes","Predator","Cloak And Dagger"],"campfire_rested":2,"item_purchase_floors":[2,2,19,21,21,21,21],"current_hp_per_floor":[65,70,63,56,54,16,5,28,28,28,27,50,20,45,45,30,65,60,60,17,17,1,0],"gold":65,"neow_bonus":"TEN_PERCENT_HP_BONUS","is_prod":false,"is_daily":false,"chose_seed":false,"campfire_upgraded":2,"win_rate":0,"timestamp":1563912835,"path_taken":["M","$","M","?","M","E","M","R","T","R","M","R","E","?","R","BOSS","M","$","?","$","M","E"],"build_version":"2019-07-17","purchased_purges":2,"victory":false,"max_hp_per_floor":[72,77,77,77,77,77,77,77,77,77,77,77,77,77,77,77,77,77,77,77,77,77,77],"card_choices":[{"not_picked":["Catalyst","All Out Attack"],"picked":"Footwork","floor":1.0},{"not_picked":["Flechettes","Prepared"],"picked":"Endless Agony","floor":3.0},{"not_picked":["Quick Slash","Dodge and Roll"],"picked":"Poisoned Stab","floor":5.0},{"not_picked":["Distraction","Riddle With Holes"],"picked":"Endless Agony","floor":6.0},{"not_picked":["Dagger Throw","Dodge and Roll"],"picked":"Crippling Poison","floor":7.0},{"not_picked":["Underhanded Strike","Dagger Spray"],"picked":"Dodge and Roll","floor":11.0},{"not_picked":["PiercingWail","Outmaneuver"],"picked":"Backflip","floor":13.0},{"not_picked":["Envenom","Storm of Steel"],"picked":"After Image","floor":16.0},{"not_picked":["Distraction","Concentrate"],"picked":"Backflip","floor":18.0},{"not_picked":["Dash","Heel Hook"],"picked":"Poisoned Stab","floor":20.0},{"not_picked":["Sucker Punch","Quick Slash"],"picked":"Backstab","floor":22.0}],"player_experience":927594,"relics_obtained":[{"floor":6.0,"key":"Old Coin"},{"floor":9.0,"key":"Bottled Flame"},{"floor":13.0,"key":"Whetstone"},{"floor":20.0,"key":"Red Mask"}],"event_choices":[{"cards_removed":["Strike_G"],"damage_healed":0.0,"max_hp_gain":0.0,"max_hp_loss":0.0,"gold_gain":0.0,"event_name":"Golden Wing","player_choice":"Card Removal","floor":4.0,"gold_loss":0.0,"damage_taken":7.0},{"damage_healed":25.0,"max_hp_gain":0.0,"max_hp_loss":0.0,"gold_gain":0.0,"event_name":"Big Fish","player_choice":"Banana","floor":14.0,"gold_loss":0.0,"damage_taken":0.0},{"damage_healed":0.0,"max_hp_gain":0.0,"max_hp_loss":0.0,"gold_gain":0.0,"event_name":"Masked Bandits","player_choice":"Fought Bandits","floor":20.0,"gold_loss":0.0,"damage_taken":0.0}],"is_beta":false,"boss_relics":[{"not_picked":["Busted Crown","Ectoplasm"],"picked":"Black Star"}],"items_purged_floors":[19,21],"is_endless":false,"potions_floor_spawned":[1,5,6,13,22],"killed_by":"Slavers","ascension_level":20}