{"gold_per_floor":[115,115,135,149,159,159,193,193,193,193,210,242,242,255,255,358,358,370,382,292,146,161,177,177,77,77,105,67,96,106,141,141,240,240,250,112,167,137,149,149,168,8,33,33,49,49,59,78,78,78],"floor_reached":51,"playtime":3180,"items_purged":["Defend_B","Strike_B","Strike_B"],"score":1200,"play_id":"d8e1a72e-e7be-48fa-a920-a583235d2464","local_time":"20190804135036","is_ascension_mode":true,"campfire_choices":[{"data":"Zap","floor":6.0,"key":"SMITH"},{"data":"Dualcast","floor":8.0,"key":"SMITH"},{"data":"Glacier","floor":10.0,"key":"SMITH"},{"data":"Beam Cell","floor":13.0,"key":"SMITH"},{"data":"Streamline","floor":15.0,"key":"SMITH"},{"data":"Defragment","floor":24.0,"key":"SMITH"},{"data":"Capacitor","floor":32.0,"key":"SMITH"},{"data":"Go for the Eyes","floor":40,"key":"SMITH"},{"data":"Glacier","floor":44,"key":"SMITH"},{"data":"All For One","floor":49,"key":"SMITH"}],"neow_cost":"NONE","seed_source_timestamp":78729419935409,"circlet_count":0,"master_deck":["AscendersBane","Zap+1","Dualcast+1","Steam+1","Scrape+1","Genetic Algorithm+1","Glacier+1","Glacier+1","Gash","Beam Cell+1","All For One+1","Streamline+1","Echo Form+1","Turbo+1","Defragment+1","Gash","Recycle+1","Hologram+1","Capacitor+1","FTL+1","Gash","Amplify+1","Go for the Eyes+1","Gash","Defragment+1","White Noise+1"],"special_seed":0,"relics":["Astrolabe","Sundial","Pear","Toxic Egg 2","Coffee Dripper","Bottled Lightning","Letter Opener","The Courier","Sozu","DollysMirror","Pen Nib"],"potions_floor_usage":[],"damage_taken":[{"damage":0.0,"enemies":"Small Slimes","floor":1.0,"turns":3.0},{"damage":0.0,"enemies":"Cultist","floor":3.0,"turns":4.0},{"damage":0.0,"enemies":"2 Louse","floor":4.0,"turns":2.0},{"damage":0.0,"enemies":"Looter","floor":5.0,"turns":5.0},{"damage":10.0,"enemies":"3 Sentries","floor":7.0,"turns":10.0},{"damage":0.0,"enemies":"Exordium Thugs","floor":11.0,"turns":4.0},{"damage":0.0,"enemies":"Lagavulin","floor":12.0,"turns":7.0},{"damage":1.0,"enemies":"Gremlin Gang","floor":14.0,"turns":5.0},{"damage":23.0,"enemies":"The Guardian","floor":16.0,"turns":9.0},{"damage":17.0,"enemies":"2 Thieves","floor":18.0,"turns":4.0},{"damage":0.0,"enemies":"Chosen","floor":19.0,"turns":5.0},{"damage":2.0,"enemies":"3 Cultists","floor":22.0,"turns":6.0},{"damage":6.0,"enemies":"Snake Plant","floor":23.0,"turns":5.0},{"damage":0.0,"enemies":"Book of Stabbing","floor":27.0,"turns":5.0},{"damage":20.0,"enemies":"Slavers","floor":29.0,"turns":6.0},{"damage":4.0,"enemies":"Centurion and Healer","floor":30.0,"turns":6.0},{"damage":10.0,"enemies":"Book of Stabbing","floor":31.0,"turns":5.0},{"damage":13.0,"enemies":"Collector","floor":33.0,"turns":7.0},{"damage":7.0,"enemies":"Orb Walker","floor":35.0,"turns":4.0},{"damage":35.0,"enemies":"2 Orb Walkers","floor":37.0,"turns":7.0},{"damage":3,"enemies":"3 Shapes","floor":39,"turns":4},{"damage":0,"enemies":"3 Darklings","floor":41,"turns":6},{"damage":0,"enemies":"Sphere and 2 Shapes","floor":45,"turns":5},{"damage":0,"enemies":"4 Shapes","floor":47,"turns":9},{"damage":0,"enemies":"Maw","floor":48,"turns":7},{"damage":14,"enemies":"Donu and Deca","floor":50,"turns":9}],"seed_played":"3141380400710893917","potions_obtained":[{"floor":1.0,"key":"SkillPotion"},{"floor":4.0,"key":"AttackPotion"},{"floor":14.0,"key":"Block Potion"},{"floor":16.0,"key":"Strength Potion"},{"floor":30.0,"key":"SpeedPotion"},{"floor":31.0,"key":"Strength Potion"},{"floor":33.0,"key":"EssenceOfSteel"}],"is_trial":false,"path_per_floor":["M","?","M","M","M","R","E","R","T","R","M","E","R","M","R","B",null,"M","M","?","$","M","M","R","$","T","E","$","E","M","E","R","B",null,"M","$","?","?","M","R","M","$","T","R","M","$","M","M","R","B",null],"character_chosen":"DEFECT","items_purchased":["Defragment","Capacitor","Gash","DollysMirror"],"campfire_rested":0,"item_purchase_floors":[21,28,36,42],"current_hp_per_floor":[68,68,68,68,68,68,58,58,68,68,68,68,68,67,67,44,75,58,58,58,58,56,50,50,50,50,50,50,30,26,16,16,3,65,58,58,23,23,20,20,20,20,20,20,20,20,20,20,20,6],"gold":78,"neow_bonus":"BOSS_RELIC","is_prod":false,"is_daily":false,"chose_seed":false,"campfire_upgraded":10,"win_rate":0,"timestamp":1564894236,"path_taken":["M","?","M","M","M","R","E","R","T","R","?","E","R","?","R","BOSS","M","?","?","$","M","?","R","$","T","E","?","E","M","E","R","BOSS","M","$","?","?","M","R","?","$","T","R","M","$","M","M","R","BOSS"],"build_version":"2019-07-17","purchased_purges":3,"victory":true,"max_hp_per_floor":[75,75,75,75,75,75,75,75,85,85,85,85,85,85,85,85,85,85,85,85,85,85,85,85,85,85,85,85,85,85,85,85,85,85,85,85,85,85,85,85,85,85,85,85,85,85,85,85,85,85],"card_choices":[{"not_picked":["Sunder","Rebound","Melter"],"picked":"SKIP","floor":1.0},{"not_picked":["Coolheaded","Auto Shields","Leap"],"picked":"SKIP","floor":3.0},{"not_picked":["Redo","Ball Lightning"],"picked":"Glacier","floor":4.0},{"not_picked":["Rebound","Chaos"],"picked":"Glacier","floor":5.0},{"not_picked":["Sweeping Beam","Glacier"],"picked":"Gash","floor":7.0},{"not_picked":["Go for the Eyes","Glacier"],"picked":"Beam Cell","floor":11.0},{"not_picked":["Stack","Machine Learning"],"picked":"All For One","floor":12.0},{"not_picked":["Barrage","Stack+1"],"picked":"Streamline","floor":14.0},{"not_picked":["Machine Learning","Reboot+1"],"picked":"Echo Form","floor":16.0},{"not_picked":["Melter","Leap+1","Sweeping Beam"],"picked":"SKIP","floor":18.0},{"not_picked":["Consume+1","Conserve Battery+1"],"picked":"Turbo+1","floor":19.0},{"not_picked":["Sweeping Beam","Conserve Battery+1"],"picked":"Gash","floor":22.0},{"not_picked":["Heatsinks+1","Hello World"],"picked":"Recycle+1","floor":23.0},{"not_picked":["Coolheaded+1","Storm+1"],"picked":"Hologram+1","floor":27.0},{"not_picked":["Recycle+1","Barrage","Hyperbeam"],"picked":"SKIP","floor":29.0},{"not_picked":["Sweeping Beam","Redo+1"],"picked":"FTL+1","floor":30.0},{"not_picked":["Force Field+1","Chill+1"],"picked":"Gash","floor":31.0},{"not_picked":["Hyperbeam","Buffer"],"picked":"Amplify+1","floor":33.0},{"not_picked":["Heatsinks","Streamline"],"picked":"Go for the Eyes","floor":35.0},{"not_picked":["Compile Driver","Redo+1","Stack+1"],"picked":"SKIP","floor":39},{"not_picked":["Double Energy+1","Hologram+1","Turbo+1"],"picked":"SKIP","floor":41},{"not_picked":["Conserve Battery+1","Sweeping Beam","Consume+1"],"picked":"SKIP","floor":45},{"not_picked":["Conserve Battery+1","Recycle+1","Consume+1"],"picked":"SKIP","floor":47},{"not_picked":["Streamline","Steam+1"],"picked":"White Noise+1","floor":48}],"player_experience":213068,"relics_obtained":[{"floor":7.0,"key":"Sundial"},{"floor":9.0,"key":"Pear"},{"floor":12.0,"key":"Toxic Egg 2"},{"floor":27.0,"key":"Bottled Lightning"},{"floor":29.0,"key":"Letter Opener"},{"floor":31.0,"key":"The Courier"},{"floor":43,"key":"Pen Nib"}],"event_choices":[{"cards_removed":["Strike_B"],"damage_healed":0.0,"max_hp_gain":0.0,"max_hp_loss":0.0,"gold_gain":0.0,"event_name":"Purifier","player_choice":"Purged","floor":2.0,"gold_loss":0.0,"damage_taken":0.0},{"cards_removed":["Defend_B"],"damage_healed":0.0,"max_hp_gain":0.0,"max_hp_loss":0.0,"gold_gain":0.0,"event_name":"Designer","player_choice":"Upgrade and Remove","floor":20.0,"gold_loss":90.0,"damage_taken":0.0,"cards_upgraded":["Echo Form"]},{"damage_healed":0.0,"max_hp_gain":0.0,"max_hp_loss":0.0,"gold_gain":0.0,"event_name":"Mysterious Sphere","player_choice":"Fight","floor":37.0,"gold_loss":0.0,"damage_taken":0.0},{"damage_healed":0,"gold_gain":0,"player_choice":"Bought 2 Potions","damage_taken":0,"max_hp_gain":0,"max_hp_loss":0,"event_name":"The Woman in Blue","floor":38,"gold_loss":0}],"is_beta":false,"boss_relics":[{"not_picked":["Busted Crown","Snecko Eye"],"picked":"Coffee Dripper"},{"not_picked":["Fusion Hammer","Velvet Choker"],"picked":"Sozu"}],"items_purged_floors":[21,25,36],"is_endless":false,"potions_floor_spawned":[1,4,14,16,18,30,31,33,35,37,48],"ascension_level":12}