{"gold_per_floor":[114,125,142,156,167,200,200,230,280,280,307,272,272,1,1,72,72,88,166,67,84,94,94,114,139,164,174,174,186,196,225,225,302,302,314,332,14,26,26,39,69,69,69,83,183,199,226,226,226,226,226,226,226,120,151,151],"floor_reached":57,"playtime":6632,"items_purged":["Pain","Strike_G","Strike_G"],"score":3002,"play_id":"eac7f661-84bb-404b-89b1-ab9badf8b3ba","local_time":"20190809222143","is_ascension_mode":true,"campfire_choices":[{"data":"Skewer","floor":7.0,"key":"SMITH"},{"floor":10.0,"key":"REST"},{"data":"Catalyst","floor":15.0,"key":"SMITH"},{"data":"Wraith Form v2","floor":23.0,"key":"SMITH"},{"floor":28.0,"key":"REST"},{"floor":32.0,"key":"REST"},{"floor":42.0,"key":"REST"},{"floor":49.0,"key":"RECALL"},{"data":"Burst","floor":53,"key":"SMITH"}],"neow_cost":"NONE","seed_source_timestamp":671636281265700,"circlet_count":0,"master_deck":["AscendersBane","Strike_G","Strike_G","Strike_G","Defend_G","Defend_G","Defend_G","Defend_G","Defend_G","Survivor","Neutralize","Corpse Explosion","Leg Sweep","Deadly Poison","Catalyst","Catalyst+1","Skewer+1","Burst+1","Backflip","Poisoned Stab","Wraith Form v2+1","PiercingWail","Deadly Poison","Blur","Deadly Poison+1","Leg Sweep","Deadly Poison","Tools of the Trade","Crippling Poison","Outmaneuver","Deflect","Madness","Madness","Prepared","Outmaneuver","Concentrate"],"special_seed":0,"relics":["Ring of the Snake","Bronze Scales","Singing Bowl","PreservedInsect","Paper Crane","WarpedTongs","TwistedFunnel","Black Star","Strawberry","StoneCalendar","Smiling Mask","Du-Vu Doll","Oddly Smooth Stone","Runic Pyramid","Mummified Hand","Thread and Needle","Omamori","Bag of Marbles","Gambling Chip","Snake Skull","Lantern","Calipers","Pear","Pen Nib"],"potions_floor_usage":[56,56],"damage_taken":[{"damage":0.0,"enemies":"Cultist","floor":1.0,"turns":4.0},{"damage":0.0,"enemies":"2 Louse","floor":2.0,"turns":2.0},{"damage":0.0,"enemies":"Jaw Worm","floor":3.0,"turns":6.0},{"damage":0.0,"enemies":"Red Slaver","floor":4.0,"turns":3.0},{"damage":0.0,"enemies":"Looter","floor":5.0,"turns":4.0},{"damage":20.0,"enemies":"3 Sentries","floor":6.0,"turns":6.0},{"damage":39.0,"enemies":"Gremlin Nob","floor":8.0,"turns":4.0},{"damage":2.0,"enemies":"Lagavulin","floor":11.0,"turns":4.0},{"damage":18.0,"enemies":"The Guardian","floor":16.0,"turns":6.0},{"damage":0.0,"enemies":"Chosen","floor":18.0,"turns":3.0},{"damage":6.0,"enemies":"2 Thieves","floor":21.0,"turns":2.0},{"damage":20.0,"enemies":"Snecko","floor":22.0,"turns":5.0},{"damage":18.0,"enemies":"Shelled Parasite and Fungi","floor":24.0,"turns":4.0},{"damage":16.0,"enemies":"Slavers","floor":25.0,"turns":5.0},{"damage":0.0,"enemies":"3 Cultists","floor":27.0,"turns":3.0},{"damage":3.0,"enemies":"Centurion and Healer","floor":29.0,"turns":3.0},{"damage":9.0,"enemies":"Snake Plant","floor":30.0,"turns":4.0},{"damage":4.0,"enemies":"Gremlin Leader","floor":31.0,"turns":4.0},{"damage":28.0,"enemies":"Collector","floor":33.0,"turns":5.0},{"damage":0.0,"enemies":"3 Shapes","floor":35.0,"turns":3.0},{"damage":3.0,"enemies":"3 Darklings","floor":36.0,"turns":4.0},{"damage":12.0,"enemies":"Transient","floor":38.0,"turns":6.0},{"damage":8.0,"enemies":"Spire Growth","floor":40.0,"turns":5.0},{"damage":0.0,"enemies":"Giant Head","floor":41.0,"turns":6.0},{"damage":0.0,"enemies":"4 Shapes","floor":44.0,"turns":5.0},{"damage":0.0,"enemies":"Mind Bloom Boss Battle","floor":45.0,"turns":5.0},{"damage":0.0,"enemies":"Sphere and 2 Shapes","floor":46.0,"turns":2.0},{"damage":0.0,"enemies":"Nemesis","floor":47.0,"turns":3.0},{"damage":13,"enemies":"Awakened One","floor":50,"turns":12},{"damage":0,"enemies":"Time Eater","floor":51,"turns":5},{"damage":22,"enemies":"Shield and Spear","floor":55,"turns":6},{"damage":42,"enemies":"The Heart","floor":56,"turns":7}],"seed_played":"2144316868602095605","potions_obtained":[{"floor":1.0,"key":"Explosive Potion"},{"floor":4.0,"key":"Fruit Juice"},{"floor":5.0,"key":"Dexterity Potion"},{"floor":8.0,"key":"Fire Potion"},{"floor":21.0,"key":"Weak Potion"},{"floor":22.0,"key":"Explosive Potion"},{"floor":25.0,"key":"Poison Potion"},{"floor":30.0,"key":"Block Potion"},{"floor":35.0,"key":"Poison Potion"},{"floor":38.0,"key":"PowerPotion"}],"is_trial":false,"path_per_floor":["M","M","M","M","M","E","R","E","T","R","E","?","?","$","R","B",null,"M","T","$","M","M","R","M","E","T","M","R","M","M","E","R","B",null,"M","M","$","M","?","M","E","R","T","M","?","M","E","T","R","B","B",null,"R","$","E","B",null],"character_chosen":"THE_SILENT","items_purchased":["TwistedFunnel","Poisoned Stab","PiercingWail","Mummified Hand","PowerPotion"],"campfire_rested":4,"item_purchase_floors":[14,14,20,37,54],"current_hp_per_floor":[59,59,59,59,64,44,44,5,5,26,26,44,44,44,44,26,61,61,61,61,57,37,37,19,12,12,12,37,34,27,23,48,20,70,70,67,67,55,40,32,32,57,57,59,59,61,63,63,63,50,50,82,82,82,72,30],"gold":151,"neow_bonus":"ONE_RANDOM_RARE_CARD","is_prod":false,"is_daily":false,"chose_seed":false,"campfire_upgraded":4,"win_rate":0,"timestamp":1565414503,"path_taken":["M","?","?","M","M","E","R","E","T","R","E","?","?","$","R","BOSS","M","?","?","M","?","R","M","E","T","M","R","M","M","E","R","BOSS","M","?","$","M","?","M","E","R","T","M","?","M","E","?","R","BOSS","BOSS","R","$","E","BOSS"],"build_version":"2019-07-17","purchased_purges":3,"victory":true,"max_hp_per_floor":[66,66,66,66,71,71,71,71,71,71,73,73,73,73,73,73,73,73,73,73,75,75,75,75,84,84,84,84,84,86,86,86,86,86,86,86,86,86,86,86,86,86,86,88,88,90,92,92,92,92,92,92,92,92,104,104],"card_choices":[{"not_picked":["Flying Knee","Distraction"],"picked":"Leg Sweep","floor":1.0},{"not_picked":["Slice","Escape Plan"],"picked":"Deadly Poison","floor":2.0},{"not_picked":["All Out Attack","Escape Plan"],"picked":"Catalyst","floor":3.0},{"not_picked":["Terror","Endless Agony"],"picked":"Catalyst","floor":4.0},{"not_picked":["Prepared","Blade Dance"],"picked":"Skewer","floor":5.0},{"not_picked":["Poisoned Stab","Acrobatics"],"picked":"Burst","floor":6.0},{"not_picked":["Flying Knee","Dodge and Roll"],"picked":"Backflip","floor":8.0},{"not_picked":["Bane","Reflex","Finisher"],"picked":"Singing Bowl","floor":11.0},{"not_picked":["Die Die Die","Adrenaline"],"picked":"Wraith Form v2","floor":16.0},{"not_picked":["Dagger Throw","Dash","All Out Attack"],"picked":"Singing Bowl","floor":21.0},{"not_picked":["Eviscerate","Dagger Spray"],"picked":"Deadly Poison","floor":22.0},{"not_picked":["Deflect","Heel Hook"],"picked":"Blur","floor":24.0},{"not_picked":["Outmaneuver+1","Blade Dance","Bane"],"picked":"Singing Bowl","floor":25.0},{"not_picked":["Acrobatics","Noxious Fumes"],"picked":"Deadly Poison+1","floor":27.0},{"not_picked":["Venomology","Slice+1"],"picked":"Leg Sweep","floor":29.0},{"not_picked":["Quick Slash","Prepared","Setup"],"picked":"Singing Bowl","floor":30.0},{"not_picked":["Eviscerate","Slice"],"picked":"Deadly Poison","floor":31.0},{"not_picked":["Storm of Steel","Grand Finale"],"picked":"Tools of the Trade","floor":33.0},{"not_picked":["Dodge and Roll","Flying Knee"],"picked":"Crippling Poison","floor":35.0},{"not_picked":["Dagger Throw","Heel Hook+1"],"picked":"Outmaneuver","floor":36.0},{"not_picked":["Riddle With Holes","Crippling Poison+1"],"picked":"Deflect","floor":38.0},{"not_picked":["Eviscerate","Slice"],"picked":"Prepared","floor":40.0},{"not_picked":["Bouncing Flask","Deadly Poison+1"],"picked":"Outmaneuver","floor":41.0},{"not_picked":["Dagger Throw","Sucker Punch","All Out Attack+1"],"picked":"Singing Bowl","floor":44.0},{"not_picked":["Dagger Throw+1","Calculated Gamble"],"picked":"Concentrate","floor":45.0},{"not_picked":["Deflect","A Thousand Cuts","Skewer+1"],"picked":"Singing Bowl","floor":46.0},{"not_picked":["Outmaneuver+1","Deflect","Acrobatics"],"picked":"Singing Bowl","floor":47.0},{"not_picked":["Backstab","Outmaneuver","Poisoned Stab"],"picked":"Singing Bowl","floor":55}],"player_experience":1346252,"relics_obtained":[{"floor":6.0,"key":"Bronze Scales"},{"floor":8.0,"key":"Singing Bowl"},{"floor":9.0,"key":"PreservedInsect"},{"floor":11.0,"key":"Paper Crane"},{"floor":25.0,"key":"Strawberry"},{"floor":25.0,"key":"StoneCalendar"},{"floor":26.0,"key":"Smiling Mask"},{"floor":31.0,"key":"Du-Vu Doll"},{"floor":31.0,"key":"Oddly Smooth Stone"},{"floor":41.0,"key":"Thread and Needle"},{"floor":41.0,"key":"Omamori"},{"floor":43.0,"key":"Bag of Marbles"},{"floor":45.0,"key":"Gambling Chip"},{"floor":47.0,"key":"Snake Skull"},{"floor":47.0,"key":"Lantern"},{"floor":48.0,"key":"Calipers"},{"floor":55,"key":"Pear"},{"floor":55,"key":"Pen Nib"}],"event_choices":[{"damage_healed":18.0,"max_hp_gain":0.0,"max_hp_loss":0.0,"gold_gain":0.0,"event_name":"The Cleric","player_choice":"Healed","floor":12.0,"gold_loss":35.0,"damage_taken":0.0},{"damage_healed":0.0,"max_hp_gain":0.0,"max_hp_loss":0.0,"gold_gain":0.0,"event_name":"Accursed Blacksmith","player_choice":"Rummage","floor":13.0,"gold_loss":0.0,"damage_taken":0.0,"relics_obtained":["WarpedTongs"],"cards_obtained":["Pain"]},{"damage_healed":0.0,"max_hp_gain":0.0,"max_hp_loss":0.0,"gold_gain":0.0,"event_name":"Winding Halls","player_choice":"Embrace Madness","floor":39.0,"gold_loss":0.0,"damage_taken":15.0,"cards_obtained":["Madness","Madness"]},{"damage_healed":0.0,"max_hp_gain":0.0,"max_hp_loss":0.0,"gold_gain":0.0,"event_name":"MindBloom","player_choice":"Fight","floor":45.0,"gold_loss":0.0,"damage_taken":0.0}],"is_beta":false,"boss_relics":[{"not_picked":["Orrery","Ectoplasm"],"picked":"Black Star"},{"not_picked":["Tiny House","WristBlade"],"picked":"Runic Pyramid"}],"items_purged_floors":[20,37,54],"is_endless":false,"potions_floor_spawned":[1,4,5,6,8,11,21,22,25,30,31,35,38,45,55],"ascension_level":20}