{"gold_per_floor":[115,115,115,115,128,128,159,159,159,334,364,364,364,30,30,30],"floor_reached":16,"playtime":711,"items_purged":["Strike_R","Strike_R"],"score":187,"play_id":"d69dec6d-657d-4dc6-9561-d962a545e147","local_time":"20190714174816","is_ascension_mode":true,"campfire_choices":[{"data":"Ghostly Armor","floor":6,"key":"SMITH"},{"data":"Shrug It Off","floor":8,"key":"SMITH"},{"data":"Clothesline","floor":15,"key":"SMITH"}],"neow_cost":"","seed_source_timestamp":270915426569200,"circlet_count":0,"master_deck":["Strike_R+1","Strike_R","Strike_R+1","Defend_R","Defend_R","Defend_R","Defend_R","Bash+1","Rampage+1","Shrug It Off+1","Heavy Blade+1","Ghostly Armor+1","Doubt","Clothesline+1","Flex"],"relics":["Burning Blood","Whetstone","Gambling Chip","Singing Bowl","Ancient Tea Set","Blood Vial","Odd Mushroom","Darkstone Periapt","Smiling Mask","Membership Card","Anchor"],"potions_floor_usage":[16],"damage_taken":[{"damage":0,"enemies":"2 Louse","floor":1,"turns":2},{"damage":4,"enemies":"Small Slimes","floor":5,"turns":3},{"damage":9,"enemies":"Lagavulin","floor":7,"turns":5},{"damage":4,"enemies":"The Mushroom Lair","floor":11,"turns":4},{"damage":72,"enemies":"The Guardian","floor":16,"turns":13}],"seed_played":"4583697840553821306","potions_obtained":[{"floor":5,"key":"Weak Potion"},{"floor":7,"key":"Ancient Potion"}],"is_trial":false,"path_per_floor":["M","?","?","?","M","R","E","R","T","?","?","T","?","$","R","B"],"character_chosen":"IRONCLAD","items_purchased":["Rampage","Whetstone","Inflame","Shrug It Off","Heavy Blade","Membership Card","Anchor","Flex"],"campfire_rested":0,"item_purchase_floors":[0,0,0,0,0,14,14,14],"current_hp_per_floor":[64,69,52,52,54,54,53,53,53,53,57,57,50,50,50,0],"gold":30,"neow_bonus":"","is_prod":false,"is_daily":false,"chose_seed":false,"campfire_upgraded":3,"win_rate":0,"timestamp":1563144496,"path_taken":["M","?","?","?","?","R","E","R","T","?","?","?","?","?","R","BOSS"],"build_version":"2019-07-05","purchased_purges":2,"victory":false,"max_hp_per_floor":[82,87,87,87,87,87,89,89,89,89,89,89,89,89,89,89],"card_choices":[{"not_picked":["Rupture","Thunderclap","Second Wind"],"picked":"Singing Bowl","floor":1},{"not_picked":["Wild Strike","Flex"],"picked":"Ghostly Armor","floor":5},{"not_picked":["Dropkick","Heavy Blade","Clash"],"picked":"Singing Bowl","floor":7},{"not_picked":["Rage","Entrench"],"picked":"Clothesline","floor":11}],"player_experience":411727,"relics_obtained":[{"floor":7,"key":"Ancient Tea Set"},{"floor":9,"key":"Blood Vial"},{"floor":11,"key":"Odd Mushroom"},{"floor":12,"key":"Darkstone Periapt"}],"event_choices":[{"damage_healed":0,"gold_gain":0,"player_choice":"Donut","damage_taken":0,"max_hp_gain":5,"max_hp_loss":0,"event_name":"Big Fish","floor":2,"gold_loss":0},{"damage_healed":0,"gold_gain":0,"player_choice":"Entered Light","damage_taken":17,"max_hp_gain":0,"max_hp_loss":0,"event_name":"Shining Light","floor":3,"gold_loss":0,"cards_upgraded":["Bash","Strike_R"]},{"damage_healed":0,"gold_gain":0,"player_choice":"Forge","damage_taken":0,"max_hp_gain":0,"max_hp_loss":0,"event_name":"Accursed Blacksmith","floor":4,"gold_loss":0,"cards_upgraded":["Heavy Blade"]},{"damage_healed":0,"gold_gain":175,"player_choice":"AGREE","damage_taken":0,"max_hp_gain":0,"max_hp_loss":0,"event_name":"Liars Game","floor":10,"gold_loss":0,"cards_obtained":["Doubt"]},{"damage_healed":0,"gold_gain":0,"player_choice":"Fought Mushrooms","damage_taken":0,"max_hp_gain":0,"max_hp_loss":0,"event_name":"Mushrooms","floor":11,"gold_loss":0},{"damage_healed":0,"gold_gain":0,"player_choice":"Success","damage_taken":7,"relics_obtained":["Smiling Mask"],"max_hp_gain":0,"max_hp_loss":0,"event_name":"Scrap Ooze","floor":13,"gold_loss":0}],"is_beta":false,"boss_relics":[],"items_purged_floors":[0,14],"is_endless":false,"potions_floor_spawned":[5,7],"killed_by":"The Guardian","ascension_level":6}