{"gold_per_floor":[118,131,96,114,132,132,193,193,193,26,26,41,74,90,90,166,166,184,196,196,196,39,39],"floor_reached":23,"playtime":552,"items_purged":["Strike_B","Strike_B"],"score":502,"play_id":"8c1e7e1d-93fb-40c0-ab91-a4f216fcc9d5","local_time":"20190613235820","is_ascension_mode":true,"campfire_choices":[{"floor":6.0,"key":"REST"},{"floor":8.0,"key":"REST"},{"data":"Zap","floor":15.0,"key":"SMITH"}],"neow_cost":"PERCENT_DAMAGE","seed_source_timestamp":18447912957532,"circlet_count":0,"master_deck":["AscendersBane","Strike_B","Strike_B","Defend_B","Defend_B","Defend_B","Defend_B","Zap+1","Dualcast","All For One+1","Sweeping Beam","BootSequence","Go for the Eyes","Sunder+1","Ball Lightning","Conserve Battery","Echo Form","Auto Shields","Electrodynamics","Go for the Eyes","Ghostly","Ghostly","Ghostly"],"special_seed":0,"relics":["Cracked Core","Tiny Chest","Bottled Flame","Whetstone","Matryoshka","Black Star"],"potions_floor_usage":[23],"damage_taken":[{"damage":12.0,"enemies":"Jaw Worm","floor":1.0,"turns":4.0},{"damage":7.0,"enemies":"Small Slimes","floor":2.0,"turns":4.0},{"damage":0.0,"enemies":"Cultist","floor":4.0,"turns":3.0},{"damage":34.0,"enemies":"Gremlin Gang","floor":5.0,"turns":5.0},{"damage":25.0,"enemies":"Lagavulin","floor":7.0,"turns":6.0},{"damage":0.0,"enemies":"Large Slime","floor":12.0,"turns":4.0},{"damage":5.0,"enemies":"3 Sentries","floor":13.0,"turns":5.0},{"damage":0.0,"enemies":"3 Louse","floor":14.0,"turns":3.0},{"damage":0.0,"enemies":"Slime Boss","floor":16.0,"turns":5.0},{"damage":33.0,"enemies":"Shell Parasite","floor":18.0,"turns":6.0},{"damage":8.0,"enemies":"2 Thieves","floor":19.0,"turns":3.0},{"damage":24,"enemies":"Gremlin Leader","floor":23,"turns":2}],"seed_played":"1738901452149624574","potions_obtained":[{"floor":1.0,"key":"Fire Potion"},{"floor":2.0,"key":"Strength Potion"}],"is_trial":false,"path_per_floor":["M","M","?","M","M","R","E","R","T","$","T","M","E","M","R","B",null,"M","M","?","?","$","E"],"character_chosen":"DEFECT","items_purchased":["Sunder","Ball Lightning","AttackPotion"],"campfire_rested":2,"item_purchase_floors":[10,10,22],"current_hp_per_floor":[34,27,44,44,10,31,6,27,27,27,27,27,22,22,22,22,59,26,18,18,18,18,0],"gold":39,"neow_bonus":"THREE_RARE_CARDS","is_prod":false,"is_daily":false,"chose_seed":false,"campfire_upgraded":1,"win_rate":0,"timestamp":1560463100,"path_taken":["M","M","?","M","M","R","E","R","T","$","?","M","E","M","R","BOSS","M","M","?","?","$","E"],"build_version":"2019-06-12","purchased_purges":2,"victory":false,"max_hp_per_floor":[71,71,71,71,71,71,71,71,71,71,71,71,71,71,71,71,71,71,71,71,35,35,35],"card_choices":[{"not_picked":["Fission","Reboot"],"picked":"All For One","floor":0.0},{"not_picked":["Capacitor","Fusion","Consume"],"picked":"SKIP","floor":1.0},{"not_picked":["Hello World","Steam"],"picked":"Sweeping Beam","floor":2.0},{"not_picked":["Compile Driver","Coolheaded","Rebound"],"picked":"SKIP","floor":4.0},{"not_picked":["Cold Snap","Streamline"],"picked":"BootSequence","floor":5.0},{"not_picked":["Coolheaded","Machine Learning"],"picked":"Go for the Eyes","floor":7.0},{"not_picked":["Leap","Coolheaded"],"picked":"Conserve Battery","floor":12.0},{"not_picked":["All For One","Barrage"],"picked":"Echo Form","floor":13.0},{"not_picked":["Barrage","Melter"],"picked":"Auto Shields","floor":14.0},{"not_picked":["Seek","Creative AI"],"picked":"Electrodynamics","floor":16.0},{"not_picked":["Ball Lightning","Stack"],"picked":"Go for the Eyes","floor":18.0},{"not_picked":["Compile Driver","Go for the Eyes","Barrage"],"picked":"SKIP","floor":19.0}],"player_experience":1713694,"relics_obtained":[{"floor":7.0,"key":"Tiny Chest"},{"floor":9.0,"key":"Bottled Flame"},{"floor":11.0,"key":"Whetstone"},{"floor":13.0,"key":"Matryoshka"}],"event_choices":[{"damage_healed":17.0,"max_hp_gain":0.0,"max_hp_loss":0.0,"gold_gain":0.0,"event_name":"The Cleric","player_choice":"Healed","floor":3.0,"gold_loss":35.0,"damage_taken":0.0},{"damage_healed":0.0,"max_hp_gain":0.0,"max_hp_loss":0.0,"gold_gain":0.0,"event_name":"Cursed Tome","player_choice":"Ignored","floor":20.0,"gold_loss":0.0,"damage_taken":0.0},{"damage_healed":0.0,"max_hp_gain":0.0,"max_hp_loss":36.0,"gold_gain":0.0,"event_name":"Ghosts","player_choice":"Became a Ghost","floor":21.0,"gold_loss":0.0,"damage_taken":0.0,"cards_obtained":["Ghostly","Ghostly","Ghostly"]}],"is_beta":true,"boss_relics":[{"not_picked":["Fusion Hammer","White Beast Statue"],"picked":"Black Star"}],"items_purged_floors":[10,22],"is_endless":false,"potions_floor_spawned":[1,2],"killed_by":"Gremlin Leader","ascension_level":20}