{"gold_per_floor":[113,123,123,123,133,161,171,201,201,201,1,1,29,29,29,127,127,139,139],"floor_reached":19,"playtime":2666,"items_purged":[],"score":175,"play_id":"a6175b8b-1194-4e02-8682-0d7f426cef3c","local_time":"20190801025834","is_ascension_mode":false,"campfire_choices":[{"floor":10,"key":"REST"},{"floor":12,"key":"REST"},{"floor":15,"key":"REST"}],"neow_cost":"NONE","seed_source_timestamp":2396276804846,"circlet_count":0,"master_deck":["Defend_G","Defend_G","Defend_G","Defend_G","Strike_G","Strike_G","Strike_G","Strike_G","Strike_G","Survivor","Neutralize+1","Blade Dance","Backflip","Iron Wave","Backflip","Burst","Footwork","Deadly Poison","Infinite Blades","Dagger Throw","Flying Knee","Deflect","Blur","Glass Knife","Poisoned Stab"],"relics":["Ring of the Snake","WingedGreaves","Oddly Smooth Stone","Dodecahedron","Odd Mushroom","Black Star"],"potions_floor_usage":[13,16],"damage_taken":[{"damage":7,"enemies":"Small Slimes","floor":1,"turns":6},{"damage":1,"enemies":"2 Louse","floor":2,"turns":3},{"damage":0,"enemies":"Cultist","floor":5,"turns":4},{"damage":18,"enemies":"3 Sentries","floor":6,"turns":14},{"damage":6,"enemies":"Lots of Slimes","floor":7,"turns":4},{"damage":23,"enemies":"Gremlin Nob","floor":8,"turns":6},{"damage":42,"enemies":"The Mushroom Lair","floor":13,"turns":8},{"damage":28,"enemies":"Hexaghost","floor":16,"turns":14},{"damage":4,"enemies":"Shell Parasite","floor":18,"turns":6},{"damage":4,"enemies":"Spheric Guardian","floor":19,"turns":3}],"seed_played":"-2004583922537321886","potions_obtained":[{"floor":2,"key":"Ancient Potion"},{"floor":6,"key":"EssenceOfSteel"},{"floor":8,"key":"Poison Potion"},{"floor":14,"key":"Regen Potion"},{"floor":14,"key":"Strength Potion"},{"floor":16,"key":"Strength Potion"}],"is_trial":false,"path_per_floor":["M","M","?","?","M","E","M","E","T","R","$","R","?","?","R","B",null,"M","M"],"character_chosen":"THE_SILENT","items_purchased":["Infinite Blades","Dagger Throw","Flying Knee","Deflect"],"campfire_rested":3,"item_purchase_floors":[11,11,11,11],"current_hp_per_floor":[70,69,69,69,69,51,45,22,22,45,45,68,26,26,49,36,77,73,69],"gold":139,"neow_bonus":"TEN_PERCENT_HP_BONUS","is_prod":false,"is_daily":false,"chose_seed":false,"campfire_upgraded":0,"win_rate":0.0,"timestamp":1564646314,"path_taken":["M","M","?","?","M","E","?","E","T","R","?","R","?","?","R","BOSS","M","M"],"build_version":"2019-01-23","purchased_purges":0,"victory":false,"max_hp_per_floor":[77,77,77,77,77,77,77,77,77,77,77,77,77,77,77,77,77,77,77],"card_choices":[{"not_picked":["Quick Slash","Slice"],"picked":"Blade Dance","floor":1},{"not_picked":["Outmaneuver","Quick Slash"],"picked":"Backflip","floor":2},{"not_picked":["Unload","Dodge and Roll"],"picked":"Backflip","floor":5},{"not_picked":["Poisoned Stab","Venomology"],"picked":"Burst","floor":6},{"not_picked":["Choke","Expertise"],"picked":"Footwork","floor":7},{"not_picked":["Terror","Expertise"],"picked":"Deadly Poison","floor":8},{"not_picked":["Poisoned Stab","Acrobatics"],"picked":"Blur","floor":13},{"not_picked":["Tools of the Trade","Venomology"],"picked":"Glass Knife","floor":16},{"not_picked":["Outmaneuver+1","Dagger Spray"],"picked":"Poisoned Stab","floor":18}],"player_experience":38273,"relics_obtained":[{"floor":6,"key":"WingedGreaves"},{"floor":8,"key":"Oddly Smooth Stone"},{"floor":9,"key":"Dodecahedron"},{"floor":13,"key":"Odd Mushroom"}],"event_choices":[{"damage_healed":0,"gold_gain":0,"player_choice":"Grow","damage_taken":0,"max_hp_gain":0,"max_hp_loss":0,"event_name":"Living Wall","floor":3,"gold_loss":0,"cards_upgraded":["Neutralize"]},{"cards_removed":["Defend_G"],"damage_healed":0,"gold_gain":0,"player_choice":"Took Card","damage_taken":0,"max_hp_gain":0,"max_hp_loss":0,"event_name":"NoteForYourself","floor":4,"gold_loss":0,"cards_obtained":["Iron Wave"]},{"damage_healed":0,"gold_gain":0,"player_choice":"Fought Mushrooms","damage_taken":0,"max_hp_gain":0,"max_hp_loss":0,"event_name":"Mushrooms","floor":13,"gold_loss":0},{"damage_healed":0,"gold_gain":0,"player_choice":"Got Potions","damage_taken":0,"max_hp_gain":0,"max_hp_loss":0,"event_name":"Lab","floor":14,"gold_loss":0}],"is_beta":true,"boss_relics":[{"not_picked":["Cursed Key","Snecko Eye"],"picked":"Black Star"}],"items_purged_floors":[],"is_endless":false,"potions_floor_spawned":[2,6,8,16],"killed_by":"Spheric Guardian","ascension_level":0}