{"gold_per_floor":[117,133,83,100,111,111,137,137,192,192,192,207,207,218,218,321,321,308,26,46,46,63,63,81,81,107,107,197,210,227,243,243,348,348,360,379,379,95,0,0,35,58,112,132,151,251,267,278,278,278],"floor_reached":50,"playtime":3410,"items_purged":["Defend_B"],"score":603,"play_id":"c3197ed1-2c9f-4774-8dfd-be52dcc2c8b4","local_time":"20190809184128","is_ascension_mode":true,"campfire_choices":[{"data":"Defragment","floor":6,"key":"SMITH"},{"floor":8,"key":"REST"},{"floor":11,"key":"REST"},{"floor":15,"key":"REST"},{"data":"Dualcast","floor":23,"key":"SMITH"},{"floor":25,"key":"REST"},{"data":"Defragment","floor":27,"key":"SMITH"},{"floor":32,"key":"REST"},{"data":"Apotheosis","floor":40,"key":"SMITH"},{"floor":49,"key":"REST"}],"neow_cost":"NONE","seed_source_timestamp":329917467727425,"circlet_count":0,"master_deck":["Defend_B","Defend_B+1","Zap+1","Dualcast+1","Lockon","Defragment+1","Chaos","Defragment+1","Consume","Cold Snap","Reboot","Streamline","Electrodynamics","Loop","Ball Lightning+1","Thunder Strike","Coolheaded+1","Apotheosis+1","Reboot","Static Discharge"],"relics":["Cracked Core","Singing Bowl","War Paint","Velvet Choker","Lee\u0027s Waffle","Centennial Puzzle","Empty Cage","DollysMirror","Red Mask","Omamori","Vajra","Oddly Smooth Stone","Peace Pipe"],"potions_floor_usage":[7,12,16,18,22,33,33,44,44,46,48,50,50],"damage_taken":[{"damage":0,"enemies":"Small Slimes","floor":1,"turns":2},{"damage":12,"enemies":"Jaw Worm","floor":2,"turns":2},{"damage":8,"enemies":"2 Louse","floor":4,"turns":3},{"damage":15,"enemies":"Exordium Wildlife","floor":5,"turns":3},{"damage":29,"enemies":"3 Sentries","floor":7,"turns":6},{"damage":34,"enemies":"Gremlin Gang","floor":12,"turns":4},{"damage":7,"enemies":"2 Fungi Beasts","floor":14,"turns":4},{"damage":31,"enemies":"Hexaghost","floor":16,"turns":9},{"damage":24,"enemies":"2 Thieves","floor":18,"turns":4},{"damage":37,"enemies":"3 Byrds","floor":20,"turns":4},{"damage":21,"enemies":"3 Cultists","floor":22,"turns":4},{"damage":5,"enemies":"Snecko","floor":24,"turns":3},{"damage":23,"enemies":"Shelled Parasite and Fungi","floor":29,"turns":4},{"damage":4,"enemies":"Cultist and Chosen","floor":30,"turns":4},{"damage":17,"enemies":"Snake Plant","floor":31,"turns":3},{"damage":24,"enemies":"Champ","floor":33,"turns":7},{"damage":29,"enemies":"3 Darklings","floor":35,"turns":3},{"damage":2,"enemies":"Orb Walker","floor":36,"turns":4},{"damage":22,"enemies":"Giant Head","floor":41,"turns":6},{"damage":10,"enemies":"3 Darklings","floor":44,"turns":2},{"damage":4,"enemies":"Transient","floor":45,"turns":5},{"damage":10,"enemies":"Mind Bloom Boss Battle","floor":46,"turns":5},{"damage":2,"enemies":"Jaw Worm Horde","floor":47,"turns":4},{"damage":12,"enemies":"4 Shapes","floor":48,"turns":2},{"damage":51,"enemies":"Awakened One","floor":50,"turns":5}],"seed_played":"7691078377548043765","potions_obtained":[{"floor":2,"key":"SteroidPotion"},{"floor":5,"key":"Energy Potion"},{"floor":14,"key":"AttackPotion"},{"floor":16,"key":"Explosive Potion"},{"floor":18,"key":"Regen Potion"},{"floor":20,"key":"Ancient Potion"},{"floor":31,"key":"Swift Potion"},{"floor":41,"key":"EntropicBrew"},{"floor":46,"key":"Poison Potion"},{"floor":47,"key":"FocusPotion"}],"is_trial":false,"path_per_floor":["M","M","?","M","M","R","E","R","T","?","R","M","?","M","R","B",null,"M","$","M","?","M","R","M","R","T","R","?","M","M","M","R","B",null,"M","M","?","$","?","R","E","T","T","M","M","?","M","M","R","B"],"character_chosen":"DEFECT","items_purchased":["Lee\u0027s Waffle","DollysMirror","Static Discharge"],"campfire_rested":6,"item_purchase_floors":[19,38,38],"current_hp_per_floor":[75,63,63,55,40,40,13,36,36,29,52,20,39,32,55,24,79,57,88,53,53,46,46,43,71,71,71,53,30,28,11,39,15,93,64,64,61,61,61,61,41,41,41,33,31,23,23,13,45,0],"gold":278,"neow_bonus":"THREE_CARDS","is_prod":false,"is_daily":false,"chose_seed":false,"campfire_upgraded":4,"win_rate":0,"timestamp":1565401288,"path_taken":["M","M","?","M","M","R","E","R","T","?","R","M","?","?","R","BOSS","M","$","M","?","M","R","M","R","T","R","?","M","M","M","R","BOSS","M","?","?","$","?","R","E","?","T","M","M","?","M","?","R","BOSS"],"build_version":"2019-07-17","purchased_purges":1,"victory":false,"max_hp_per_floor":[75,75,75,75,75,75,77,77,77,77,77,79,79,79,79,79,79,81,88,90,90,92,92,94,94,94,94,94,94,96,96,96,96,93,93,95,97,97,97,97,99,99,99,101,103,105,107,109,109,109],"card_choices":[{"not_picked":["Redo","Compile Driver"],"picked":"Lockon","floor":0},{"not_picked":["Steam","Coolheaded"],"picked":"Defragment","floor":1},{"not_picked":["Sunder","Barrage"],"picked":"Chaos","floor":2},{"not_picked":["Conserve Battery","Turbo"],"picked":"Defragment","floor":4},{"not_picked":["Tempest","Fission"],"picked":"Consume","floor":5},{"not_picked":["Barrage","Sweeping Beam","Melter"],"picked":"Singing Bowl","floor":7},{"not_picked":["Defragment","Beam Cell","Melter"],"picked":"Singing Bowl","floor":12},{"not_picked":["Doom and Gloom","Barrage"],"picked":"Cold Snap","floor":14},{"not_picked":["Seek","Buffer"],"picked":"Reboot","floor":16},{"not_picked":["BootSequence+1","Auto Shields+1","Cold Snap"],"picked":"Singing Bowl","floor":18},{"not_picked":["Leap","Skim","Storm"],"picked":"Singing Bowl","floor":20},{"not_picked":["Fusion","Rip and Tear","Recycle+1"],"picked":"Singing Bowl","floor":22},{"not_picked":["Lockon","Glacier","Barrage"],"picked":"Singing Bowl","floor":24},{"not_picked":["Stack","Ball Lightning"],"picked":"Loop","floor":29},{"not_picked":["Rebound+1","Leap+1","Genetic Algorithm"],"picked":"Singing Bowl","floor":30},{"not_picked":["Gash+1","Conserve Battery"],"picked":"Ball Lightning+1","floor":31},{"not_picked":["Seek","Amplify"],"picked":"Thunder Strike","floor":33},{"not_picked":["Beam Cell+1","Double Energy"],"picked":"Coolheaded+1","floor":35},{"not_picked":["Go for the Eyes+1","Turbo+1","Streamline"],"picked":"Singing Bowl","floor":36},{"not_picked":["Blind","Purity","Magnetism"],"picked":"Singing Bowl","floor":37},{"not_picked":["PanicButton","Jack Of All Trades"],"picked":"Apotheosis","floor":37},{"not_picked":["Stack+1","Leap","All For One"],"picked":"Singing Bowl","floor":41},{"not_picked":["Storm","Hologram+1","Streamline+1"],"picked":"Singing Bowl","floor":44},{"not_picked":["Barrage+1","Steam+1","Gash"],"picked":"Singing Bowl","floor":45},{"not_picked":["Blizzard+1","Doom and Gloom+1","Beam Cell+1"],"picked":"Singing Bowl","floor":46},{"not_picked":["Darkness+1","Steam","Tempest"],"picked":"Singing Bowl","floor":47},{"not_picked":["Rebound+1","Go for the Eyes","Steam+1"],"picked":"Singing Bowl","floor":48}],"player_experience":259607,"relics_obtained":[{"floor":7,"key":"Singing Bowl"},{"floor":9,"key":"War Paint"},{"floor":26,"key":"Centennial Puzzle"},{"floor":41,"key":"Omamori"},{"floor":42,"key":"Vajra"},{"floor":43,"key":"Oddly Smooth Stone"},{"floor":46,"key":"Peace Pipe"}],"event_choices":[{"cards_removed":["Strike_B"],"damage_healed":0,"gold_gain":0,"player_choice":"Card Removal","damage_taken":0,"max_hp_gain":0,"max_hp_loss":0,"event_name":"The Cleric","floor":3,"gold_loss":50},{"cards_removed":["Strike_B"],"damage_healed":0,"gold_gain":0,"player_choice":"Card Removal","damage_taken":7,"max_hp_gain":0,"max_hp_loss":0,"event_name":"Golden Wing","floor":10,"gold_loss":0},{"damage_healed":19,"gold_gain":0,"player_choice":"Healed and dodged fight","damage_taken":0,"max_hp_gain":0,"max_hp_loss":0,"event_name":"Mushrooms","floor":13,"gold_loss":0,"cards_obtained":["Parasite"]},{"damage_healed":0,"gold_gain":0,"cards_transformed":["Strike_B","Defend_B"],"player_choice":"Became Test Subject","damage_taken":0,"max_hp_gain":0,"max_hp_loss":0,"event_name":"Drug Dealer","floor":21,"gold_loss":0,"cards_obtained":["Streamline","Electrodynamics"]},{"damage_healed":0,"gold_gain":90,"player_choice":"GOLD ","damage_taken":18,"max_hp_gain":0,"max_hp_loss":0,"event_name":"Knowing Skull","floor":28,"potions_obtained":[],"gold_loss":0,"cards_obtained":[]},{"damage_healed":0,"gold_gain":0,"player_choice":"Memory 2","damage_taken":5,"max_hp_gain":0,"max_hp_loss":0,"event_name":"SensoryStone","floor":37,"gold_loss":0},{"damage_healed":0,"gold_gain":0,"player_choice":"Paid","damage_taken":0,"relics_obtained":["Red Mask"],"max_hp_gain":0,"max_hp_loss":0,"event_name":"Tomb of Lord Red Mask","floor":39,"gold_loss":95},{"damage_healed":0,"gold_gain":0,"player_choice":"Fight","damage_taken":0,"max_hp_gain":0,"max_hp_loss":0,"event_name":"MindBloom","floor":46,"gold_loss":0}],"is_beta":false,"boss_relics":[{"not_picked":["Black Star","Busted Crown"],"picked":"Velvet Choker"},{"not_picked":["Nuclear Battery","Coffee Dripper"],"picked":"Empty Cage"}],"items_purged_floors":[19],"is_endless":false,"potions_floor_spawned":[2,5,14,16,18,20,31,41,46,47],"killed_by":"Awakened One","ascension_level":2}