{"gold_per_floor":[118,43,59,59,109,145,145,160,160,160,196,52,52,72,72,163,163,176,91,110,110,123,139,139,14,14,14,14,14,14,14,14,105,105,124,457,402,420,420,420,432,432,485,485,513,525,548,577,589,601,613,625,637,214,242,242],"floor_reached":57,"playtime":2210,"items_purged":["Strike_G","Strike_G","Strike_G+1","Predator+1"],"score":3197,"play_id":"941a30c6-11d0-4f80-ba6d-52a6fa6070e6","local_time":"20190809022108","is_ascension_mode":true,"campfire_choices":[{"data":"Predator","floor":7.0,"key":"SMITH"},{"data":"Neutralize","floor":10.0,"key":"SMITH"},{"data":"Tactician","floor":15.0,"key":"SMITH"},{"data":"Well Laid Plans","floor":27.0,"key":"SMITH"},{"data":"Well Laid Plans","floor":30.0,"key":"SMITH"},{"data":"Acrobatics","floor":32.0,"key":"SMITH"},{"data":"Reflex","floor":40.0,"key":"SMITH"},{"data":"Corpse Explosion","floor":44.0,"key":"SMITH"},{"floor":46.0,"key":"RECALL"},{"data":"Survivor","floor":49.0,"key":"SMITH"},{"data":"Venomology","floor":53.0,"key":"SMITH"}],"neow_cost":"NONE","seed_source_timestamp":0,"circlet_count":0,"master_deck":["AscendersBane","Survivor+1","Neutralize+1","Well Laid Plans+1","Tactician+1","Corpse Explosion+1","Reflex+1","Venomology+1","Well Laid Plans+1","Acrobatics+1","Dagger Throw+1","Footwork","Backflip","After Image"],"special_seed":0,"relics":["Ring of the Snake","NeowsBlessing","Omamori","Whetstone","Letter Opener","Oddly Smooth Stone","Coffee Dripper","Matryoshka","Juzu Bracelet","Dead Branch","Pandora\u0027s Box","Question Card","Meat on the Bone","MawBank","Happy Flower"],"potions_floor_usage":[56,56,56],"damage_taken":[{"damage":0.0,"enemies":"Small Slimes","floor":1.0,"turns":1.0},{"damage":0.0,"enemies":"Jaw Worm","floor":3.0,"turns":1.0},{"damage":0.0,"enemies":"Gremlin Nob","floor":6.0,"turns":1.0},{"damage":0.0,"enemies":"2 Louse","floor":8.0,"turns":2.0},{"damage":12.0,"enemies":"3 Sentries","floor":11.0,"turns":7.0},{"damage":4.0,"enemies":"Looter","floor":14.0,"turns":3.0},{"damage":14.0,"enemies":"The Guardian","floor":16.0,"turns":11.0},{"damage":17.0,"enemies":"Shell Parasite","floor":18.0,"turns":6.0},{"damage":0.0,"enemies":"3 Byrds","floor":20.0,"turns":2.0},{"damage":25.0,"enemies":"Snake Plant","floor":22.0,"turns":5.0},{"damage":5.0,"enemies":"Cultist and Chosen","floor":23.0,"turns":6.0},{"damage":16.0,"enemies":"Collector","floor":33.0,"turns":8.0},{"damage":0.0,"enemies":"Orb Walker","floor":35.0,"turns":3.0},{"damage":0.0,"enemies":"3 Darklings","floor":38.0,"turns":2.0},{"damage":11.0,"enemies":"Transient","floor":41.0,"turns":6.0},{"damage":0.0,"enemies":"Reptomancer","floor":45.0,"turns":5.0},{"damage":0.0,"enemies":"Sphere and 2 Shapes","floor":47.0,"turns":3.0},{"damage":0.0,"enemies":"Writhing Mass","floor":48.0,"turns":3.0},{"damage":0.0,"enemies":"Donu and Deca","floor":50.0,"turns":1.0},{"damage":0.0,"enemies":"Awakened One","floor":51.0,"turns":3.0},{"damage":0.0,"enemies":"Shield and Spear","floor":55.0,"turns":1.0},{"damage":0,"enemies":"The Heart","floor":56,"turns":9}],"seed_played":"6627331216473037570","potions_obtained":[{"floor":3.0,"key":"Energy Potion"},{"floor":14.0,"key":"Explosive Potion"},{"floor":16.0,"key":"Fire Potion"},{"floor":18.0,"key":"Regen Potion"},{"floor":23.0,"key":"Swift Potion"},{"floor":38.0,"key":"SteroidPotion"}],"is_trial":false,"path_per_floor":["M","$","M","?","T","E","R","M","T","R","E","$","?","M","R","B",null,"M","?","M","?","M","M","?","$","T","R","$","?","R","?","R","B",null,"M","?","$","M","?","R","M","T","T","R","E","R","M","M","R","B","B",null,"R","$","E","B",null],"character_chosen":"THE_SILENT","items_purchased":["Reflex","SkillPotion","Footwork","Fruit Juice","Backflip","Dexterity Potion"],"campfire_rested":0,"item_purchase_floors":[12,37,54,54,54,54],"current_hp_per_floor":[59,59,59,59,59,59,59,59,59,59,47,47,47,43,43,29,52,35,35,35,35,10,20,20,20,20,20,20,20,20,20,20,4,46,46,46,46,46,46,46,35,35,35,35,35,35,35,35,35,35,35,54,54,59,59,65],"gold":242,"neow_bonus":"THREE_ENEMY_KILL","is_prod":false,"is_daily":false,"chose_seed":false,"campfire_upgraded":10,"win_rate":0,"timestamp":1565284868,"path_taken":["M","$","M","?","?","E","R","M","T","R","E","$","?","M","R","BOSS","M","?","M","?","M","M","?","$","T","R","?","?","R","?","R","BOSS","M","?","$","M","?","R","M","?","T","R","E","R","M","M","R","BOSS","BOSS","R","$","E","BOSS"],"build_version":"2019-07-17","purchased_purges":4,"victory":true,"max_hp_per_floor":[66,66,66,60,60,60,60,60,60,60,60,60,60,60,60,60,60,60,60,60,60,60,60,60,60,60,60,60,60,60,60,60,60,60,60,60,60,60,60,60,60,60,60,60,60,60,60,60,60,60,60,60,60,65,65,65],"card_choices":[{"not_picked":["Slice","Blade Dance"],"picked":"Well Laid Plans","floor":1.0},{"not_picked":["Bane","Leg Sweep"],"picked":"Caltrops","floor":3.0},{"not_picked":["Dagger Spray","Quick Slash"],"picked":"Predator","floor":6.0},{"not_picked":["Deflect","PiercingWail"],"picked":"Tactician","floor":8.0},{"not_picked":["Leg Sweep","Poisoned Stab"],"picked":"Corpse Explosion","floor":11.0},{"not_picked":["Predator","Bouncing Flask","Dagger Throw"],"picked":"SKIP","floor":14.0},{"not_picked":["Eviscerate","Deflect+1","Bane"],"picked":"SKIP","floor":18.0},{"not_picked":["Deadly Poison","Slice+1","Reflex"],"picked":"SKIP","floor":20.0},{"not_picked":["Distraction","Predator","Dagger Throw"],"picked":"SKIP","floor":22.0},{"not_picked":["Endless Agony","Bane+1"],"picked":"Backflip","floor":23.0},{"not_picked":["Skewer","Poisoned Stab","Dagger Spray"],"picked":"SKIP","floor":35.0},{"not_picked":["Dodge and Roll+1","Cloak And Dagger","Blade Dance"],"picked":"SKIP","floor":38.0},{"not_picked":["Dash+1","Predator","Choke"],"picked":"SKIP","floor":41.0},{"not_picked":["Night Terror","Deadly Poison+1","Choke","Eviscerate+1"],"picked":"SKIP","floor":45.0},{"not_picked":["Dodge and Roll","Dash","Flying Knee+1"],"picked":"Dagger Throw+1","floor":47.0},{"not_picked":["Underhanded Strike","Outmaneuver","Dagger Spray","Poisoned Stab"],"picked":"SKIP","floor":48.0},{"not_picked":["Cloak And Dagger","Dagger Throw","Concentrate+1"],"picked":"After Image","floor":55.0}],"player_experience":820212,"relics_obtained":[{"floor":5.0,"key":"Omamori"},{"floor":6.0,"key":"Whetstone"},{"floor":9.0,"key":"Letter Opener"},{"floor":11.0,"key":"Oddly Smooth Stone"},{"floor":26.0,"key":"Juzu Bracelet"},{"floor":26.0,"key":"Dead Branch"},{"floor":42.0,"key":"Question Card"},{"floor":42.0,"key":"Meat on the Bone"},{"floor":45.0,"key":"MawBank"},{"floor":55.0,"key":"Happy Flower"}],"event_choices":[{"damage_healed":0.0,"max_hp_gain":0.0,"max_hp_loss":6.0,"gold_gain":0.0,"event_name":"Golden Idol","player_choice":"Lose Max HP","floor":4.0,"gold_loss":0.0,"damage_taken":0.0,"relics_obtained":["Golden Idol"]},{"damage_healed":0.0,"max_hp_gain":0.0,"max_hp_loss":0.0,"gold_gain":0.0,"event_name":"Liars Game","player_choice":"Ignored","floor":13.0,"gold_loss":0.0,"damage_taken":0.0},{"damage_healed":0.0,"max_hp_gain":0.0,"max_hp_loss":0.0,"gold_gain":0.0,"event_name":"Addict","player_choice":"Obtained Relic","floor":19.0,"gold_loss":85.0,"damage_taken":0.0,"relics_obtained":["Matryoshka"]},{"damage_healed":0.0,"max_hp_gain":0.0,"max_hp_loss":0.0,"gold_gain":0.0,"event_name":"Cursed Tome","player_choice":"Ignored","floor":21.0,"gold_loss":0.0,"damage_taken":0.0},{"damage_healed":0.0,"max_hp_gain":0.0,"max_hp_loss":0.0,"gold_gain":0.0,"cards_transformed":["Backflip","Strike_G"],"event_name":"Drug Dealer","player_choice":"Became Test Subject","floor":24.0,"gold_loss":0.0,"damage_taken":0.0,"cards_obtained":["Venomology","Well Laid Plans"]},{"cards_removed":["Strike_G"],"damage_healed":0.0,"max_hp_gain":0.0,"max_hp_loss":0.0,"gold_gain":0.0,"event_name":"Back to Basics","player_choice":"Elegance","floor":29.0,"gold_loss":0.0,"damage_taken":0.0},{"damage_healed":0.0,"max_hp_gain":0.0,"max_hp_loss":0.0,"gold_gain":0.0,"event_name":"The Library","player_choice":"Read","floor":31.0,"gold_loss":0.0,"damage_taken":0.0,"cards_obtained":["Acrobatics"]},{"damage_healed":0.0,"max_hp_gain":0.0,"max_hp_loss":0.0,"gold_gain":333.0,"event_name":"The Moai Head","player_choice":"Gave Idol","floor":36.0,"relics_lost":["Golden Idol"],"gold_loss":0.0,"damage_taken":0.0},{"cards_removed":["Caltrops"],"damage_healed":0.0,"max_hp_gain":0.0,"max_hp_loss":0.0,"gold_gain":0.0,"event_name":"Falling","player_choice":"Removed Power","floor":39.0,"gold_loss":0.0,"damage_taken":0.0}],"is_beta":false,"boss_relics":[{"not_picked":["Tiny House","Lizard Tail"],"picked":"Coffee Dripper"},{"not_picked":["Ring of the Serpent","HoveringKite"],"picked":"Pandora\u0027s Box"}],"items_purged_floors":[2,12,25,54],"is_endless":false,"potions_floor_spawned":[3,14,16,18,22,23,38,41,47,48,55],"ascension_level":20}