{"gold_per_floor":[114,114,132,146,156,186,186,200,200,212,237,252,268,297,297,374,374,374,374,374,374,374,374,374,374,374,72,72,72,72,72,72,72,72,72,72,72,72,72,72],"floor_reached":40,"playtime":1521,"items_purged":["Strike_B"],"score":1004,"play_id":"a507f812-6e4c-4015-af07-343e5c3b51d6","local_time":"20190620154402","is_ascension_mode":true,"campfire_choices":[{"data":"Defragment","floor":7.0,"key":"SMITH"},{"data":"Coolheaded","floor":15,"key":"SMITH"},{"data":"Hyperbeam","floor":23,"key":"SMITH"},{"data":"Chaos","floor":28,"key":"SMITH"},{"data":"Multi-Cast","floor":32,"key":"SMITH"}],"neow_cost":"NONE","seed_source_timestamp":547584078905,"circlet_count":0,"master_deck":["AscendersBane","Strike_B+1","Strike_B+1","Defend_B+1","Defend_B+1","Defend_B+1","Defend_B+1","Zap","Dualcast","Undo","Hyperbeam+1","Cold Snap+1","Defragment+1","Coolheaded+1","Recycle","Compile Driver","Electrodynamics","BootSequence","Turbo","All For One","Gash","Gash","Beam Cell","Chaos+1","Doom and Gloom","Multi-Cast+1","Amplify","Go for the Eyes+1","Coolheaded","Hologram"],"special_seed":0,"relics":["FrozenCore","Orichalcum","Pear","Bag of Preparation","Pen Nib","Bottled Lightning","Ectoplasm","DataDisk","Red Mask","Juzu Bracelet","Whetstone","Meat on the Bone"],"potions_floor_usage":[16,16,33,33,40],"damage_taken":[{"damage":0.0,"enemies":"2 Louse","floor":1.0,"turns":3.0},{"damage":0.0,"enemies":"Cultist","floor":3.0,"turns":2.0},{"damage":3.0,"enemies":"Small Slimes","floor":4.0,"turns":2.0},{"damage":0.0,"enemies":"2 Fungi Beasts","floor":5.0,"turns":2.0},{"damage":19.0,"enemies":"3 Sentries","floor":6.0,"turns":6.0},{"damage":0.0,"enemies":"3 Louse","floor":8.0,"turns":2.0},{"damage":3.0,"enemies":"Blue Slaver","floor":10.0,"turns":4.0},{"damage":12.0,"enemies":"Lagavulin","floor":11.0,"turns":9.0},{"damage":0.0,"enemies":"Lots of Slimes","floor":12.0,"turns":1.0},{"damage":0.0,"enemies":"2 Fungi Beasts","floor":13.0,"turns":2.0},{"damage":14.0,"enemies":"Gremlin Nob","floor":14.0,"turns":4.0},{"damage":0,"enemies":"Slime Boss","floor":16,"turns":7},{"damage":0,"enemies":"Spheric Guardian","floor":18,"turns":4},{"damage":0,"enemies":"3 Byrds","floor":20,"turns":3},{"damage":0,"enemies":"Masked Bandits","floor":21,"turns":2},{"damage":0,"enemies":"Centurion and Healer","floor":22,"turns":5},{"damage":4,"enemies":"Slavers","floor":24,"turns":2},{"damage":0,"enemies":"Snake Plant","floor":25,"turns":2},{"damage":20,"enemies":"Gremlin Leader","floor":29,"turns":7},{"damage":2,"enemies":"Snecko","floor":31,"turns":4},{"damage":37,"enemies":"Champ","floor":33,"turns":12},{"damage":0,"enemies":"3 Darklings","floor":35,"turns":2},{"damage":0,"enemies":"3 Shapes","floor":36,"turns":2},{"damage":2,"enemies":"Writhing Mass","floor":38,"turns":8},{"damage":78,"enemies":"Nemesis","floor":40,"turns":10}],"seed_played":"-3547543893041232379","potions_obtained":[{"floor":4.0,"key":"SpeedPotion"},{"floor":6.0,"key":"AttackPotion"},{"floor":12.0,"key":"AttackPotion"},{"floor":20,"key":"PowerPotion"},{"floor":29,"key":"FocusPotion"},{"floor":33,"key":"FearPotion"},{"floor":36,"key":"FocusPotion"},{"floor":38,"key":"Regen Potion"}],"is_trial":false,"path_per_floor":["M","?","M","M","M","E","R","M","T","M","E","M","M","E","R","B",null,"M","?","M","?","M","R","E","M","T","$","R","E","?","M","R","B",null,"M","M","$","M","?","E"],"character_chosen":"DEFECT","items_purchased":["Doom and Gloom","Multi-Cast"],"campfire_rested":0,"item_purchase_floors":[27,27],"current_hp_per_floor":[64,64,64,61,61,52,52,52,52,49,37,37,37,23,23,23,67,67,67,67,67,67,67,63,63,63,63,63,43,43,41,41,16,65,65,65,65,63,63,0],"gold":72,"neow_bonus":"RANDOM_COMMON_RELIC","is_prod":false,"is_daily":false,"chose_seed":false,"campfire_upgraded":5,"win_rate":0,"timestamp":1561038242,"path_taken":["M","?","M","M","M","E","R","M","T","M","E","M","M","E","R","BOSS","M","?","?","?","M","R","E","M","T","$","R","E","?","M","R","BOSS","M","M","$","M","?","E"],"build_version":"2019-06-19","purchased_purges":1,"victory":false,"max_hp_per_floor":[71,71,71,71,71,81,81,81,81,81,81,81,81,81,81,81,81,81,81,81,81,81,81,81,81,81,81,81,81,81,81,81,81,81,81,81,81,81,81,81],"card_choices":[{"not_picked":["Beam Cell","Sweeping Beam"],"picked":"Undo","floor":1.0},{"not_picked":["Auto Shields","Streamline"],"picked":"Cold Snap","floor":3.0},{"not_picked":["BootSequence","Conserve Battery"],"picked":"Defragment","floor":4.0},{"not_picked":["Streamline","Fusion"],"picked":"Doom and Gloom","floor":5.0},{"not_picked":["Stack","Chill"],"picked":"Coolheaded","floor":6.0},{"not_picked":["Gash","Hello World"],"picked":"Recycle","floor":8.0},{"not_picked":["Leap","Hologram"],"picked":"Compile Driver","floor":10.0},{"not_picked":["Compile Driver","White Noise"],"picked":"Electrodynamics","floor":11.0},{"not_picked":["Lockon","Reprogram","Go for the Eyes"],"picked":"SKIP","floor":12.0},{"not_picked":["Lockon","Reprogram","Go for the Eyes"],"picked":"SKIP","floor":12.0},{"not_picked":["Gash","Melter"],"picked":"BootSequence","floor":13.0},{"not_picked":["Storm","Compile Driver"],"picked":"Turbo","floor":14},{"not_picked":["Reboot","Seek"],"picked":"All For One","floor":16},{"not_picked":["Tempest","Turbo"],"picked":"Gash","floor":18},{"not_picked":["Double Energy","Rebound+1"],"picked":"Gash","floor":20},{"not_picked":["Steam","Reprogram"],"picked":"Beam Cell","floor":21},{"not_picked":["Scrape","Conserve Battery","Barrage+1"],"picked":"SKIP","floor":22},{"not_picked":["Blizzard","Doom and Gloom","Beam Cell"],"picked":"SKIP","floor":24},{"not_picked":["Static Discharge","Auto Shields"],"picked":"Chaos","floor":25},{"not_picked":["Conserve Battery","Doom and Gloom","Amplify"],"picked":"SKIP","floor":29},{"not_picked":["Fusion","Sweeping Beam","Barrage"],"picked":"SKIP","floor":31},{"not_picked":["Buffer","Rainbow"],"picked":"Amplify","floor":33},{"not_picked":["Recycle","Heatsinks"],"picked":"Go for the Eyes+1","floor":35},{"not_picked":["Sweeping Beam","Turbo"],"picked":"Coolheaded","floor":36},{"not_picked":["Stack","Streamline"],"picked":"Hologram","floor":38}],"player_experience":1741775,"relics_obtained":[{"floor":6.0,"key":"Pear"},{"floor":9.0,"key":"Bag of Preparation"},{"floor":11.0,"key":"Pen Nib"},{"floor":14,"key":"Bottled Lightning"},{"floor":21,"key":"Red Mask"},{"floor":24,"key":"Juzu Bracelet"},{"floor":26,"key":"Whetstone"},{"floor":29,"key":"Meat on the Bone"}],"event_choices":[{"damage_healed":0.0,"max_hp_gain":0.0,"max_hp_loss":0.0,"gold_gain":0.0,"cards_transformed":["Strike_B"],"event_name":"Transmorgrifier","player_choice":"Transformed","floor":2.0,"gold_loss":0.0,"damage_taken":0.0,"cards_obtained":["Hyperbeam"]},{"cards_removed":["Doom and Gloom"],"damage_healed":0,"gold_gain":0,"player_choice":"Gave Card","damage_taken":0,"relics_obtained":["DataDisk"],"max_hp_gain":0,"max_hp_loss":0,"event_name":"WeMeetAgain","floor":19,"gold_loss":0},{"damage_healed":0,"gold_gain":0,"player_choice":"Fought Bandits","damage_taken":0,"max_hp_gain":0,"max_hp_loss":0,"event_name":"Masked Bandits","floor":21,"gold_loss":0},{"damage_healed":0,"gold_gain":0,"player_choice":"Simplicity","damage_taken":0,"max_hp_gain":0,"max_hp_loss":0,"event_name":"Back to Basics","floor":30,"gold_loss":0,"cards_upgraded":["Strike_B","Defend_B","Defend_B","Defend_B","Defend_B"]},{"damage_healed":0,"gold_gain":222,"player_choice":"Wore Mask","damage_taken":0,"max_hp_gain":0,"max_hp_loss":0,"event_name":"Tomb of Lord Red Mask","floor":39,"gold_loss":0}],"is_beta":true,"boss_relics":[{"not_picked":["Lizard Tail","Tiny House"],"picked":"Ectoplasm"},{"not_picked":["Empty Cage","Coffee Dripper"],"picked":"FrozenCore"}],"items_purged_floors":[27],"is_endless":false,"potions_floor_spawned":[4,6,11,12,14,20,29,33,36,38],"killed_by":"Nemesis","ascension_level":20}