{"gold_per_floor":[117,127,137,62,8,8,43,43,66,92,92,92,127,142,142,142],"floor_reached":16,"playtime":372,"items_purged":[],"score":236,"play_id":"e408017a-888e-4f6c-b24d-08743e908909","local_time":"20190620212254","is_ascension_mode":true,"campfire_choices":[{"data":"Coolheaded","floor":6.0,"key":"SMITH"},{"data":"Zap","floor":8,"key":"SMITH"},{"data":"Capacitor","floor":11,"key":"SMITH"},{"data":"Self Repair","floor":15,"key":"SMITH"}],"neow_cost":"NONE","seed_source_timestamp":3651835629531,"circlet_count":0,"master_deck":["AscendersBane","Strike_B+1","Strike_B+1","Defend_B","Defend_B","Defend_B","Defend_B","Zap+1","Dualcast","Coolheaded+1","Self Repair+1","Electrodynamics","Cold Snap","Capacitor+1","Tempest","Compile Driver"],"special_seed":0,"relics":["Cracked Core","NeowsBlessing","Whetstone","Anchor","Mummified Hand","Juzu Bracelet"],"potions_floor_usage":[13,13,16,16],"damage_taken":[{"damage":0.0,"enemies":"Cultist","floor":1.0,"turns":1.0},{"damage":0.0,"enemies":"2 Louse","floor":2.0,"turns":1.0},{"damage":0.0,"enemies":"Jaw Worm","floor":3.0,"turns":1.0},{"damage":15.0,"enemies":"3 Sentries","floor":7.0,"turns":4.0},{"damage":16,"enemies":"Lagavulin","floor":10,"turns":7},{"damage":31,"enemies":"Gremlin Nob","floor":13,"turns":4},{"damage":0,"enemies":"Exordium Wildlife","floor":14,"turns":2},{"damage":16,"enemies":"Hexaghost","floor":16,"turns":9}],"seed_played":"-7583672845964202608","potions_obtained":[{"floor":7,"key":"Fire Potion"},{"floor":13,"key":"GamblersBrew"},{"floor":14,"key":"Explosive Potion"}],"is_trial":false,"path_per_floor":["M","M","M","?","$","R","E","R","T","E","R","?","E","M","R","B"],"character_chosen":"DEFECT","items_purchased":["SteroidPotion"],"campfire_rested":0,"item_purchase_floors":[5],"current_hp_per_floor":[64,64,64,64,64,64,49,49,49,40,40,40,16,16,16,0],"gold":142,"neow_bonus":"THREE_ENEMY_KILL","is_prod":false,"is_daily":false,"chose_seed":false,"campfire_upgraded":4,"win_rate":0,"timestamp":1561058574,"path_taken":["M","?","M","?","$","R","E","R","T","E","R","?","E","M","R","BOSS"],"build_version":"2019-06-19","purchased_purges":0,"victory":false,"max_hp_per_floor":[71,71,71,71,71,71,71,71,71,71,71,71,71,71,71,71],"card_choices":[{"not_picked":["Turbo","Go for the Eyes"],"picked":"Coolheaded","floor":1.0},{"not_picked":["Barrage","Reinforced Body"],"picked":"Self Repair","floor":2.0},{"not_picked":["Steam","Ball Lightning"],"picked":"Electrodynamics","floor":3.0},{"not_picked":["Static Discharge","Tempest"],"picked":"Cold Snap","floor":7},{"not_picked":["Beam Cell","Ball Lightning"],"picked":"Capacitor","floor":10},{"not_picked":["Heatsinks","FTL"],"picked":"Tempest","floor":13},{"not_picked":["Leap","Barrage"],"picked":"Compile Driver","floor":14}],"player_experience":1746501,"relics_obtained":[{"floor":7,"key":"Whetstone"},{"floor":9,"key":"Anchor"},{"floor":10,"key":"Mummified Hand"},{"floor":13,"key":"Juzu Bracelet"}],"event_choices":[{"cards_removed":["Strike_B"],"damage_healed":0.0,"max_hp_gain":0.0,"max_hp_loss":0.0,"gold_gain":0.0,"event_name":"The Cleric","player_choice":"Card Removal","floor":4.0,"gold_loss":75.0,"damage_taken":0.0},{"cards_removed":["Strike_B"],"damage_healed":0,"gold_gain":0,"player_choice":"Forget","damage_taken":0,"max_hp_gain":0,"max_hp_loss":0,"event_name":"Living Wall","floor":12,"gold_loss":0}],"is_beta":true,"boss_relics":[],"items_purged_floors":[],"is_endless":false,"potions_floor_spawned":[7,10,13,14],"killed_by":"Hexaghost","ascension_level":20}