{"gold_per_floor":[110,120,131,131,150,150,180,180,205,223,240,273,291,305,305,407,407,419,436,55,55,66,96,107,133,187,187],"floor_reached":27,"playtime":3324,"items_purged":[],"score":269,"play_id":"22da4389-044a-4c9c-9e4c-909bedecc793","local_time":"20190627190726","is_ascension_mode":false,"campfire_choices":[{"data":"Self Repair","floor":6.0,"key":"SMITH"},{"data":"Forethought","floor":8.0,"key":"SMITH"},{"data":"Zap","floor":15.0,"key":"SMITH"}],"neow_cost":"NONE","seed_source_timestamp":0,"circlet_count":0,"master_deck":["Strike_B","Strike_B","Strike_B","Strike_B","Defend_B","Defend_B","Defend_B","Defend_B","Zap+1","Dualcast","Self Repair+1","Cold Snap","Beam Cell","Forethought+1","Melter","Double Energy","Hologram","Biased Cognition","Beam Cell","Go for the Eyes","Genetic Algorithm","BootSequence","Reboot","Lockon","Capacitor+1","Transmutation","Genetic Algorithm","Self Repair","Compile Driver","Hello World","Multi-Cast","Hologram","Go for the Eyes"],"special_seed":0,"relics":["Cracked Core","Pen Nib","Vajra","Strawberry","Philosopher\u0027s Stone","Bag of Marbles","Shovel","Happy Flower"],"potions_floor_usage":[25,25,25],"damage_taken":[{"damage":1.0,"enemies":"Cultist","floor":1.0,"turns":3.0},{"damage":10.0,"enemies":"Jaw Worm","floor":2.0,"turns":4.0},{"damage":6.0,"enemies":"2 Louse","floor":3.0,"turns":2.0},{"damage":9.0,"enemies":"Blue Slaver","floor":5.0,"turns":4.0},{"damage":30.0,"enemies":"Gremlin Nob","floor":7.0,"turns":5.0},{"damage":17.0,"enemies":"3 Louse","floor":10.0,"turns":4.0},{"damage":2.0,"enemies":"Looter","floor":11.0,"turns":3.0},{"damage":26.0,"enemies":"3 Sentries","floor":12.0,"turns":6.0},{"damage":2.0,"enemies":"2 Fungi Beasts","floor":13.0,"turns":3.0},{"damage":12.0,"enemies":"Blue Slaver","floor":14.0,"turns":3.0},{"damage":48.0,"enemies":"Slime Boss","floor":16.0,"turns":12.0},{"damage":0.0,"enemies":"Chosen","floor":18.0,"turns":4.0},{"damage":0.0,"enemies":"Spheric Guardian","floor":19.0,"turns":2.0},{"damage":20.0,"enemies":"Shelled Parasite and Fungi","floor":22.0,"turns":6.0},{"damage":73.0,"enemies":"Slavers","floor":23.0,"turns":6.0},{"damage":14,"enemies":"Snecko","floor":24,"turns":5},{"damage":29,"enemies":"Book of Stabbing","floor":25,"turns":6},{"damage":28,"enemies":"3 Cultists","floor":27,"turns":4}],"seed_played":"6385527482394831613","potions_obtained":[{"floor":1.0,"key":"SpeedPotion"},{"floor":3.0,"key":"Explosive Potion"},{"floor":16.0,"key":"Strength Potion"},{"floor":18.0,"key":"Dexterity Potion"},{"floor":22.0,"key":"Energy Potion"},{"floor":23.0,"key":"Swift Potion"}],"is_trial":false,"path_per_floor":["M","M","M","?","M","R","E","R","T","M","M","E","M","M","R","B",null,"M","M","$","?","M","E","M","E","T","M"],"character_chosen":"DEFECT","items_purchased":["Transmutation","Genetic Algorithm","Self Repair","Compile Driver"],"campfire_rested":0,"item_purchase_floors":[20,20,20,20],"current_hp_per_floor":[81,78,79,79,77,77,57,57,57,50,58,49,57,55,55,17,89,89,89,89,89,86,30,33,21,21,0],"gold":187,"neow_bonus":"TEN_PERCENT_HP_BONUS","is_prod":false,"is_daily":false,"chose_seed":false,"campfire_upgraded":3,"win_rate":0.0,"timestamp":1561630046,"path_taken":["M","?","M","?","M","R","E","R","T","M","M","E","?","M","R","BOSS","M","M","$","?","M","E","M","E","T","M"],"build_version":"2019-01-23","purchased_purges":0,"victory":false,"max_hp_per_floor":[82,82,82,82,82,82,82,82,82,82,82,89,89,89,89,89,89,89,89,89,89,89,89,89,89,89,89],"card_choices":[{"not_picked":["Redo","FTL"],"picked":"Self Repair","floor":1.0},{"not_picked":["Go for the Eyes","Coolheaded"],"picked":"Cold Snap","floor":2.0},{"not_picked":["Hello World","Heatsinks"],"picked":"Beam Cell","floor":3.0},{"not_picked":["Stack","Tempest"],"picked":"Double Energy","floor":5.0},{"not_picked":["Scrape","Coolheaded"],"picked":"Hologram","floor":7.0},{"not_picked":["Streamline","Redo"],"picked":"Biased Cognition","floor":10.0},{"not_picked":["Hologram","Aggregate"],"picked":"Beam Cell","floor":11.0},{"not_picked":["Chaos","Melter"],"picked":"Go for the Eyes","floor":12.0},{"not_picked":["Redo","Gash"],"picked":"Genetic Algorithm","floor":13.0},{"not_picked":["Go for the Eyes","Barrage"],"picked":"BootSequence","floor":14.0},{"not_picked":["Rainbow","Multi-Cast"],"picked":"Reboot","floor":16.0},{"not_picked":["BootSequence","Cold Snap"],"picked":"Lockon","floor":18.0},{"not_picked":["Auto Shields","Reinforced Body"],"picked":"Capacitor+1","floor":19.0},{"not_picked":["Tempest","Reinforced Body"],"picked":"Hello World","floor":22.0},{"not_picked":["Storm","Redo"],"picked":"Multi-Cast","floor":23.0},{"not_picked":["Streamline","Static Discharge+1"],"picked":"Hologram","floor":24},{"not_picked":["Gash","Sweeping Beam"],"picked":"Go for the Eyes","floor":25}],"player_experience":8636,"relics_obtained":[{"floor":7.0,"key":"Pen Nib"},{"floor":9.0,"key":"Vajra"},{"floor":12.0,"key":"Strawberry"},{"floor":23.0,"key":"Bag of Marbles"},{"floor":25,"key":"Shovel"},{"floor":26,"key":"Happy Flower"}],"event_choices":[{"damage_healed":0.0,"max_hp_gain":0.0,"max_hp_loss":0.0,"gold_gain":0.0,"event_name":"Match and Keep!","player_choice":"2 cards matched","floor":4.0,"gold_loss":0.0,"damage_taken":0.0,"cards_obtained":["Forethought","Melter"]}],"is_beta":false,"boss_relics":[{"not_picked":["Eternal Feather","Calling Bell"],"picked":"Philosopher\u0027s Stone"}],"items_purged_floors":[],"is_endless":false,"potions_floor_spawned":[1,3,16,18,22,23],"killed_by":"3 Cultists","ascension_level":0}