{"gold_per_floor":[117,117,129,70,145,175,175,175,175,195,195,214,214,248,248,323,323,335,335,260,45,45,45,3,29,29,29,39,51,51,81,81,157,157,171,186,29,29],"floor_reached":38,"playtime":1199,"items_purged":["Capacitor","Loop"],"score":886,"play_id":"158a11f5-9f04-4cf1-a53b-4c41ef3ea521","local_time":"20190623165436","is_ascension_mode":true,"campfire_choices":[{"data":"Dualcast","floor":8.0,"key":"SMITH"},{"data":"Sweeping Beam","floor":13.0,"key":"SMITH"},{"data":"Conserve Battery","floor":15.0,"key":"SMITH"},{"data":"Defragment","floor":23.0,"key":"SMITH"},{"data":"Creative AI","floor":27.0,"key":"SMITH"},{"data":"Ghostly","floor":32,"key":"SMITH"}],"neow_cost":"NONE","seed_source_timestamp":11375143649776,"circlet_count":0,"master_deck":["AscendersBane","Zap+1","Dualcast+1","Conserve Battery+1","Ball Lightning","Conserve Battery","All For One","Sweeping Beam+1","Storm","Gash","All For One","Capacitor","Creative AI+1","Electrodynamics","Leap","Ghostly","Ghostly","Ghostly+1","Defragment+1","Reinforced Body","Coolheaded","Coolheaded","Self Repair"],"special_seed":0,"relics":["Cracked Core","NeowsBlessing","Bird Faced Urn","Boot","Pantograph","Ornamental Fan","Pandora\u0027s Box","Bag of Preparation","Mercury Hourglass","Singing Bowl","Inserter"],"potions_floor_usage":[31,33,38],"damage_taken":[{"damage":0.0,"enemies":"Small Slimes","floor":1.0,"turns":1.0},{"damage":0.0,"enemies":"Jaw Worm","floor":3.0,"turns":1.0},{"damage":0.0,"enemies":"Gremlin Nob","floor":6.0,"turns":1.0},{"damage":0.0,"enemies":"Cultist","floor":10.0,"turns":2.0},{"damage":15.0,"enemies":"Exordium Wildlife","floor":12.0,"turns":4.0},{"damage":23.0,"enemies":"Lagavulin","floor":14.0,"turns":6.0},{"damage":29.0,"enemies":"The Guardian","floor":16.0,"turns":12.0},{"damage":11.0,"enemies":"Spheric Guardian","floor":18.0,"turns":3.0},{"damage":23.0,"enemies":"Slavers","floor":25.0,"turns":5.0},{"damage":2.0,"enemies":"2 Thieves","floor":28.0,"turns":3.0},{"damage":1.0,"enemies":"Centurion and Healer","floor":29.0,"turns":5.0},{"damage":25,"enemies":"Book of Stabbing","floor":31,"turns":5},{"damage":50,"enemies":"Collector","floor":33,"turns":8},{"damage":36,"enemies":"Orb Walker","floor":35,"turns":5},{"damage":3,"enemies":"3 Darklings","floor":36,"turns":4},{"damage":44,"enemies":"Transient","floor":38,"turns":6}],"seed_played":"2810533968012614991","potions_obtained":[{"floor":1.0,"key":"Strength Potion"},{"floor":3.0,"key":"Regen Potion"},{"floor":28.0,"key":"Block Potion"},{"floor":29.0,"key":"Regen Potion"},{"floor":33,"key":"Ancient Potion"}],"is_trial":false,"path_per_floor":["M","?","M","$","?","E","?","R","T","M","?","M","R","E","R","B",null,"M","?","?","$","?","R","$","E","T","R","M","M","?","E","R","B",null,"M","M","$","M"],"character_chosen":"DEFECT","items_purchased":["Conserve Battery","Defragment","Fire Potion","Reinforced Body","Block Potion"],"campfire_rested":0,"item_purchase_floors":[4,21,21,24,37],"current_hp_per_floor":[64,59,59,59,48,48,48,48,48,48,48,33,33,27,27,25,60,55,35,35,35,35,35,35,16,16,16,20,33,33,18,18,27,36,10,26,26,0],"gold":29,"neow_bonus":"THREE_ENEMY_KILL","is_prod":false,"is_daily":false,"chose_seed":false,"campfire_upgraded":6,"win_rate":0,"timestamp":1561301676,"path_taken":["M","?","M","$","?","E","?","R","T","?","?","M","R","E","R","BOSS","M","?","?","$","?","R","?","E","T","R","M","M","?","E","R","BOSS","M","M","$","M"],"build_version":"2019-06-21","purchased_purges":2,"victory":false,"max_hp_per_floor":[71,71,71,71,71,71,71,71,71,71,71,71,71,71,71,71,71,71,35,35,35,35,35,35,35,35,35,35,35,35,37,37,39,39,39,41,41,41],"card_choices":[{"not_picked":["Steam Power","Hologram"],"picked":"Conserve Battery","floor":1.0},{"not_picked":["Streamline","White Noise"],"picked":"Ball Lightning","floor":3.0},{"not_picked":["Stack","Rebound"],"picked":"All For One","floor":6.0},{"not_picked":["White Noise","Cold Snap"],"picked":"Sweeping Beam","floor":10.0},{"not_picked":["Double Energy","Darkness"],"picked":"Storm","floor":12.0},{"not_picked":["FTL","Machine Learning"],"picked":"Gash","floor":14.0},{"not_picked":["Core Surge","Hyperbeam"],"picked":"All For One","floor":16.0},{"not_picked":["Scrape","Lockon","Stack"],"picked":"SKIP","floor":18.0},{"not_picked":["Redo","Creative AI","Streamline"],"picked":"SKIP","floor":25.0},{"not_picked":["Defragment","Go for the Eyes"],"picked":"Coolheaded","floor":28.0},{"not_picked":["Darkness","Gash"],"picked":"Coolheaded","floor":29.0},{"not_picked":["Leap","Reinforced Body","Auto Shields"],"picked":"Singing Bowl","floor":31},{"not_picked":["Thunder Strike","Multi-Cast","Amplify"],"picked":"Singing Bowl","floor":33},{"not_picked":["Leap+1","Lockon"],"picked":"Self Repair","floor":35},{"not_picked":["Go for the Eyes","Gash","Turbo+1"],"picked":"Singing Bowl","floor":36}],"player_experience":1765072,"relics_obtained":[{"floor":6.0,"key":"Boot"},{"floor":9.0,"key":"Pantograph"},{"floor":14.0,"key":"Ornamental Fan"},{"floor":25.0,"key":"Bag of Preparation"},{"floor":26.0,"key":"Mercury Hourglass"},{"floor":31,"key":"Singing Bowl"}],"event_choices":[{"damage_healed":0.0,"max_hp_gain":0.0,"max_hp_loss":0.0,"gold_gain":0.0,"event_name":"Scrap Ooze","player_choice":"Success","floor":2.0,"gold_loss":0.0,"damage_taken":5.0,"relics_obtained":["Bird Faced Urn"]},{"damage_healed":0.0,"max_hp_gain":0.0,"max_hp_loss":0.0,"gold_gain":75.0,"event_name":"World of Goop","player_choice":"Gather Gold","floor":5.0,"gold_loss":0.0,"damage_taken":11.0},{"damage_healed":0.0,"max_hp_gain":0.0,"max_hp_loss":0.0,"gold_gain":0.0,"event_name":"Upgrade Shrine","player_choice":"Upgraded","floor":7.0,"gold_loss":0.0,"damage_taken":0.0,"cards_upgraded":["Zap"]},{"damage_healed":0.0,"max_hp_gain":0.0,"max_hp_loss":0.0,"gold_gain":0.0,"event_name":"Liars Game","player_choice":"Ignored","floor":11.0,"gold_loss":0.0,"damage_taken":0.0},{"damage_healed":0.0,"max_hp_gain":0.0,"max_hp_loss":36.0,"gold_gain":0.0,"event_name":"Ghosts","player_choice":"Became a Ghost","floor":19.0,"gold_loss":0.0,"damage_taken":0.0,"cards_obtained":["Ghostly","Ghostly","Ghostly"]},{"cards_removed":["Rebound"],"damage_healed":0.0,"max_hp_gain":0.0,"max_hp_loss":0.0,"gold_gain":0.0,"event_name":"Beggar","player_choice":"Gave Gold","floor":20.0,"gold_loss":75.0,"damage_taken":0.0},{"cards_removed":["Reboot"],"damage_healed":0.0,"max_hp_gain":0.0,"max_hp_loss":0.0,"gold_gain":0.0,"event_name":"Back to Basics","player_choice":"Elegance","floor":30.0,"gold_loss":0.0,"damage_taken":0.0}],"is_beta":true,"boss_relics":[{"not_picked":["Calling Bell","Ectoplasm"],"picked":"Pandora\u0027s Box"},{"not_picked":["Philosopher\u0027s Stone","Lizard Tail"],"picked":"Inserter"}],"items_purged_floors":[21,37],"is_endless":false,"potions_floor_spawned":[1,3,12,28,29,33],"killed_by":"Transient","ascension_level":20}