{"gold_per_floor":[117,12,26,26,26,26,65,65,65,109,139,139,152,177,177,268,268,282,282,282,306,96,96,132,132,132,132],"floor_reached":27,"playtime":700,"items_purged":["Decay"],"score":485,"play_id":"ee11aef0-34fc-43df-9927-d5706aa2d00f","local_time":"20190805115716","is_ascension_mode":true,"campfire_choices":[{"data":"Zap","floor":6,"key":"SMITH"},{"data":"Dualcast","floor":8,"key":"SMITH"},{"floor":12,"key":"REST"},{"data":"Capacitor","floor":15,"key":"SMITH"},{"floor":23,"key":"REST"}],"neow_cost":"NONE","seed_source_timestamp":13962103326286,"circlet_count":0,"master_deck":["AscendersBane","Strike_B","Strike_B","Strike_B","Strike_B","Defend_B","Defend_B","Defend_B","Zap+1","Dualcast+1","Capacitor+1","Gash","Ball Lightning","Barrage","Cold Snap","Biased Cognition","Cold Snap","Defragment","Coolheaded","Reprogram","Glacier","Clumsy"],"relics":["Cracked Core","NeowsBlessing","Golden Idol","Regal Pillow","Ornamental Fan","Dodecahedron","Ancient Tea Set","Cursed Key","Bronze Scales","StoneCalendar"],"potions_floor_usage":[16,16],"damage_taken":[{"damage":0,"enemies":"Cultist","floor":1,"turns":1},{"damage":0,"enemies":"2 Louse","floor":3,"turns":1},{"damage":0,"enemies":"Gremlin Nob","floor":7,"turns":1},{"damage":30,"enemies":"3 Sentries","floor":10,"turns":7},{"damage":4,"enemies":"Small Slimes","floor":13,"turns":3},{"damage":8,"enemies":"Looter","floor":14,"turns":3},{"damage":35,"enemies":"Slime Boss","floor":16,"turns":10},{"damage":4,"enemies":"Spheric Guardian","floor":18,"turns":4},{"damage":16,"enemies":"3 Byrds","floor":21,"turns":4},{"damage":53,"enemies":"Gremlin Leader","floor":24,"turns":9},{"damage":10,"enemies":"Snecko","floor":27,"turns":3}],"seed_played":"1154082927465605677","potions_obtained":[{"floor":1,"key":"Energy Potion"},{"floor":14,"key":"SpeedPotion"},{"floor":16,"key":"Swift Potion"},{"floor":21,"key":"SpeedPotion"}],"is_trial":false,"path_per_floor":["M","$","M","?","?","R","E","R","T","E","?","R","M","M","R","B",null,"M","?","?","M","$","R","E","?","T","M"],"character_chosen":"DEFECT","items_purchased":["Capacitor","Gash","Coolheaded","Reprogram"],"campfire_rested":2,"item_purchase_floors":[2,2,22,22],"current_hp_per_floor":[64,64,64,64,46,46,46,46,46,16,16,50,46,38,38,3,49,45,45,45,29,29,63,10,10,10,0],"gold":132,"neow_bonus":"THREE_ENEMY_KILL","is_prod":false,"is_daily":false,"chose_seed":false,"campfire_upgraded":3,"win_rate":0,"timestamp":1564973836,"path_taken":["M","$","?","?","?","R","E","R","T","E","?","R","M","M","R","BOSS","M","?","?","?","$","R","E","?","T","M"],"build_version":"2019-07-17","purchased_purges":1,"victory":false,"max_hp_per_floor":[71,71,71,64,64,64,64,64,64,64,64,64,64,64,64,64,64,64,64,64,64,64,64,64,64,64,64],"card_choices":[{"not_picked":["Static Discharge","Steam","Streamline"],"picked":"SKIP","floor":1},{"not_picked":["Ball Lightning","Auto Shields","Sweeping Beam"],"picked":"SKIP","floor":3},{"not_picked":["Redo","Beam Cell","Rainbow"],"picked":"SKIP","floor":7},{"not_picked":["Steam","Undo"],"picked":"Ball Lightning","floor":10},{"not_picked":["Turbo","Go for the Eyes"],"picked":"Barrage","floor":13},{"not_picked":["Aggregate","Consume"],"picked":"Cold Snap","floor":14},{"not_picked":["Machine Learning","Core Surge"],"picked":"Biased Cognition","floor":16},{"not_picked":["Rebound","Redo+1"],"picked":"Cold Snap","floor":18},{"not_picked":["Heatsinks","Go for the Eyes","Skim"],"picked":"SKIP","floor":21},{"not_picked":["Machine Learning","Turbo"],"picked":"Glacier","floor":24}],"player_experience":241942,"relics_obtained":[{"floor":7,"key":"Ornamental Fan"},{"floor":9,"key":"Dodecahedron"},{"floor":10,"key":"Ancient Tea Set"},{"floor":24,"key":"Bronze Scales"},{"floor":26,"key":"StoneCalendar"}],"event_choices":[{"damage_healed":0,"gold_gain":0,"player_choice":"Lose Max HP","damage_taken":0,"relics_obtained":["Golden Idol"],"max_hp_gain":0,"max_hp_loss":7,"event_name":"Golden Idol","floor":4,"gold_loss":0},{"damage_healed":0,"gold_gain":0,"player_choice":"Success","damage_taken":18,"relics_obtained":["Regal Pillow"],"max_hp_gain":0,"max_hp_loss":0,"event_name":"Scrap Ooze","floor":5,"gold_loss":0},{"damage_healed":0,"gold_gain":30,"player_choice":"Searched \u00271\u0027 times","damage_taken":0,"max_hp_gain":0,"max_hp_loss":0,"event_name":"Dead Adventurer","floor":11,"gold_loss":0},{"damage_healed":0,"gold_gain":0,"player_choice":"Read","damage_taken":0,"max_hp_gain":0,"max_hp_loss":0,"event_name":"The Library","floor":19,"gold_loss":0,"cards_obtained":["Defragment"]},{"damage_healed":0,"gold_gain":0,"player_choice":"Cursed","damage_taken":0,"max_hp_gain":0,"max_hp_loss":0,"event_name":"Wheel of Change","floor":20,"gold_loss":0,"cards_obtained":["Decay"]},{"cards_removed":["Defend_B"],"damage_healed":0,"gold_gain":0,"player_choice":"Purged","damage_taken":0,"max_hp_gain":0,"max_hp_loss":0,"event_name":"Purifier","floor":25,"gold_loss":0}],"is_beta":false,"boss_relics":[{"not_picked":["Runic Dome","Snecko Eye"],"picked":"Cursed Key"}],"items_purged_floors":[22],"is_endless":false,"potions_floor_spawned":[1,14,16,21],"killed_by":"Snecko","ascension_level":17}