{"gold_per_floor":[118,43,43,43,118,118,152,162,162,162,179,179,214,234,234,307,307,307,257,257,237,237,237,237,237,237,237,7,7,7,7,7,7,7,7,7,7,7,7,7,7,7,7,7,7,7,7,7,7,7],"floor_reached":51,"playtime":1661,"items_purged":["Strike_B","Strike_B"],"score":1314,"play_id":"4c3a1f49-22fe-422f-a298-70bd71ec8e80","local_time":"20190719194057","is_ascension_mode":true,"campfire_choices":[{"data":"Zap","floor":6,"key":"SMITH"},{"floor":10,"key":"REST"},{"data":"Darkness","floor":12,"key":"SMITH"},{"data":"Defragment","floor":15,"key":"SMITH"},{"data":"Defragment","floor":23,"key":"SMITH"},{"floor":30,"key":"REST"},{"data":"Apotheosis","floor":32,"key":"SMITH"},{"data":"Strike_B","floor":41,"key":"PURGE"},{"floor":44,"key":"DIG"},{"floor":46,"key":"DIG"},{"floor":49,"key":"REST"}],"neow_cost":"NONE","seed_source_timestamp":102688858876692,"circlet_count":0,"master_deck":["AscendersBane","Defend_B","Defend_B","Defend_B","Zap+1","Dualcast","Conserve Battery","Darkness+1","Glacier","Ball Lightning","Sweeping Beam","Genetic Algorithm","Defragment+1","Core Surge","Capacitor","Hologram","Ghostly","Ghostly","Ghostly","Defragment+1","Sweeping Beam+1","Apotheosis+1","Compile Driver+1","Seek","Multi-Cast","Glacier+1","Coolheaded","Fusion","Compile Driver","Compile Driver","Hologram+1"],"relics":["Cracked Core","Strawberry","Smiling Mask","Prayer Wheel","DataDisk","Ectoplasm","Peace Pipe","Red Mask","Ancient Tea Set","Gambling Chip","Black Star","Frozen Egg 2","PreservedInsect","Shovel","Question Card","StoneCalendar","Omamori","Bottled Lightning"],"potions_floor_usage":[16,16,16,24,40,50,50],"damage_taken":[{"damage":0,"enemies":"Small Slimes","floor":1,"turns":3},{"damage":31,"enemies":"3 Sentries","floor":7,"turns":8},{"damage":0,"enemies":"2 Louse","floor":8,"turns":2},{"damage":0,"enemies":"Cultist","floor":11,"turns":4},{"damage":20,"enemies":"Lagavulin","floor":13,"turns":8},{"damage":6,"enemies":"Looter","floor":14,"turns":3},{"damage":20,"enemies":"Slime Boss","floor":16,"turns":5},{"damage":4,"enemies":"Spheric Guardian","floor":18,"turns":4},{"damage":2,"enemies":"Chosen","floor":22,"turns":5},{"damage":0,"enemies":"Book of Stabbing","floor":24,"turns":6},{"damage":7,"enemies":"Masked Bandits","floor":25,"turns":6},{"damage":15,"enemies":"Gremlin Leader","floor":29,"turns":9},{"damage":0,"enemies":"Snake Plant","floor":31,"turns":4},{"damage":14,"enemies":"Automaton","floor":33,"turns":10},{"damage":2,"enemies":"3 Shapes","floor":35,"turns":7},{"damage":0,"enemies":"Orb Walker","floor":39,"turns":4},{"damage":4,"enemies":"Nemesis","floor":40,"turns":9},{"damage":0,"enemies":"Sphere and 2 Shapes","floor":42,"turns":6},{"damage":0,"enemies":"Maw","floor":45,"turns":10},{"damage":2,"enemies":"Reptomancer","floor":47,"turns":4},{"damage":27,"enemies":"Donu and Deca","floor":50,"turns":11}],"seed_played":"4712726284082650157","potions_obtained":[{"floor":1,"key":"SteroidPotion"},{"floor":13,"key":"EntropicBrew"},{"floor":21,"key":"GamblersBrew"},{"floor":24,"key":"Strength Potion"},{"floor":33,"key":"SpeedPotion"},{"floor":45,"key":"Swift Potion"}],"is_trial":false,"path_per_floor":["M","?","?","$","?","R","E","M","T","R","M","R","E","M","R","B",null,"M","$","?","?","M","R","E","?","T","?","$","E","R","M","R","B",null,"M","$","?","?","M","E","R","M","T","R","M","R","E","$","R","B",null],"character_chosen":"DEFECT","items_purchased":["Apotheosis"],"campfire_rested":3,"item_purchase_floors":[28],"current_hp_per_floor":[71,71,67,67,56,56,25,25,25,50,50,50,30,24,24,4,65,61,61,42,42,40,40,40,33,33,33,33,18,30,30,30,16,36,34,34,34,34,34,30,30,30,30,30,30,30,28,28,40,13],"gold":7,"neow_bonus":"TEN_PERCENT_HP_BONUS","is_prod":false,"is_daily":false,"chose_seed":false,"campfire_upgraded":5,"win_rate":0,"timestamp":1563558057,"path_taken":["M","?","?","$","?","R","E","M","T","R","M","R","E","M","R","BOSS","M","$","?","?","?","R","E","?","T","?","$","E","R","M","R","BOSS","M","$","?","?","M","E","R","M","T","R","?","R","E","?","R","BOSS"],"build_version":"2019-07-18","purchased_purges":2,"victory":true,"max_hp_per_floor":[78,78,85,85,85,85,85,85,85,85,85,85,85,85,85,85,85,85,85,42,42,42,42,42,42,42,42,42,42,42,42,42,42,42,42,42,42,42,42,42,42,42,42,42,42,42,42,42,42,42],"card_choices":[{"not_picked":["Capacitor","Go for the Eyes"],"picked":"Conserve Battery","floor":1},{"not_picked":["Gash","Aggregate"],"picked":"Darkness","floor":7},{"not_picked":["Fusion","Doom and Gloom"],"picked":"Glacier","floor":8},{"not_picked":["Redo","Conserve Battery"],"picked":"Ball Lightning","floor":11},{"not_picked":["Double Energy","Cold Snap"],"picked":"Sweeping Beam","floor":11},{"not_picked":["Sunder","Recycle"],"picked":"Genetic Algorithm","floor":13},{"not_picked":["Force Field","Leap"],"picked":"Defragment","floor":14},{"not_picked":["Hologram","Rebound","Heatsinks"],"picked":"SKIP","floor":14},{"not_picked":["Seek","Machine Learning"],"picked":"Core Surge","floor":16},{"not_picked":["Skim","Stack"],"picked":"Capacitor","floor":18},{"not_picked":["Streamline","Hello World"],"picked":"Hologram","floor":18},{"not_picked":["Skim","Redo"],"picked":"Defragment","floor":22},{"not_picked":["Ball Lightning","Scrape+1","White Noise+1"],"picked":"SKIP","floor":22},{"not_picked":["Amplify","Rebound"],"picked":"Sweeping Beam+1","floor":24},{"not_picked":["Gash","Lockon"],"picked":"Compile Driver+1","floor":29},{"not_picked":["Streamline","Ball Lightning"],"picked":"Seek","floor":31},{"not_picked":["Cold Snap+1","FTL","Melter"],"picked":"SKIP","floor":31},{"not_picked":["Meteor Strike","Machine Learning"],"picked":"Multi-Cast","floor":33},{"not_picked":["Cold Snap","Tempest+1"],"picked":"Glacier+1","floor":35},{"not_picked":["Turbo+1","Leap"],"picked":"Coolheaded","floor":35},{"not_picked":["Thunder Strike","Gash"],"picked":"Fusion","floor":39},{"not_picked":["Rebound","Defragment"],"picked":"Compile Driver","floor":39},{"not_picked":["Heatsinks","Gash","Rip and Tear"],"picked":"SKIP","floor":40},{"not_picked":["Lockon","Turbo","Glacier+1"],"picked":"SKIP","floor":42},{"not_picked":["Stack","Turbo+1","Barrage"],"picked":"SKIP","floor":42},{"not_picked":["Cold Snap","Beam Cell","Darkness+1"],"picked":"Compile Driver","floor":45},{"not_picked":["Lockon","Static Discharge+1","Storm+1"],"picked":"Hologram+1","floor":45},{"not_picked":["Auto Shields","Streamline","Go for the Eyes","Storm+1"],"picked":"SKIP","floor":47}],"player_experience":1901702,"relics_obtained":[{"floor":7,"key":"Smiling Mask"},{"floor":9,"key":"Prayer Wheel"},{"floor":13,"key":"DataDisk"},{"floor":24,"key":"Peace Pipe"},{"floor":25,"key":"Red Mask"},{"floor":26,"key":"Ancient Tea Set"},{"floor":29,"key":"Gambling Chip"},{"floor":40,"key":"Frozen Egg 2"},{"floor":40,"key":"PreservedInsect"},{"floor":43,"key":"Shovel"},{"floor":44,"key":"Question Card"},{"floor":46,"key":"StoneCalendar"},{"floor":47,"key":"Omamori"},{"floor":47,"key":"Bottled Lightning"}],"event_choices":[{"cards_removed":["Defend_B"],"damage_healed":0,"gold_gain":0,"player_choice":"Card Removal","damage_taken":0,"max_hp_gain":0,"max_hp_loss":0,"event_name":"The Cleric","floor":2,"gold_loss":75},{"damage_healed":0,"gold_gain":0,"player_choice":"Success","damage_taken":11,"relics_obtained":["Strawberry"],"max_hp_gain":0,"max_hp_loss":0,"event_name":"Scrap Ooze","floor":3,"gold_loss":0},{"damage_healed":0,"gold_gain":75,"player_choice":"Gather Gold","damage_taken":11,"max_hp_gain":0,"max_hp_loss":0,"event_name":"World of Goop","floor":5,"gold_loss":0},{"damage_healed":0,"gold_gain":0,"player_choice":"Became a Ghost","damage_taken":0,"max_hp_gain":0,"max_hp_loss":43,"event_name":"Ghosts","floor":20,"gold_loss":0,"cards_obtained":["Ghostly","Ghostly","Ghostly"]},{"damage_healed":0,"gold_gain":0,"player_choice":"Bought 1 Potion","damage_taken":0,"max_hp_gain":0,"max_hp_loss":0,"event_name":"The Woman in Blue","floor":21,"gold_loss":0},{"damage_healed":0,"gold_gain":0,"player_choice":"Fought Bandits","damage_taken":0,"max_hp_gain":0,"max_hp_loss":0,"event_name":"Masked Bandits","floor":25,"gold_loss":0},{"damage_healed":0,"gold_gain":0,"player_choice":"Ignored","damage_taken":0,"max_hp_gain":0,"max_hp_loss":0,"event_name":"Cursed Tome","floor":27,"gold_loss":0},{"damage_healed":0,"gold_gain":222,"player_choice":"Wore Mask","damage_taken":0,"max_hp_gain":0,"max_hp_loss":0,"event_name":"Tomb of Lord Red Mask","floor":37,"gold_loss":0},{"cards_removed":["Strike_B"],"damage_healed":0,"gold_gain":0,"player_choice":"Purged","damage_taken":0,"max_hp_gain":0,"max_hp_loss":0,"event_name":"Purifier","floor":38,"gold_loss":0}],"is_beta":true,"boss_relics":[{"not_picked":["Pandora\u0027s Box","White Beast Statue"],"picked":"Ectoplasm"},{"not_picked":["Calling Bell","Velvet Choker"],"picked":"Black Star"}],"items_purged_floors":[19,28],"is_endless":false,"potions_floor_spawned":[1,13,14,24,29,33,35,45],"ascension_level":15}