{"gold_per_floor":[212,229,229,229,249,249,275,275,275,307,321,331,331,359,359,430,430,446,147,62,85,104,131,131,156,156,156,174,174,204,220,220,291,291,310,310,48,48,68,68],"floor_reached":40,"playtime":1289,"items_purged":["Strike_B","Strike_B"],"score":1024,"play_id":"5f243a2e-4840-4b11-b4b1-408cf30f833d","local_time":"20190810032112","is_ascension_mode":true,"campfire_choices":[{"data":"Zap","floor":6.0,"key":"SMITH"},{"floor":8.0,"key":"REST"},{"floor":15.0,"key":"REST"},{"data":"Defragment","floor":27.0,"key":"SMITH"},{"floor":29.0,"key":"REST"},{"floor":32.0,"key":"REST"}],"neow_cost":"NONE","seed_source_timestamp":10963797969546,"circlet_count":0,"master_deck":["AscendersBane","Strike_B","Defend_B","Defend_B","Defend_B","Defend_B","Zap+1","Dualcast","Cold Snap","Barrage+1","Cold Snap","Ball Lightning","Ball Lightning","Doom and Gloom","Reinforced Body","Biased Cognition","Cold Snap+1","Conserve Battery","Defragment+1","Genetic Algorithm","Beam Cell+1","Auto Shields","Core Surge","Turbo+1","Sweeping Beam"],"special_seed":0,"relics":["Cracked Core","Unceasing Top","Incense Burner","Art of War","Letter Opener","Blood Vial","Runic Pyramid","Centennial Puzzle","Regal Pillow","Smiling Mask","Omamori","Ancient Tea Set","Ornamental Fan","Oddly Smooth Stone","Philosopher\u0027s Stone","OrangePellets"],"potions_floor_usage":[40,40],"damage_taken":[{"damage":7.0,"enemies":"2 Louse","floor":1.0,"turns":3.0},{"damage":7.0,"enemies":"Jaw Worm","floor":2.0,"turns":3.0},{"damage":0.0,"enemies":"Small Slimes","floor":5.0,"turns":2.0},{"damage":34.0,"enemies":"Lagavulin","floor":7.0,"turns":9.0},{"damage":8.0,"enemies":"Gremlin Nob","floor":10.0,"turns":3.0},{"damage":7.0,"enemies":"3 Louse","floor":11.0,"turns":2.0},{"damage":3.0,"enemies":"Exordium Thugs","floor":12.0,"turns":3.0},{"damage":13.0,"enemies":"Lagavulin","floor":14.0,"turns":5.0},{"damage":0.0,"enemies":"Slime Boss","floor":16.0,"turns":6.0},{"damage":4.0,"enemies":"Spheric Guardian","floor":18.0,"turns":3.0},{"damage":1.0,"enemies":"Chosen","floor":22.0,"turns":4.0},{"damage":50.0,"enemies":"Book of Stabbing","floor":23.0,"turns":6.0},{"damage":46.0,"enemies":"Slavers","floor":25.0,"turns":5.0},{"damage":16.0,"enemies":"Sentry and Sphere","floor":28.0,"turns":4.0},{"damage":25.0,"enemies":"Gremlin Leader","floor":30.0,"turns":7.0},{"damage":11.0,"enemies":"Snake Plant","floor":31.0,"turns":5.0},{"damage":61.0,"enemies":"Automaton","floor":33.0,"turns":11.0},{"damage":20.0,"enemies":"3 Shapes","floor":35.0,"turns":3.0},{"damage":17,"enemies":"3 Darklings","floor":39,"turns":5},{"damage":54,"enemies":"Reptomancer","floor":40,"turns":3}],"seed_played":"-9142038056161916611","potions_obtained":[{"floor":5.0,"key":"Fruit Juice"},{"floor":7.0,"key":"FearPotion"},{"floor":14.0,"key":"Swift Potion"},{"floor":16.0,"key":"Fire Potion"},{"floor":31.0,"key":"PowerPotion"},{"floor":33.0,"key":"Explosive Potion"},{"floor":35.0,"key":"Energy Potion"}],"is_trial":false,"path_per_floor":["M","M","?","?","M","R","E","R","T","E","M","M","?","E","R","B",null,"M","$","?","T","M","E","?","E","T","R","M","R","E","M","R","B",null,"M","?","$","?","M","E"],"character_chosen":"DEFECT","items_purchased":["Conserve Battery","Centennial Puzzle","OrangePellets"],"campfire_rested":4,"item_purchase_floors":[19,19,37],"current_hp_per_floor":[57,50,55,55,60,60,26,50,50,42,35,32,27,14,38,40,71,69,69,69,69,70,22,81,35,35,35,21,60,37,28,67,8,63,45,61,61,61,46,0],"gold":68,"neow_bonus":"HUNDRED_GOLD","is_prod":false,"is_daily":false,"chose_seed":false,"campfire_upgraded":2,"win_rate":0,"timestamp":1565400072,"path_taken":["M","M","?","?","M","R","E","R","T","E","M","M","?","E","R","BOSS","M","$","?","?","M","E","?","E","T","R","?","R","E","M","R","BOSS","M","?","$","?","?","E"],"build_version":"2019-07-18","purchased_purges":2,"victory":false,"max_hp_per_floor":[71,71,76,76,81,81,81,81,81,81,81,81,81,81,81,81,81,81,81,81,81,81,81,81,81,81,81,81,81,81,81,81,81,81,81,81,81,81,81,81],"card_choices":[{"not_picked":["Leap","Conserve Battery"],"picked":"Cold Snap","floor":1.0},{"not_picked":["Hologram","Double Energy"],"picked":"Barrage","floor":2.0},{"not_picked":["Go for the Eyes","Steam"],"picked":"Cold Snap","floor":5.0},{"not_picked":["Conserve Battery","Force Field"],"picked":"Ball Lightning","floor":7.0},{"not_picked":["Heatsinks","Steam"],"picked":"Ball Lightning","floor":10.0},{"not_picked":["Turbo","Machine Learning"],"picked":"Tempest","floor":11.0},{"not_picked":["Steam","Rebound"],"picked":"Doom and Gloom","floor":12.0},{"not_picked":["Steam","Turbo"],"picked":"Reinforced Body","floor":14.0},{"not_picked":["Rainbow","Amplify"],"picked":"Biased Cognition","floor":16.0},{"not_picked":["Heatsinks","Rebound"],"picked":"Cold Snap+1","floor":18.0},{"not_picked":["Skim","Steam Power"],"picked":"Defragment","floor":22.0},{"not_picked":["Sunder","Lockon"],"picked":"Genetic Algorithm","floor":23.0},{"not_picked":["Tempest","All For One"],"picked":"Beam Cell+1","floor":25.0},{"not_picked":["Aggregate","Hologram","Streamline"],"picked":"SKIP","floor":28.0},{"not_picked":["Coolheaded","Leap"],"picked":"Auto Shields","floor":30.0},{"not_picked":["Hologram","Barrage","Aggregate"],"picked":"SKIP","floor":31.0},{"not_picked":["Rainbow","Reboot"],"picked":"Core Surge","floor":33.0},{"not_picked":["Force Field","Recycle"],"picked":"Turbo+1","floor":35.0},{"not_picked":["Beam Cell","Steam+1"],"picked":"Sweeping Beam","floor":39}],"player_experience":1971272,"relics_obtained":[{"floor":7.0,"key":"Unceasing Top"},{"floor":9.0,"key":"Incense Burner"},{"floor":10.0,"key":"Art of War"},{"floor":14.0,"key":"Blood Vial"},{"floor":21.0,"key":"Smiling Mask"},{"floor":23.0,"key":"Omamori"},{"floor":25.0,"key":"Ancient Tea Set"},{"floor":26.0,"key":"Ornamental Fan"},{"floor":30.0,"key":"Oddly Smooth Stone"}],"event_choices":[{"damage_healed":0.0,"max_hp_gain":5.0,"max_hp_loss":0.0,"gold_gain":0.0,"event_name":"Big Fish","player_choice":"Donut","floor":3.0,"gold_loss":0.0,"damage_taken":0.0},{"damage_healed":0.0,"max_hp_gain":0.0,"max_hp_loss":0.0,"gold_gain":0.0,"event_name":"Living Wall","player_choice":"Grow","floor":4.0,"gold_loss":0.0,"damage_taken":0.0,"cards_upgraded":["Barrage"]},{"damage_healed":0.0,"max_hp_gain":0.0,"max_hp_loss":0.0,"gold_gain":0.0,"event_name":"Scrap Ooze","player_choice":"Success","floor":13.0,"gold_loss":0.0,"damage_taken":5.0,"relics_obtained":["Letter Opener"]},{"damage_healed":0.0,"max_hp_gain":0.0,"max_hp_loss":0.0,"gold_gain":0.0,"event_name":"Addict","player_choice":"Obtained Relic","floor":20.0,"gold_loss":85.0,"damage_taken":0.0,"relics_obtained":["Regal Pillow"]},{"cards_removed":["Tempest"],"damage_healed":59.0,"max_hp_gain":0.0,"max_hp_loss":0.0,"gold_gain":0.0,"event_name":"Bonfire Elementals","player_choice":"Offered Uncommon","floor":24.0,"gold_loss":0.0,"damage_taken":0.0},{"damage_healed":16.0,"max_hp_gain":0.0,"max_hp_loss":0.0,"gold_gain":0.0,"event_name":"Winding Halls","player_choice":"Writhe","floor":36.0,"gold_loss":0.0,"damage_taken":0.0,"cards_obtained":["Writhe"]},{"cards_removed":["Strike_B"],"damage_healed":0.0,"max_hp_gain":0.0,"max_hp_loss":0.0,"gold_gain":0.0,"event_name":"Wheel of Change","player_choice":"Card Removal","floor":38.0,"gold_loss":0.0,"damage_taken":0.0}],"is_beta":true,"boss_relics":[{"not_picked":["Lizard Tail","Snecko Eye"],"picked":"Runic Pyramid"},{"not_picked":["Runic Dome","Coffee Dripper"],"picked":"Philosopher\u0027s Stone"}],"items_purged_floors":[19,37],"is_endless":false,"potions_floor_spawned":[5,7,14,16,22,31,33,35],"killed_by":"Reptomancer","ascension_level":20}