{"gold_per_floor":[20,20,20,36,52,52,83,83,133,152,165,165,32,68,68,167,167,167],"floor_reached":18,"playtime":1292,"items_purged":[],"score":340,"play_id":"6a474e48-30f6-46eb-8d49-8399a23a4b74","local_time":"20190803140722","is_ascension_mode":true,"campfire_choices":[{"data":"Defragment","floor":6.0,"key":"SMITH"},{"floor":8.0,"key":"REST"},{"floor":15.0,"key":"DIG"}],"neow_cost":"NO_GOLD","seed_source_timestamp":0,"circlet_count":0,"master_deck":["AscendersBane","Strike_B","Strike_B","Defend_B","Defend_B","Defend_B","Defend_B","Zap+1","Dualcast","Rebound","Reboot","Defragment+1","Genetic Algorithm","Loop","Rebound","Gash","Genetic Algorithm","Capacitor","Self Repair","Melter","Auto Shields","All For One"],"special_seed":0,"relics":["Cracked Core","Golden Idol","Happy Flower","Bag of Marbles","Shovel","Question Card","Black Star"],"potions_floor_usage":[],"damage_taken":[{"damage":4.0,"enemies":"Jaw Worm","floor":1.0,"turns":4.0},{"damage":7.0,"enemies":"Small Slimes","floor":4.0,"turns":3.0},{"damage":0.0,"enemies":"Cultist","floor":5.0,"turns":4.0},{"damage":45.0,"enemies":"3 Sentries","floor":7.0,"turns":8.0},{"damage":13.0,"enemies":"Large Slime","floor":10.0,"turns":3.0},{"damage":0.0,"enemies":"2 Fungi Beasts","floor":11.0,"turns":2.0},{"damage":10.0,"enemies":"Lagavulin","floor":14.0,"turns":7.0},{"damage":18.0,"enemies":"Slime Boss","floor":16.0,"turns":8.0},{"damage":66,"enemies":"Chosen","floor":18,"turns":5}],"seed_played":"-3261674494650924383","potions_obtained":[{"floor":5.0,"key":"AttackPotion"},{"floor":7.0,"key":"LiquidBronze"},{"floor":10.0,"key":"Regen Potion"},{"floor":11.0,"key":"Swift Potion"},{"floor":14.0,"key":"Strength Potion"}],"is_trial":false,"path_per_floor":["M","?","?","M","M","R","E","R","T","M","M","?","$","E","R","B",null,"M"],"character_chosen":"DEFECT","items_purchased":["Self Repair","Melter"],"campfire_rested":1,"item_purchase_floors":[13,13],"current_hp_per_floor":[60,60,60,53,53,53,8,27,27,14,14,14,14,26,26,15,52,0],"gold":167,"neow_bonus":"TRANSFORM_TWO_CARDS","is_prod":false,"is_daily":false,"chose_seed":false,"campfire_upgraded":1,"win_rate":0,"timestamp":1564866442,"path_taken":["M","?","?","?","M","R","E","R","T","M","M","?","$","E","R","BOSS","M"],"build_version":"2019-07-17","purchased_purges":0,"victory":false,"max_hp_per_floor":[71,64,64,64,64,64,64,64,64,64,64,64,64,64,64,64,64,64],"card_choices":[{"not_picked":["Cold Snap","Streamline"],"picked":"Defragment","floor":1.0},{"not_picked":["Skim","Turbo"],"picked":"Loop","floor":4.0},{"not_picked":["Hologram","Scrape"],"picked":"Rebound","floor":5.0},{"not_picked":["Reboot","Turbo"],"picked":"Gash","floor":7.0},{"not_picked":["FTL","Streamline"],"picked":"Genetic Algorithm","floor":10.0},{"not_picked":["Double Energy","Hello World"],"picked":"Capacitor","floor":11.0},{"not_picked":["Hello World","Sweeping Beam"],"picked":"Auto Shields","floor":14.0},{"not_picked":["Core Surge","Meteor Strike","Biased Cognition"],"picked":"All For One","floor":16.0}],"player_experience":1199658,"relics_obtained":[{"floor":7.0,"key":"Happy Flower"},{"floor":9.0,"key":"Bag of Marbles"},{"floor":14.0,"key":"Shovel"},{"floor":15.0,"key":"Question Card"}],"event_choices":[{"damage_healed":0.0,"max_hp_gain":0.0,"max_hp_loss":7.0,"gold_gain":0.0,"event_name":"Golden Idol","player_choice":"Lose Max HP","floor":2.0,"gold_loss":0.0,"damage_taken":0.0,"relics_obtained":["Golden Idol"]},{"damage_healed":0.0,"max_hp_gain":0.0,"max_hp_loss":0.0,"gold_gain":0.0,"event_name":"Match and Keep!","player_choice":"1 cards matched","floor":3.0,"gold_loss":0.0,"damage_taken":0.0,"cards_obtained":["Genetic Algorithm"]},{"damage_healed":0.0,"max_hp_gain":0.0,"max_hp_loss":0.0,"gold_gain":0.0,"event_name":"Living Wall","player_choice":"Grow","floor":12.0,"gold_loss":0.0,"damage_taken":0.0,"cards_upgraded":["Zap"]}],"is_beta":false,"boss_relics":[{"not_picked":["Runic Dome","Calling Bell"],"picked":"Black Star"}],"items_purged_floors":[],"is_endless":false,"potions_floor_spawned":[5,7,10,11,14],"killed_by":"Chosen","ascension_level":20}