{"gold_per_floor":[114,114,131,147,30,30,65,65,119,151,151,161,161,186,186,262,262,275,27,27,37,60,83,127,139,178,215,244,256,287,299,311,397,409,437,1,0,14,14,49,49,74,74,106,106,123,138,173,173,173,173],"floor_reached":51,"playtime":6618,"items_purged":["Regret","Strike_R"],"score":1817,"play_id":"eaec7b5d-2a62-4fca-a38b-aed4fa2f7504","local_time":"20190723222404","is_ascension_mode":true,"campfire_choices":[{"data":"Flame Barrier","floor":8.0,"key":"SMITH"},{"floor":11.0,"key":"REST"},{"data":"Shrug It Off","floor":15.0,"key":"SMITH"},{"data":"Intimidate","floor":32.0,"key":"SMITH"},{"floor":41.0,"key":"RECALL"},{"data":"Corruption","floor":45.0,"key":"SMITH"},{"data":"Feel No Pain","floor":49.0,"key":"SMITH"}],"neow_cost":"TEN_PERCENT_HP_LOSS","seed_source_timestamp":0,"circlet_count":0,"master_deck":["AscendersBane","Strike_R","Strike_R","Defend_R+1","Defend_R","Defend_R","Defend_R+1","Bash+1","Anger+1","Uppercut+1","Twin Strike","Flame Barrier+1","Intimidate+1","Dark Embrace+1","Shrug It Off+1","Sentinel+1","Reaper","Armaments+1","Flame Barrier+1","Pummel","Havoc+1","Shrug It Off+1","Power Through+1","Rage+1","Headbutt","Offering+1","Second Wind+1","Metallicize","Apotheosis+1","True Grit+1","Havoc+1","Metallicize+1","Corruption+1","Entrench+1","True Grit+1","Feel No Pain+1","Spot Weakness+1"],"special_seed":0,"relics":["Burning Blood","Orichalcum","Lantern","Boot","Mercury Hourglass","Toxic Egg 2","Coffee Dripper","Anchor","MawBank","PreservedInsect","Blood Vial","Sundial","Eternal Feather","Membership Card","Red Mask","Red Skull","Smiling Mask","War Paint","Bottled Lightning"],"potions_floor_usage":[],"damage_taken":[{"damage":7.0,"enemies":"Small Slimes","floor":1.0,"turns":5.0},{"damage":4.0,"enemies":"2 Louse","floor":3.0,"turns":3.0},{"damage":3.0,"enemies":"Cultist","floor":4.0,"turns":3.0},{"damage":20.0,"enemies":"3 Sentries","floor":7.0,"turns":11.0},{"damage":9.0,"enemies":"Lagavulin","floor":10.0,"turns":6.0},{"damage":2.0,"enemies":"Exordium Thugs","floor":12.0,"turns":4.0},{"damage":10.0,"enemies":"3 Sentries","floor":14.0,"turns":7.0},{"damage":0.0,"enemies":"Slime Boss","floor":16.0,"turns":8.0},{"damage":21.0,"enemies":"Chosen","floor":18.0,"turns":5.0},{"damage":5.0,"enemies":"Shell Parasite","floor":21.0,"turns":4.0},{"damage":7.0,"enemies":"Cultist and Chosen","floor":23.0,"turns":6.0},{"damage":26.0,"enemies":"Gremlin Leader","floor":24.0,"turns":7.0},{"damage":19.0,"enemies":"Book of Stabbing","floor":27.0,"turns":5.0},{"damage":12.0,"enemies":"Snecko","floor":28.0,"turns":6.0},{"damage":6.0,"enemies":"Snake Plant","floor":30.0,"turns":4.0},{"damage":18.0,"enemies":"Champ","floor":33.0,"turns":9.0},{"damage":6.0,"enemies":"Orb Walker","floor":35.0,"turns":2.0},{"damage":6.0,"enemies":"3 Shapes","floor":38.0,"turns":4.0},{"damage":8.0,"enemies":"Giant Head","floor":40.0,"turns":8.0},{"damage":6.0,"enemies":"Nemesis","floor":42.0,"turns":9.0},{"damage":6.0,"enemies":"Giant Head","floor":44.0,"turns":5.0},{"damage":27.0,"enemies":"Maw","floor":46.0,"turns":7.0},{"damage":6.0,"enemies":"3 Darklings","floor":47.0,"turns":9.0},{"damage":9.0,"enemies":"Nemesis","floor":48.0,"turns":5.0},{"damage":78,"enemies":"Donu and Deca","floor":50,"turns":12},{"damage":55,"enemies":"Time Eater","floor":51,"turns":8}],"seed_played":"2975259145362286263","potions_obtained":[{"floor":3.0,"key":"Weak Potion"},{"floor":4.0,"key":"Dexterity Potion"},{"floor":7.0,"key":"Fire Potion"},{"floor":18.0,"key":"Swift Potion"},{"floor":20.0,"key":"FairyPotion"},{"floor":23.0,"key":"PowerPotion"},{"floor":35.0,"key":"SteroidPotion"}],"is_trial":false,"path_per_floor":["M","?","M","M","$","?","E","R","T","E","R","M","?","E","R","B",null,"M","$","?","M","T","M","E","?","T","E","M","$","M","$","R","B",null,"M","$","?","M","?","E","R","E","T","E","R","M","M","E","R","B","B"],"character_chosen":"IRONCLAD","items_purchased":["Flame Barrier","Anchor","Flame Barrier+1","Membership Card","Metallicize","Apotheosis+1","True Grit+1"],"campfire_rested":1,"item_purchase_floors":[5,19,19,36,36,36,36],"current_hp_per_floor":[67,67,68,68,68,48,34,34,34,31,51,55,55,51,51,57,65,50,50,50,57,57,61,47,47,47,36,37,37,44,44,44,43,62,68,68,68,68,68,68,68,68,68,68,68,52,64,68,68,32,0],"gold":173,"neow_bonus":"REMOVE_TWO","is_prod":false,"is_daily":false,"chose_seed":false,"campfire_upgraded":5,"win_rate":0,"timestamp":1563909844,"path_taken":["M","?","M","M","$","?","E","R","T","E","R","M","?","E","R","BOSS","M","$","?","?","?","M","E","?","T","E","?","$","M","?","R","BOSS","M","$","?","M","?","E","R","E","T","E","R","M","M","E","R","BOSS","BOSS"],"build_version":"2019-07-17","purchased_purges":2,"victory":false,"max_hp_per_floor":[68,68,68,68,68,68,68,68,68,68,68,68,68,68,68,68,68,68,68,68,68,68,68,68,68,68,68,68,68,68,68,68,68,68,68,68,68,68,68,68,68,68,68,68,68,68,68,68,68,68,68],"card_choices":[{"not_picked":["Heavy Blade","Thunderclap"],"picked":"Anger","floor":1.0},{"not_picked":["Dropkick","Hemokinesis"],"picked":"Uppercut","floor":3.0},{"not_picked":["Clash","Iron Wave"],"picked":"Twin Strike","floor":4.0},{"not_picked":["Clash","Body Slam"],"picked":"Intimidate","floor":7.0},{"not_picked":["Hemokinesis","Blood for Blood"],"picked":"Dark Embrace","floor":10.0},{"not_picked":["Evolve","Intimidate"],"picked":"Shrug It Off","floor":12.0},{"not_picked":["Perfected Strike","Wild Strike"],"picked":"Sentinel","floor":14.0},{"not_picked":["Exhume+1","Demon Form"],"picked":"Reaper","floor":16.0},{"not_picked":["Rage+1","Cleave"],"picked":"Armaments+1","floor":18.0},{"not_picked":["Sever Soul","Heavy Blade"],"picked":"Pummel","floor":21.0},{"not_picked":["Cleave","Sword Boomerang"],"picked":"Havoc+1","floor":23.0},{"not_picked":["Iron Wave","Warcry+1"],"picked":"Shrug It Off+1","floor":24.0},{"not_picked":["Bludgeon","Perfected Strike"],"picked":"Power Through+1","floor":27.0},{"not_picked":["Reckless Charge","Heavy Blade"],"picked":"Rage+1","floor":28.0},{"not_picked":["Reckless Charge","Twin Strike+1"],"picked":"Headbutt","floor":30.0},{"not_picked":["Reaper","Exhume+1"],"picked":"Offering+1","floor":33.0},{"not_picked":["Anger","Hemokinesis"],"picked":"Second Wind+1","floor":35.0},{"not_picked":["Anger+1","Warcry+1"],"picked":"Havoc+1","floor":38.0},{"not_picked":["Shrug It Off+1","Reckless Charge"],"picked":"Metallicize+1","floor":40.0},{"not_picked":["Armaments+1","Sever Soul+1"],"picked":"Corruption","floor":42.0},{"not_picked":["Armaments+1","Perfected Strike+1"],"picked":"Entrench+1","floor":44.0},{"not_picked":["Second Wind+1","Rage+1"],"picked":"True Grit+1","floor":46.0},{"not_picked":["Armaments+1","Iron Wave"],"picked":"Feel No Pain","floor":47.0},{"not_picked":["Anger","Flex+1"],"picked":"Spot Weakness+1","floor":48.0}],"player_experience":920226,"relics_obtained":[{"floor":7.0,"key":"Lantern"},{"floor":9.0,"key":"Boot"},{"floor":10.0,"key":"Mercury Hourglass"},{"floor":14.0,"key":"Toxic Egg 2"},{"floor":22.0,"key":"MawBank"},{"floor":24.0,"key":"PreservedInsect"},{"floor":26.0,"key":"Blood Vial"},{"floor":27.0,"key":"Sundial"},{"floor":40.0,"key":"Red Skull"},{"floor":42.0,"key":"Smiling Mask"},{"floor":44.0,"key":"War Paint"},{"floor":48.0,"key":"Bottled Lightning"}],"event_choices":[{"damage_healed":0.0,"max_hp_gain":0.0,"max_hp_loss":0.0,"gold_gain":0.0,"event_name":"Big Fish","player_choice":"Box","floor":2.0,"gold_loss":0.0,"damage_taken":0.0,"relics_obtained":["Orichalcum"],"cards_obtained":["Regret"]},{"damage_healed":0.0,"max_hp_gain":0.0,"max_hp_loss":0.0,"gold_gain":0.0,"event_name":"Shining Light","player_choice":"Entered Light","floor":6.0,"gold_loss":0.0,"damage_taken":20.0,"cards_upgraded":["Bash","Uppercut"]},{"damage_healed":0.0,"max_hp_gain":0.0,"max_hp_loss":0.0,"gold_gain":0.0,"event_name":"Living Wall","player_choice":"Grow","floor":13.0,"gold_loss":0.0,"damage_taken":0.0,"cards_upgraded":["Anger"]},{"damage_healed":0.0,"max_hp_gain":0.0,"max_hp_loss":0.0,"gold_gain":0.0,"event_name":"Lab","player_choice":"Got Potions","floor":20.0,"gold_loss":0.0,"damage_taken":0.0},{"damage_healed":0.0,"max_hp_gain":0.0,"max_hp_loss":0.0,"gold_gain":0.0,"event_name":"Upgrade Shrine","player_choice":"Upgraded","floor":25.0,"gold_loss":0.0,"damage_taken":0.0,"cards_upgraded":["Dark Embrace"]},{"damage_healed":0.0,"max_hp_gain":0.0,"max_hp_loss":0.0,"gold_gain":0.0,"event_name":"Tomb of Lord Red Mask","player_choice":"Paid","floor":37.0,"gold_loss":1.0,"damage_taken":0.0,"relics_obtained":["Red Mask"]},{"damage_healed":0.0,"max_hp_gain":0.0,"max_hp_loss":0.0,"gold_gain":0.0,"event_name":"SecretPortal","player_choice":"Ignored","floor":39.0,"gold_loss":0.0,"damage_taken":0.0}],"is_beta":false,"boss_relics":[{"not_picked":["Mark of Pain","Empty Cage"],"picked":"Coffee Dripper"},{"not_picked":["Orrery","Runic Pyramid"],"picked":"Eternal Feather"}],"items_purged_floors":[5,36],"is_endless":false,"potions_floor_spawned":[3,4,7,18,23,35,38,42,46,48],"killed_by":"Time Eater","ascension_level":20}