{"gold_per_floor":[113,113,130,145,70,105,105,205,276,276,5,22,22,48,48,152,152,166,180,192,204,214,214,116,116],"floor_reached":25,"playtime":3387,"items_purged":["Defend_G","Strike_G","Defend_G"],"score":238,"play_id":"295944ca-ecc9-48bc-9f74-3fadd17dfa5f","local_time":"20190719202842","is_ascension_mode":false,"campfire_choices":[{"data":"Dodge and Roll","floor":7,"key":"SMITH"},{"data":"Venomology","floor":10,"key":"SMITH"},{"data":"Well Laid Plans","floor":13,"key":"SMITH"},{"floor":15,"key":"REST"}],"neow_cost":"NONE","seed_source_timestamp":172387451599169,"circlet_count":0,"master_deck":["Strike_G","Strike_G","Strike_G","Defend_G","Defend_G","Defend_G","Survivor","Neutralize","Noxious Fumes","Leg Sweep","Dodge and Roll+1","Sucker Punch","Venomology+1","Acrobatics+1","Well Laid Plans+1","Dash","Corpse Explosion+1","Prepared+1","Deflect+1","Footwork"],"relics":["Ring of the Snake","NeowsBlessing","PreservedInsect","Toxic Egg 2","Membership Card","Bag of Marbles","Sozu"],"potions_floor_usage":[14,16,18],"damage_taken":[{"damage":0,"enemies":"Jaw Worm","floor":1,"turns":1},{"damage":0,"enemies":"Cultist","floor":3,"turns":1},{"damage":0,"enemies":"Small Slimes","floor":4,"turns":1},{"damage":18,"enemies":"Lagavulin","floor":6,"turns":9},{"damage":3,"enemies":"Gremlin Gang","floor":12,"turns":8},{"damage":4,"enemies":"3 Sentries","floor":14,"turns":7},{"damage":7,"enemies":"The Guardian","floor":16,"turns":15},{"damage":9,"enemies":"2 Thieves","floor":18,"turns":4},{"damage":14,"enemies":"Spheric Guardian","floor":19,"turns":4},{"damage":0,"enemies":"Snecko","floor":20,"turns":5},{"damage":7,"enemies":"Sentry and Sphere","floor":21,"turns":6},{"damage":10,"enemies":"Centurion and Healer","floor":22,"turns":4},{"damage":17,"enemies":"Shelled Parasite and Fungi","floor":25,"turns":3}],"seed_played":"-3283845238207544462","potions_obtained":[{"floor":4,"key":"GamblersBrew"},{"floor":6,"key":"Block Potion"}],"is_trial":false,"path_per_floor":["M","?","M","M","$","E","R","?","T","R","$","M","R","E","R","B",null,"M","M","M","M","M","?","$","M"],"character_chosen":"THE_SILENT","items_purchased":["Acrobatics+1","Membership Card","Footwork"],"campfire_rested":1,"item_purchase_floors":[11,11,24],"current_hp_per_floor":[70,70,70,70,70,52,52,52,52,52,52,49,49,45,66,59,70,61,47,47,40,30,17,17,0],"gold":116,"neow_bonus":"THREE_ENEMY_KILL","is_prod":false,"is_daily":false,"chose_seed":false,"campfire_upgraded":3,"win_rate":0.0,"timestamp":1563593322,"path_taken":["M","?","?","M","?","E","R","?","T","R","$","M","R","E","R","BOSS","M","M","M","M","?","?","$","M"],"build_version":"2019-07-05","purchased_purges":3,"victory":false,"max_hp_per_floor":[70,70,70,70,70,70,70,70,70,70,70,70,70,70,70,70,70,70,70,70,70,70,75,75,75],"card_choices":[{"not_picked":["Quick Slash","Poisoned Stab"],"picked":"Noxious Fumes","floor":1},{"not_picked":["Dagger Throw","Flying Knee"],"picked":"Dodge and Roll","floor":3},{"not_picked":["Terror","Crippling Poison"],"picked":"Sucker Punch","floor":4},{"not_picked":["Deflect","Terror"],"picked":"Venomology","floor":6},{"not_picked":["Dodge and Roll+1","Slice"],"picked":"Well Laid Plans","floor":12},{"not_picked":["Dagger Spray","Sucker Punch"],"picked":"Dash","floor":14},{"not_picked":["Tools of the Trade","Glass Knife"],"picked":"Corpse Explosion+1","floor":16},{"not_picked":["Bane+1","Flying Knee","Distraction+1"],"picked":"SKIP","floor":18},{"not_picked":["Blade Dance+1","Crippling Poison+1"],"picked":"Prepared+1","floor":19},{"not_picked":["Choke","Deadly Poison+1"],"picked":"Deflect+1","floor":20},{"not_picked":["Blade Dance+1","Slice","Heel Hook"],"picked":"SKIP","floor":21},{"not_picked":["Dagger Spray","Poisoned Stab","Noxious Fumes"],"picked":"SKIP","floor":22}],"player_experience":20301,"relics_obtained":[{"floor":6,"key":"PreservedInsect"},{"floor":9,"key":"Toxic Egg 2"},{"floor":14,"key":"Bag of Marbles"}],"event_choices":[{"damage_healed":0,"gold_gain":0,"cards_transformed":["Strike_G"],"player_choice":"Transformed","damage_taken":0,"max_hp_gain":0,"max_hp_loss":0,"event_name":"Transmorgrifier","floor":2,"gold_loss":0,"cards_obtained":["Leg Sweep"]},{"damage_healed":0,"gold_gain":100,"player_choice":"Pray","damage_taken":0,"max_hp_gain":0,"max_hp_loss":0,"event_name":"Golden Shrine","floor":8,"gold_loss":0},{"damage_healed":0,"gold_gain":0,"player_choice":"Shed Blood","damage_taken":18,"max_hp_gain":5,"max_hp_loss":0,"event_name":"Forgotten Altar","floor":23,"gold_loss":0}],"is_beta":false,"boss_relics":[{"not_picked":["Runic Dome","Eternal Feather"],"picked":"Sozu"}],"items_purged_floors":[5,11,24],"is_endless":false,"potions_floor_spawned":[4,6,12,19],"killed_by":"Shelled Parasite and Fungi","ascension_level":0}