{"gold_per_floor":[119,119,44,44,60,103,87,114,153,165,127,139,151,184,196,337,349,385,397,409,444,456],"floor_reached":22,"playtime":1631,"items_purged":["Defend_G"],"score":191,"play_id":"0854f175-3d88-465b-8816-c2d3c298f039","local_time":"20190303173904","is_ascension_mode":true,"campfire_choices":[{"floor":10,"key":"REST"},{"floor":13,"key":"RECALL"},{"data":"Catalyst","floor":15,"key":"SMITH"}],"neow_cost":"NONE","seed_source_timestamp":223684601870842,"circlet_count":0,"master_deck":["Defend_G","Defend_G","Defend_G","Survivor","Neutralize","Reflex+1","Wraith Form v2+1","Deadly Poison+1","Leg Sweep","Well Laid Plans","Underhanded Strike","Deadly Poison","Catalyst+1","Night Terror","Outmaneuver"],"relics":["Astrolabe","Golden Idol","MawBank","Empty Cage","Blood Vial"],"potions_floor_usage":[],"damage_taken":[{"damage":0,"enemies":"Small Slimes","floor":1,"turns":4},{"damage":1,"enemies":"Jaw Worm","floor":5,"turns":4},{"damage":31,"enemies":"3 Sentries","floor":6,"turns":13},{"damage":0,"enemies":"2 Louse","floor":8,"turns":3},{"damage":10,"enemies":"Looter","floor":14,"turns":4},{"damage":15,"enemies":"Hexaghost","floor":16,"turns":8},{"damage":30,"enemies":"Spheric Guardian","floor":18,"turns":5},{"damage":8,"enemies":"Shell Parasite","floor":21,"turns":5},{"damage":36,"enemies":"Sentry and Sphere","floor":22,"turns":7}],"seed_played":"8852129014139718400","potions_obtained":[{"floor":5,"key":"FearPotion"},{"floor":6,"key":"SteroidPotion"},{"floor":14,"key":"Dexterity Potion"}],"is_trial":false,"path_per_floor":["M","?","$","?","M","E","?","M","T","R","?","$","R","M","R","B",null,"M","?","?","M","M"],"character_chosen":"THE_SILENT","items_purchased":[],"campfire_rested":1,"item_purchase_floors":[],"current_hp_per_floor":[70,70,70,53,52,21,21,21,21,42,42,42,42,32,32,17,70,40,40,40,34,0],"gold":456,"neow_bonus":"BOSS_RELIC","is_prod":false,"is_daily":false,"chose_seed":false,"campfire_upgraded":1,"win_rate":0,"timestamp":1551663544,"path_taken":["M","?","$","?","M","E","?","M","T","R","?","?","R","M","R","BOSS","M","?","?","?","M"],"build_version":"2019-01-23","purchased_purges":1,"victory":false,"max_hp_per_floor":[70,70,70,70,70,70,70,70,70,70,70,70,70,70,70,70,70,70,70,70,70,70],"card_choices":[{"not_picked":["Bane","Caltrops"],"picked":"Leg Sweep","floor":1},{"not_picked":["Finisher","Masterful Stab"],"picked":"Well Laid Plans","floor":5},{"not_picked":["Flechettes","Dagger Spray"],"picked":"Underhanded Strike","floor":6},{"not_picked":["Eviscerate","Bane"],"picked":"Deadly Poison","floor":8},{"not_picked":["Blur","Night Terror"],"picked":"Catalyst","floor":14},{"not_picked":["Glass Knife","Venomology"],"picked":"Night Terror","floor":16},{"not_picked":["Slice+1","Blur+1","Poisoned Stab"],"picked":"SKIP","floor":18},{"not_picked":["Deflect","Caltrops"],"picked":"Outmaneuver","floor":21}],"player_experience":68263,"relics_obtained":[{"floor":6,"key":"MawBank"}],"event_choices":[{"damage_healed":0,"gold_gain":0,"player_choice":"Ignored","damage_taken":0,"max_hp_gain":0,"max_hp_loss":0,"event_name":"Liars Game","floor":2,"gold_loss":0},{"damage_healed":0,"gold_gain":0,"player_choice":"Take Damage","damage_taken":17,"relics_obtained":["Golden Idol"],"max_hp_gain":0,"max_hp_loss":0,"event_name":"Golden Idol","floor":4,"gold_loss":0},{"damage_healed":0,"gold_gain":0,"player_choice":"Left Gold","damage_taken":0,"max_hp_gain":0,"max_hp_loss":0,"event_name":"World of Goop","floor":7,"gold_loss":28},{"cards_removed":["Defend_G"],"damage_healed":0,"gold_gain":0,"player_choice":"Card Removal","damage_taken":0,"max_hp_gain":0,"max_hp_loss":0,"event_name":"The Cleric","floor":11,"gold_loss":50},{"damage_healed":0,"gold_gain":0,"player_choice":"Opened","damage_taken":0,"relics_obtained":["Blood Vial"],"max_hp_gain":0,"max_hp_loss":0,"event_name":"The Mausoleum","floor":19,"gold_loss":0},{"damage_healed":0,"gold_gain":0,"player_choice":"Ignored","damage_taken":0,"max_hp_gain":0,"max_hp_loss":0,"event_name":"Vampires","floor":20,"gold_loss":0}],"is_beta":false,"boss_relics":[{"not_picked":["Lizard Tail","Orrery"],"picked":"Empty Cage"}],"items_purged_floors":[3],"is_endless":false,"potions_floor_spawned":[5,6,14,16],"killed_by":"Sentry and Sphere","ascension_level":1}