{"gold_per_floor":[118,40,55,55,55,55,74,74,142,156,169,169,208,233,233,233],"floor_reached":16,"playtime":362,"items_purged":[],"score":204,"play_id":"c1cd8f74-303e-4611-83d8-323dec24d54e","local_time":"20190726192521","is_ascension_mode":true,"campfire_choices":[{"data":"Defragment","floor":6.0,"key":"SMITH"},{"data":"Chill","floor":12,"key":"SMITH"},{"data":"Zap","floor":15,"key":"SMITH"}],"neow_cost":"NONE","seed_source_timestamp":1760664368829,"circlet_count":0,"master_deck":["AscendersBane","Strike_B","Strike_B","Strike_B","Strike_B","Defend_B","Defend_B","Defend_B","Defend_B","Zap+1","Dualcast","Compile Driver","Defragment+1","Chill+1","Pain","Skim","Ball Lightning","Cold Snap","Coolheaded"],"special_seed":0,"relics":["Coffee Dripper","Golden Idol","WarpedTongs","Frozen Egg 2","Omamori"],"potions_floor_usage":[16,16],"damage_taken":[{"damage":3.0,"enemies":"Small Slimes","floor":1.0,"turns":3.0},{"damage":0.0,"enemies":"2 Louse","floor":3.0,"turns":2.0},{"damage":2.0,"enemies":"Cultist","floor":7.0,"turns":3.0},{"damage":16,"enemies":"Gremlin Gang","floor":10,"turns":6},{"damage":20,"enemies":"Exordium Thugs","floor":11,"turns":4},{"damage":12,"enemies":"Lagavulin","floor":13,"turns":5},{"damage":3,"enemies":"3 Louse","floor":14,"turns":4},{"damage":13,"enemies":"Hexaghost","floor":16,"turns":4}],"seed_played":"-3206051216848396150","potions_obtained":[{"floor":10,"key":"AttackPotion"},{"floor":11,"key":"Swift Potion"},{"floor":13,"key":"FearPotion"}],"is_trial":false,"path_per_floor":["M","$","M","?","?","R","M","$","T","M","M","R","E","M","R","B"],"character_chosen":"DEFECT","items_purchased":["Defragment"],"campfire_rested":0,"item_purchase_floors":[2],"current_hp_per_floor":[61,61,61,61,61,61,59,59,59,43,23,23,11,8,8,0],"gold":233,"neow_bonus":"BOSS_RELIC","is_prod":false,"is_daily":false,"chose_seed":false,"campfire_upgraded":3,"win_rate":0,"timestamp":1564161921,"path_taken":["M","$","M","?","?","R","?","$","T","M","M","R","E","M","R","BOSS"],"build_version":"2019-07-18","purchased_purges":0,"victory":false,"max_hp_per_floor":[71,71,71,64,64,64,64,64,64,64,64,64,64,64,64,64],"card_choices":[{"not_picked":["Stack","Beam Cell"],"picked":"Compile Driver","floor":1.0},{"not_picked":["Compile Driver","Streamline"],"picked":"Chill","floor":3.0},{"not_picked":["Reprogram","Redo","Turbo"],"picked":"SKIP","floor":7.0},{"not_picked":["Recycle","Turbo"],"picked":"Skim","floor":10},{"not_picked":["Turbo","Conserve Battery"],"picked":"Ball Lightning","floor":11},{"not_picked":["Barrage","Recycle"],"picked":"Cold Snap","floor":13},{"not_picked":["Streamline","Redo"],"picked":"Coolheaded","floor":14}],"player_experience":1922669,"relics_obtained":[{"floor":9.0,"key":"Frozen Egg 2"},{"floor":13,"key":"Omamori"}],"event_choices":[{"damage_healed":0.0,"max_hp_gain":0.0,"max_hp_loss":7.0,"gold_gain":0.0,"event_name":"Golden Idol","player_choice":"Lose Max HP","floor":4.0,"gold_loss":0.0,"damage_taken":0.0,"relics_obtained":["Golden Idol"]},{"damage_healed":0.0,"max_hp_gain":0.0,"max_hp_loss":0.0,"gold_gain":0.0,"event_name":"Accursed Blacksmith","player_choice":"Rummage","floor":5.0,"gold_loss":0.0,"damage_taken":0.0,"relics_obtained":["WarpedTongs"],"cards_obtained":["Pain"]}],"is_beta":true,"boss_relics":[],"items_purged_floors":[],"is_endless":false,"potions_floor_spawned":[10,11,13],"killed_by":"Hexaghost","ascension_level":20}