{"gold_per_floor":[113,113,113,30,30,56,56,71,71,83,117,135,163,181,181,181],"floor_reached":16,"playtime":1171,"items_purged":[],"score":290,"play_id":"b58d5d2a-2eba-4bd2-959d-9a7e2eaed93c","local_time":"20190730014618","is_ascension_mode":true,"campfire_choices":[{"data":"Feel No Pain","floor":7.0,"key":"SMITH"},{"floor":15,"key":"REST"}],"neow_cost":"NONE","seed_source_timestamp":873656307123189,"circlet_count":0,"master_deck":["AscendersBane","Strike_R","Strike_R","Strike_R","Strike_R","Strike_R","Defend_R","Defend_R","Defend_R","Defend_R","Bash+1","Feel No Pain+1","Twin Strike","Demon Form","Evolve+1","Immolate","Second Wind","Combust+1","Metallicize+1"],"special_seed":0,"relics":["Burning Blood","NeowsBlessing","Blood Vial","WingedGreaves","Frozen Egg 2","Self Forming Clay","Darkstone Periapt"],"potions_floor_usage":[11,13,16],"damage_taken":[{"damage":0.0,"enemies":"2 Louse","floor":1.0,"turns":1.0},{"damage":0.0,"enemies":"Lagavulin","floor":6.0,"turns":1.0},{"damage":0.0,"enemies":"Jaw Worm","floor":8.0,"turns":1.0},{"damage":0.0,"enemies":"Cultist","floor":10.0,"turns":3.0},{"damage":52,"enemies":"Gremlin Nob","floor":11,"turns":5},{"damage":0,"enemies":"2 Fungi Beasts","floor":12,"turns":2},{"damage":37,"enemies":"Lagavulin","floor":13,"turns":6},{"damage":8,"enemies":"Exordium Thugs","floor":14,"turns":3},{"damage":34,"enemies":"Slime Boss","floor":16,"turns":8}],"seed_played":"-2907303062203152653","potions_obtained":[{"floor":10.0,"key":"SkillPotion"},{"floor":11,"key":"Strength Potion"},{"floor":12,"key":"SpeedPotion"},{"floor":14,"key":"Swift Potion"}],"is_trial":false,"path_per_floor":["M","$","?","$","?","E","R","M","T","M","E","M","E","M","R","B"],"character_chosen":"IRONCLAD","items_purchased":["Feel No Pain"],"campfire_rested":1,"item_purchase_floors":[4],"current_hp_per_floor":[74,74,74,74,74,75,75,75,75,75,29,37,8,8,30,0],"gold":181,"neow_bonus":"THREE_ENEMY_KILL","is_prod":false,"is_daily":false,"chose_seed":false,"campfire_upgraded":1,"win_rate":0,"timestamp":1564440378,"path_taken":["M","$","?","$","?","E","R","M","T","M","E","?","E","M","R","BOSS"],"build_version":"2019-07-17","purchased_purges":0,"victory":false,"max_hp_per_floor":[75,75,75,75,75,75,75,75,75,75,75,75,75,75,75,75],"card_choices":[{"not_picked":["Heavy Blade","Twin Strike"],"picked":"Anger","floor":1.0},{"not_picked":["Heavy Blade","Second Wind"],"picked":"Twin Strike","floor":6.0},{"not_picked":["Searing Blow","Warcry"],"picked":"Demon Form","floor":8.0},{"not_picked":["Clash","Flex"],"picked":"Evolve+1","floor":10.0},{"not_picked":["Havoc","Heavy Blade"],"picked":"Immolate","floor":11},{"not_picked":["Clash","Anger"],"picked":"Second Wind","floor":12},{"not_picked":["Cleave","Rampage"],"picked":"Combust+1","floor":13},{"not_picked":["Perfected Strike","Warcry"],"picked":"Metallicize+1","floor":14}],"player_experience":1090511,"relics_obtained":[{"floor":6.0,"key":"WingedGreaves"},{"floor":9.0,"key":"Frozen Egg 2"},{"floor":11,"key":"Self Forming Clay"},{"floor":13,"key":"Darkstone Periapt"}],"event_choices":[{"damage_healed":0.0,"max_hp_gain":0.0,"max_hp_loss":0.0,"gold_gain":0.0,"event_name":"Living Wall","player_choice":"Grow","floor":3.0,"gold_loss":0.0,"damage_taken":0.0,"cards_upgraded":["Bash"]},{"cards_removed":["Anger"],"damage_healed":0.0,"max_hp_gain":0.0,"max_hp_loss":0.0,"gold_gain":0.0,"event_name":"WeMeetAgain","player_choice":"Gave Card","floor":5.0,"gold_loss":0.0,"damage_taken":0.0,"relics_obtained":["Blood Vial"]}],"is_beta":false,"boss_relics":[],"items_purged_floors":[],"is_endless":false,"potions_floor_spawned":[10,11,12,14],"killed_by":"Slime Boss","ascension_level":20}