{"gold_per_floor":[110,120,133,149,99,99,111,111,111,126,151,151,181,235,235,330,330,340,124,205,67,83,83,114,114,114,114,114,114,125,139,139,139],"floor_reached":33,"playtime":2152,"items_purged":["Strike_G","Strike_G"],"score":413,"play_id":"4b577aa6-7b73-4a01-90e7-101f052947eb","local_time":"20190803150005","is_ascension_mode":true,"campfire_choices":[{"data":"Neutralize","floor":6,"key":"SMITH"},{"floor":8,"key":"REST"},{"data":"Glass Knife","floor":12,"key":"SMITH"},{"data":"Caltrops","floor":15,"key":"SMITH"},{"floor":23,"key":"REST"},{"data":"Storm of Steel","floor":25,"key":"SMITH"},{"data":"Accuracy","floor":27,"key":"SMITH"},{"floor":29,"key":"REST"},{"floor":32,"key":"REST"}],"neow_cost":"NONE","seed_source_timestamp":384526018460300,"circlet_count":0,"master_deck":["AscendersBane","Strike_G","Strike_G","Defend_G","Defend_G","Defend_G","Defend_G","Defend_G","Survivor","Neutralize+1","Skewer","Dagger Spray","Crippling Poison","Escape Plan+1","Deadly Poison","Leg Sweep+1","Glass Knife+1","Caltrops+1","Storm of Steel+1","Accuracy+1","Corpse Explosion","Noxious Fumes+1","Infinite Blades+1","Flechettes+1","Concentrate","PiercingWail"],"relics":["Runic Pyramid","Lantern","Pen Nib","Blue Candle","Tiny Chest","WristBlade","Molten Egg 2","Frozen Egg 2","War Paint"],"potions_floor_usage":[11,16,33,33],"damage_taken":[{"damage":2,"enemies":"Cultist","floor":1,"turns":4},{"damage":3,"enemies":"Jaw Worm","floor":2,"turns":3},{"damage":3,"enemies":"Small Slimes","floor":3,"turns":4},{"damage":23,"enemies":"Exordium Thugs","floor":4,"turns":6},{"damage":1,"enemies":"Red Slaver","floor":7,"turns":4},{"damage":4,"enemies":"Blue Slaver","floor":10,"turns":5},{"damage":7,"enemies":"3 Sentries","floor":11,"turns":8},{"damage":16,"enemies":"Lagavulin","floor":13,"turns":6},{"damage":6,"enemies":"Hexaghost","floor":16,"turns":8},{"damage":4,"enemies":"Chosen","floor":18,"turns":4},{"damage":14,"enemies":"3 Byrds","floor":22,"turns":3},{"damage":25,"enemies":"Book of Stabbing","floor":24,"turns":5},{"damage":17,"enemies":"Cultist and Chosen","floor":30,"turns":5},{"damage":18,"enemies":"Centurion and Healer","floor":31,"turns":3},{"damage":55,"enemies":"Champ","floor":33,"turns":10}],"seed_played":"1487544173756513486","potions_obtained":[{"floor":1,"key":"SteroidPotion"},{"floor":2,"key":"FearPotion"},{"floor":4,"key":"Fire Potion"},{"floor":13,"key":"SpeedPotion"},{"floor":18,"key":"Poison Potion"},{"floor":24,"key":"Fire Potion"}],"is_trial":false,"path_per_floor":["M","M","M","M","?","R","M","R","T","M","E","R","E","T","R","B",null,"M","$","T","$","M","R","E","R","T","R","?","R","M","M","R","B"],"character_chosen":"THE_SILENT","items_purchased":["Accuracy","Corpse Explosion","Noxious Fumes"],"campfire_rested":4,"item_purchase_floors":[19,19,21],"current_hp_per_floor":[61,58,55,32,32,32,31,52,52,48,41,41,25,25,25,19,57,53,53,53,53,39,60,35,35,35,35,35,56,39,21,42,0],"gold":139,"neow_bonus":"BOSS_RELIC","is_prod":false,"is_daily":false,"chose_seed":false,"campfire_upgraded":5,"win_rate":0,"timestamp":1564858805,"path_taken":["M","?","?","M","?","R","M","R","T","M","E","R","E","?","R","BOSS","M","$","?","$","M","R","E","R","T","R","?","R","M","M","R","BOSS"],"build_version":"2019-07-18","purchased_purges":2,"victory":false,"max_hp_per_floor":[70,70,70,70,70,70,70,70,70,70,70,70,70,70,70,70,70,70,70,70,70,70,70,70,70,70,70,70,70,70,70,70,70],"card_choices":[{"not_picked":["Accuracy","Prepared"],"picked":"Skewer","floor":1},{"not_picked":["Finisher","Tactician"],"picked":"Dagger Spray","floor":2},{"not_picked":["Poisoned Stab","Underhanded Strike"],"picked":"Crippling Poison","floor":3},{"not_picked":["Backflip","Cloak And Dagger"],"picked":"Escape Plan","floor":4},{"not_picked":["Masterful Stab","Dagger Spray"],"picked":"Deadly Poison","floor":7},{"not_picked":["Accuracy","Dagger Spray"],"picked":"Leg Sweep","floor":10},{"not_picked":["Backstab","Quick Slash"],"picked":"Glass Knife","floor":11},{"not_picked":["Poisoned Stab","Dash"],"picked":"Caltrops","floor":13},{"not_picked":["A Thousand Cuts","Adrenaline"],"picked":"Storm of Steel","floor":16},{"not_picked":["Finisher","Dagger Throw","Sucker Punch"],"picked":"SKIP","floor":18},{"not_picked":["Terror","Crippling Poison"],"picked":"Infinite Blades+1","floor":22},{"not_picked":["Cloak And Dagger","Underhanded Strike+1"],"picked":"Flechettes+1","floor":24},{"not_picked":["All Out Attack+1","Tactician"],"picked":"Concentrate","floor":30},{"not_picked":["Prepared","Predator+1"],"picked":"PiercingWail","floor":31}],"player_experience":334769,"relics_obtained":[{"floor":9,"key":"Lantern"},{"floor":11,"key":"Pen Nib"},{"floor":13,"key":"Blue Candle"},{"floor":14,"key":"Tiny Chest"},{"floor":20,"key":"Molten Egg 2"},{"floor":24,"key":"Frozen Egg 2"},{"floor":26,"key":"War Paint"}],"event_choices":[{"cards_removed":["Strike_G"],"damage_healed":0,"gold_gain":0,"player_choice":"Card Removal","damage_taken":0,"max_hp_gain":0,"max_hp_loss":0,"event_name":"The Cleric","floor":5,"gold_loss":50},{"damage_healed":0,"gold_gain":0,"player_choice":"Forge","damage_taken":0,"max_hp_gain":0,"max_hp_loss":0,"event_name":"Accursed Blacksmith","floor":28,"gold_loss":0,"cards_upgraded":["Noxious Fumes"]}],"is_beta":true,"boss_relics":[{"not_picked":["White Beast Statue","Velvet Choker"],"picked":"WristBlade"}],"items_purged_floors":[19,21],"is_endless":false,"potions_floor_spawned":[1,2,4,13,18,24,30],"killed_by":"Champ","ascension_level":10}