{"gold_per_floor":[119,119,136,136,154,184,184,184,184,184,184,204,279,295,295,368,368,385,385,397,412,203,203,217,229,229,229,257,257,257,287,287,359,359,378,396,396,90,90,90,106,123,123,123,123,123,138,158,158,158],"floor_reached":51,"playtime":2639,"items_purged":["Defend_B","Defend_B"],"score":1285,"play_id":"bc8b7b61-edd2-4908-b6b7-d4b98b989ab7","local_time":"20190805090638","is_ascension_mode":true,"campfire_choices":[{"data":"Dualcast","floor":7.0,"key":"SMITH"},{"floor":10.0,"key":"REST"},{"floor":15.0,"key":"REST"},{"data":"Defragment","floor":23,"key":"SMITH"},{"data":"Buffer","floor":27,"key":"SMITH"},{"data":"Coolheaded","floor":32,"key":"SMITH"},{"floor":40,"key":"REST"},{"floor":44,"key":"RECALL"},{"floor":46,"key":"REST"},{"floor":49,"key":"REST"}],"neow_cost":"NONE","seed_source_timestamp":1757741246311,"circlet_count":0,"master_deck":["AscendersBane","Strike_B+1","Defend_B","Defend_B","Zap","Dualcast+1","BootSequence","Gash","Buffer+1","Genetic Algorithm","Cold Snap+1","Electrodynamics","Defragment+1","Buffer+1","Go for the Eyes+1","Coolheaded+1","Gash","Reinforced Body","Self Repair","Gash","Machine Learning","Blizzard","Darkness","Coolheaded","Reboot","Recycle+1","Machine Learning","Gash","Beam Cell+1"],"special_seed":0,"relics":["Orrery","WarpedTongs","Calipers","Prayer Wheel","Philosopher\u0027s Stone","Meat on the Bone","Ginger","Bronze Scales","Fusion Hammer","ClockworkSouvenir","Emotion Chip"],"potions_floor_usage":[22,28,31,50],"damage_taken":[{"damage":1.0,"enemies":"2 Louse","floor":1.0,"turns":4.0},{"damage":0.0,"enemies":"Cultist","floor":3.0,"turns":5.0},{"damage":7.0,"enemies":"Small Slimes","floor":5.0,"turns":4.0},{"damage":30.0,"enemies":"3 Sentries","floor":6.0,"turns":12.0},{"damage":0.0,"enemies":"Blue Slaver","floor":12.0,"turns":4.0},{"damage":0.0,"enemies":"3 Louse","floor":14.0,"turns":4.0},{"damage":18.0,"enemies":"The Guardian","floor":16.0,"turns":12.0},{"damage":6.0,"enemies":"Shell Parasite","floor":18.0,"turns":8.0},{"damage":0.0,"enemies":"Spheric Guardian","floor":20.0,"turns":6.0},{"damage":14.0,"enemies":"Cultist and Chosen","floor":21.0,"turns":6.0},{"damage":12,"enemies":"Centurion and Healer","floor":24,"turns":6},{"damage":0,"enemies":"Shelled Parasite and Fungi","floor":25,"turns":8},{"damage":4,"enemies":"Slavers","floor":28,"turns":4},{"damage":0,"enemies":"Gremlin Leader","floor":31,"turns":7},{"damage":0,"enemies":"Automaton","floor":33,"turns":11},{"damage":0,"enemies":"3 Shapes","floor":35,"turns":5},{"damage":0,"enemies":"3 Darklings","floor":36,"turns":5},{"damage":7,"enemies":"Jaw Worm Horde","floor":41,"turns":5},{"damage":0,"enemies":"4 Shapes","floor":42,"turns":6},{"damage":0,"enemies":"Transient","floor":47,"turns":5},{"damage":0,"enemies":"Maw","floor":48,"turns":7},{"damage":52,"enemies":"Time Eater","floor":50,"turns":12}],"seed_played":"5474730839297060687","potions_obtained":[{"floor":1.0,"key":"LiquidBronze"},{"floor":6.0,"key":"FearPotion"},{"floor":14.0,"key":"Block Potion"},{"floor":21.0,"key":"EssenceOfSteel"},{"floor":24,"key":"FairyPotion"},{"floor":28,"key":"Strength Potion"},{"floor":33,"key":"Block Potion"}],"is_trial":false,"path_per_floor":["M","?","M","?","M","E","R","?","T","R","?","M","?","M","R","B",null,"M","?","M","M","$","R","M","M","T","R","E","?","?","E","R","B",null,"M","M","?","$","?","R","M","M","T","R","$","R","M","M","R","B",null],"character_chosen":"DEFECT","items_purchased":["Self Repair","Fruit Juice","ClockworkSouvenir"],"campfire_rested":5,"item_purchase_floors":[22,22,38],"current_hp_per_floor":[63,63,63,63,56,26,26,12,12,33,26,26,15,15,36,18,58,52,52,52,38,43,43,38,45,45,45,41,41,41,48,48,55,71,76,76,76,76,76,76,76,76,76,76,76,76,76,76,76,46],"gold":158,"neow_bonus":"BOSS_RELIC","is_prod":false,"is_daily":false,"chose_seed":false,"campfire_upgraded":4,"win_rate":0,"timestamp":1564963598,"path_taken":["M","?","?","?","?","E","R","?","T","R","?","M","?","M","R","BOSS","M","?","M","M","$","R","M","?","T","R","E","?","?","E","R","BOSS","M","M","?","$","?","R","M","M","T","R","$","R","M","M","R","BOSS"],"build_version":"2019-07-17","purchased_purges":2,"victory":true,"max_hp_per_floor":[71,71,71,71,71,71,71,71,71,71,71,71,71,71,71,71,71,71,71,71,71,76,76,76,76,76,76,76,76,76,76,76,76,76,76,76,76,76,76,76,76,76,76,76,76,76,76,76,76,76],"card_choices":[{"not_picked":["Consume","Beam Cell"],"picked":"BootSequence","floor":0.0},{"not_picked":["Turbo","Darkness"],"picked":"Gash","floor":0.0},{"not_picked":["Turbo","Go for the Eyes"],"picked":"Buffer","floor":0.0},{"not_picked":["Cold Snap","Leap"],"picked":"Genetic Algorithm","floor":0.0},{"not_picked":["Rebound","Scrape"],"picked":"Cold Snap","floor":0.0},{"not_picked":["Steam","Ball Lightning","Static Discharge"],"picked":"SKIP","floor":1.0},{"not_picked":["Rip and Tear","Steam","Sweeping Beam"],"picked":"SKIP","floor":3.0},{"not_picked":["Genetic Algorithm","Chaos","Rebound"],"picked":"SKIP","floor":5.0},{"not_picked":["FTL","Streamline"],"picked":"Electrodynamics","floor":6.0},{"not_picked":["Beam Cell","Streamline","Turbo"],"picked":"SKIP","floor":12.0},{"not_picked":["Ball Lightning","Cold Snap","Scrape"],"picked":"SKIP","floor":12.0},{"not_picked":["Meteor Strike","Double Energy"],"picked":"Defragment","floor":14.0},{"not_picked":["Reprogram","Tempest","Compile Driver"],"picked":"SKIP","floor":14.0},{"not_picked":["Meteor Strike","Machine Learning"],"picked":"Buffer","floor":16.0},{"not_picked":["Hologram","Doom and Gloom"],"picked":"Go for the Eyes+1","floor":18.0},{"not_picked":["Stack+1","Turbo","Ball Lightning"],"picked":"SKIP","floor":18.0},{"not_picked":["Cold Snap+1","Hyperbeam"],"picked":"Coolheaded","floor":20.0},{"not_picked":["BootSequence","Compile Driver+1"],"picked":"Gash","floor":20.0},{"not_picked":["Turbo","Biased Cognition"],"picked":"Reinforced Body","floor":21.0},{"not_picked":["Stack","Hologram","Cold Snap"],"picked":"SKIP","floor":21.0},{"not_picked":["Steam","Go for the Eyes"],"picked":"Gash","floor":24},{"not_picked":["Heatsinks","Cold Snap","Compile Driver"],"picked":"SKIP","floor":24},{"not_picked":["Conserve Battery","Sweeping Beam"],"picked":"Machine Learning","floor":25},{"not_picked":["Barrage","Hello World","Streamline"],"picked":"SKIP","floor":25},{"not_picked":["Go for the Eyes+1","Thunder Strike","Conserve Battery"],"picked":"SKIP","floor":28},{"not_picked":["Hello World","Undo"],"picked":"Coolheaded","floor":31},{"not_picked":["Rainbow","Multi-Cast"],"picked":"Reboot","floor":33},{"not_picked":["Reinforced Body+1","Turbo"],"picked":"Recycle+1","floor":35},{"not_picked":["Steam","Hologram","Sweeping Beam+1"],"picked":"SKIP","floor":35},{"not_picked":["Barrage+1","Coolheaded"],"picked":"Machine Learning","floor":36},{"not_picked":["Skim","Redo","Hologram+1"],"picked":"SKIP","floor":36},{"not_picked":["Turbo+1","Barrage"],"picked":"Gash","floor":41},{"not_picked":["Steam","Hello World","Scrape"],"picked":"SKIP","floor":41},{"not_picked":["Skim","Blizzard+1"],"picked":"Beam Cell+1","floor":42},{"not_picked":["Coolheaded+1","Rebound","Compile Driver"],"picked":"SKIP","floor":42},{"not_picked":["Blizzard","Hyperbeam","Go for the Eyes+1"],"picked":"SKIP","floor":47},{"not_picked":["Skim","Go for the Eyes","Storm"],"picked":"SKIP","floor":47},{"not_picked":["Rebound+1","Stack","Turbo"],"picked":"SKIP","floor":48},{"not_picked":["Static Discharge","Streamline","Fusion"],"picked":"SKIP","floor":48}],"player_experience":232085,"relics_obtained":[{"floor":6.0,"key":"Calipers"},{"floor":9.0,"key":"Prayer Wheel"},{"floor":26,"key":"Meat on the Bone"},{"floor":28,"key":"Ginger"},{"floor":31,"key":"Bronze Scales"},{"floor":43,"key":"Emotion Chip"}],"event_choices":[{"damage_healed":0.0,"max_hp_gain":0.0,"max_hp_loss":0.0,"gold_gain":0.0,"event_name":"Upgrade Shrine","player_choice":"Upgraded","floor":2.0,"gold_loss":0.0,"damage_taken":0.0,"cards_upgraded":["Buffer"]},{"damage_healed":0.0,"max_hp_gain":0.0,"max_hp_loss":0.0,"gold_gain":0.0,"event_name":"Accursed Blacksmith","player_choice":"Rummage","floor":4.0,"gold_loss":0.0,"damage_taken":0.0,"relics_obtained":["WarpedTongs"],"cards_obtained":["Pain"]},{"damage_healed":0.0,"max_hp_gain":0.0,"max_hp_loss":0.0,"gold_gain":0.0,"event_name":"Shining Light","player_choice":"Entered Light","floor":8.0,"gold_loss":0.0,"damage_taken":14.0,"cards_upgraded":["Strike_B","Cold Snap"]},{"cards_removed":["Pain"],"damage_healed":0.0,"max_hp_gain":0.0,"max_hp_loss":0.0,"gold_gain":0.0,"event_name":"Golden Wing","player_choice":"Card Removal","floor":11.0,"gold_loss":0.0,"damage_taken":7.0},{"damage_healed":0.0,"max_hp_gain":0.0,"max_hp_loss":0.0,"gold_gain":75.0,"event_name":"World of Goop","player_choice":"Gather Gold","floor":13.0,"gold_loss":0.0,"damage_taken":11.0},{"cards_removed":["Strike_B"],"damage_healed":0.0,"max_hp_gain":0.0,"max_hp_loss":0.0,"gold_gain":0.0,"event_name":"Purifier","player_choice":"Purged","floor":19.0,"gold_loss":0.0,"damage_taken":0.0},{"damage_healed":0,"gold_gain":0,"player_choice":"Ignored","damage_taken":0,"max_hp_gain":0,"max_hp_loss":0,"event_name":"Ghosts","floor":29,"gold_loss":0},{"damage_healed":0,"gold_gain":0,"cards_transformed":["Strike_B","Strike_B"],"player_choice":"Became Test Subject","damage_taken":0,"max_hp_gain":0,"max_hp_loss":0,"event_name":"Drug Dealer","floor":30,"gold_loss":0,"cards_obtained":["Blizzard","Darkness"]},{"damage_healed":0,"gold_gain":0,"player_choice":"Memory 1","damage_taken":0,"max_hp_gain":0,"max_hp_loss":0,"event_name":"SensoryStone","floor":37,"gold_loss":0},{"damage_healed":0,"gold_gain":0,"player_choice":"Ignored","damage_taken":0,"max_hp_gain":0,"max_hp_loss":0,"event_name":"Tomb of Lord Red Mask","floor":39,"gold_loss":0}],"is_beta":false,"boss_relics":[{"not_picked":["Nuclear Battery","White Beast Statue"],"picked":"Philosopher\u0027s Stone"},{"not_picked":["Lizard Tail","Astrolabe"],"picked":"Fusion Hammer"}],"items_purged_floors":[22,38],"is_endless":false,"potions_floor_spawned":[1,6,14,21,24,28,33,42,48],"ascension_level":14}