{"gold_per_floor":[119,139,159,159,172,198,198,198,198,198,217,244,52,52,52,151,151,167,181,209,134,150,425,454,100,100,100,116,116,116,151,151,249,249,264,281,503,503,522,553,167,201,201,234,334,345,345,345,345,345],"floor_reached":51,"playtime":2237,"items_purged":["Strike_B","Regret","Strike_B"],"score":1024,"play_id":"8793fc97-16ef-4464-bf0a-d49e32780bdd","local_time":"20190811024549","is_ascension_mode":true,"campfire_choices":[{"data":"Creative AI","floor":8.0,"key":"SMITH"},{"data":"Zap","floor":10.0,"key":"SMITH"},{"data":"Undo","floor":15.0,"key":"SMITH"},{"floor":27.0,"key":"REST"},{"data":"Echo Form","floor":29.0,"key":"SMITH"},{"data":"Self Repair","floor":32.0,"key":"SMITH"},{"data":"Biased Cognition","floor":49,"key":"SMITH"}],"neow_cost":"NONE","seed_source_timestamp":37244944602339,"circlet_count":0,"master_deck":["Defend_B","Defend_B","Defend_B","Defend_B","Zap+1","Dualcast","BootSequence","Ball Lightning","Creative AI+1","Beam Cell+1","Undo+1","Sunder+1","Go for the Eyes+1","Echo Form+1","Cold Snap+1","Ball Lightning+1","Self Repair+1","Fusion+1","Biased Cognition+1","Storm+1"],"special_seed":0,"relics":["Cracked Core","NeowsBlessing","Art of War","Molten Egg 2","Ginger","CultistMask","Runic Pyramid","Red Mask","Happy Flower","Singing Bowl","Letter Opener","Thread and Needle","Busted Crown","Frozen Egg 2","Runic Capacitor","Dodecahedron","Potion Belt","Dead Branch","Pear"],"potions_floor_usage":[],"damage_taken":[{"damage":0.0,"enemies":"Cultist","floor":1.0,"turns":1.0},{"damage":0.0,"enemies":"Jaw Worm","floor":2.0,"turns":1.0},{"damage":0.0,"enemies":"Small Slimes","floor":3.0,"turns":1.0},{"damage":19.0,"enemies":"3 Louse","floor":5.0,"turns":4.0},{"damage":20.0,"enemies":"3 Sentries","floor":6.0,"turns":7.0},{"damage":5.0,"enemies":"Gremlin Gang","floor":11.0,"turns":3.0},{"damage":0.0,"enemies":"Lagavulin","floor":12.0,"turns":5.0},{"damage":0.0,"enemies":"Slime Boss","floor":16.0,"turns":7.0},{"damage":0.0,"enemies":"Chosen","floor":18.0,"turns":4.0},{"damage":5.0,"enemies":"Shell Parasite","floor":19.0,"turns":4.0},{"damage":17.0,"enemies":"Masked Bandits","floor":20.0,"turns":4.0},{"damage":1.0,"enemies":"Cultist and Chosen","floor":22.0,"turns":4.0},{"damage":29.0,"enemies":"Slavers","floor":24.0,"turns":5.0},{"damage":2.0,"enemies":"3 Cultists","floor":28.0,"turns":5.0},{"damage":11.0,"enemies":"Gremlin Leader","floor":31.0,"turns":7.0},{"damage":0.0,"enemies":"Champ","floor":33.0,"turns":11.0},{"damage":0.0,"enemies":"Orb Walker","floor":35.0,"turns":2.0},{"damage":0.0,"enemies":"3 Shapes","floor":36.0,"turns":3.0},{"damage":12.0,"enemies":"Spire Growth","floor":39.0,"turns":5.0},{"damage":35.0,"enemies":"Nemesis","floor":40.0,"turns":9.0},{"damage":38.0,"enemies":"Reptomancer","floor":42.0,"turns":6.0},{"damage":23,"enemies":"Nemesis","floor":44,"turns":4},{"damage":0,"enemies":"Mind Bloom Boss Battle","floor":45,"turns":7},{"damage":8,"enemies":"Sphere and 2 Shapes","floor":46,"turns":4},{"damage":22,"enemies":"Donu and Deca","floor":50,"turns":6}],"seed_played":"8526861079712039333","potions_obtained":[{"floor":1.0,"key":"SteroidPotion"},{"floor":2.0,"key":"Swift Potion"},{"floor":11.0,"key":"SteroidPotion"},{"floor":22.0,"key":"FearPotion"},{"floor":24.0,"key":"Swift Potion"},{"floor":44,"key":"Swift Potion"}],"is_trial":false,"path_per_floor":["M","M","M","?","M","E","?","R","T","R","M","E","$","?","R","B",null,"M","M","?","?","M","?","E","$","T","R","M","R","$","E","R","B",null,"M","M","?","?","M","E","$","E","T","E","?","M","?","?","R","B",null],"character_chosen":"DEFECT","items_purchased":["Sunder+1","Go for the Eyes+1","Singing Bowl","Runic Capacitor","Storm+1"],"campfire_rested":1,"item_purchase_floors":[13,13,25,41,41],"current_hp_per_floor":[75,75,75,75,56,36,29,29,29,29,24,24,24,24,24,24,75,75,70,53,53,52,52,23,23,23,45,52,52,52,48,48,68,77,79,81,81,81,81,68,68,42,42,31,53,67,67,77,77,65],"gold":345,"neow_bonus":"THREE_ENEMY_KILL","is_prod":false,"is_daily":false,"chose_seed":false,"campfire_upgraded":6,"win_rate":0,"timestamp":1565484349,"path_taken":["M","?","M","?","M","E","?","R","T","R","M","E","$","?","R","BOSS","M","?","?","?","M","?","E","$","T","R","?","R","$","E","R","BOSS","M","M","?","?","?","E","?","E","T","E","?","M","?","?","R","BOSS"],"build_version":"2019-07-18","purchased_purges":3,"victory":true,"max_hp_per_floor":[75,75,75,75,75,75,75,75,75,75,75,75,75,75,75,75,75,75,75,75,75,75,75,75,75,75,75,77,77,77,77,77,77,77,79,81,81,81,83,85,85,87,87,89,91,93,88,98,98,98],"card_choices":[{"not_picked":["Beam Cell","Steam"],"picked":"BootSequence","floor":1.0},{"not_picked":["Go for the Eyes","Steam"],"picked":"Ball Lightning","floor":2.0},{"not_picked":["Gash","Chaos"],"picked":"Creative AI","floor":3.0},{"not_picked":["Streamline","Barrage"],"picked":"Ball Lightning","floor":5.0},{"not_picked":["Barrage","Rebound","Beam Cell"],"picked":"SKIP","floor":6.0},{"not_picked":["Streamline+1","Coolheaded"],"picked":"Beam Cell+1","floor":11.0},{"not_picked":["Coolheaded","Multi-Cast"],"picked":"Undo","floor":12.0},{"not_picked":["Fission","Hyperbeam+1"],"picked":"Echo Form","floor":16.0},{"not_picked":["Rebound+1","Lockon+1","Hologram"],"picked":"SKIP","floor":18.0},{"not_picked":["Streamline+1","Lockon+1","Aggregate"],"picked":"SKIP","floor":19.0},{"not_picked":["Rebound+1","Consume"],"picked":"Cold Snap+1","floor":20.0},{"not_picked":["Barrage+1","Undo"],"picked":"Ball Lightning+1","floor":22.0},{"not_picked":["Darkness","Heatsinks"],"picked":"Self Repair","floor":24.0},{"not_picked":["Streamline+1","Steam+1","Barrage+1"],"picked":"Singing Bowl","floor":28.0},{"not_picked":["Aggregate","Sweeping Beam+1"],"picked":"Fusion+1","floor":31.0},{"not_picked":["Reboot","Buffer"],"picked":"Biased Cognition","floor":33.0},{"not_picked":["Rebound+1"],"picked":"Singing Bowl","floor":35.0},{"not_picked":["Rebound+1"],"picked":"Singing Bowl","floor":36.0},{"not_picked":["Cold Snap+1"],"picked":"Singing Bowl","floor":39.0},{"not_picked":["Blizzard+1"],"picked":"Singing Bowl","floor":40.0},{"not_picked":["Coolheaded"],"picked":"Singing Bowl","floor":42.0},{"not_picked":["Genetic Algorithm+1"],"picked":"Singing Bowl","floor":44},{"not_picked":["Lockon+1"],"picked":"Singing Bowl","floor":45},{"not_picked":["Sunder+1"],"picked":"Singing Bowl","floor":46}],"player_experience":1979035,"relics_obtained":[{"floor":6.0,"key":"Art of War"},{"floor":9.0,"key":"Molten Egg 2"},{"floor":12.0,"key":"Ginger"},{"floor":20.0,"key":"Red Mask"},{"floor":24.0,"key":"Happy Flower"},{"floor":26.0,"key":"Letter Opener"},{"floor":31.0,"key":"Thread and Needle"},{"floor":40.0,"key":"Frozen Egg 2"},{"floor":42.0,"key":"Dodecahedron"},{"floor":44,"key":"Potion Belt"},{"floor":45,"key":"Dead Branch"}],"event_choices":[{"damage_healed":0.0,"max_hp_gain":0.0,"max_hp_loss":0.0,"gold_gain":0.0,"event_name":"Liars Game","player_choice":"Ignored","floor":4.0,"gold_loss":0.0,"damage_taken":0.0},{"cards_removed":["Strike_B"],"damage_healed":0.0,"max_hp_gain":0.0,"max_hp_loss":0.0,"gold_gain":0.0,"event_name":"Golden Wing","player_choice":"Card Removal","floor":7.0,"gold_loss":0.0,"damage_taken":7.0},{"damage_healed":0.0,"max_hp_gain":0.0,"max_hp_loss":0.0,"gold_gain":0.0,"event_name":"FaceTrader","player_choice":"Trade","floor":14.0,"gold_loss":0.0,"damage_taken":0.0,"relics_obtained":["CultistMask"]},{"damage_healed":0.0,"max_hp_gain":0.0,"max_hp_loss":0.0,"gold_gain":0.0,"event_name":"Masked Bandits","player_choice":"Fought Bandits","floor":20.0,"gold_loss":0.0,"damage_taken":0.0},{"cards_removed":["Strike_B"],"damage_healed":0.0,"max_hp_gain":0.0,"max_hp_loss":0.0,"gold_gain":0.0,"event_name":"Beggar","player_choice":"Gave Gold","floor":21.0,"gold_loss":75.0,"damage_taken":0.0},{"damage_healed":0.0,"max_hp_gain":0.0,"max_hp_loss":0.0,"gold_gain":275.0,"event_name":"Golden Shrine","player_choice":"Desecrate","floor":23.0,"gold_loss":0.0,"damage_taken":0.0,"cards_obtained":["Regret"]},{"damage_healed":0.0,"max_hp_gain":0.0,"max_hp_loss":0.0,"gold_gain":222.0,"event_name":"Tomb of Lord Red Mask","player_choice":"Wore Mask","floor":37.0,"gold_loss":0.0,"damage_taken":0.0},{"damage_healed":0.0,"max_hp_gain":0.0,"max_hp_loss":0.0,"gold_gain":0.0,"event_name":"Lab","player_choice":"Got Potions","floor":38.0,"gold_loss":0.0,"damage_taken":0.0},{"damage_healed":0,"gold_gain":0,"player_choice":"Fight","damage_taken":0,"max_hp_gain":0,"max_hp_loss":0,"event_name":"MindBloom","floor":45,"gold_loss":0},{"damage_healed":0,"gold_gain":0,"player_choice":"Max HP","damage_taken":0,"max_hp_gain":0,"max_hp_loss":5,"event_name":"Winding Halls","floor":47,"gold_loss":0},{"cards_removed":["Ball Lightning"],"damage_healed":0,"gold_gain":0,"player_choice":"Gave Card","damage_taken":0,"relics_obtained":["Pear"],"max_hp_gain":0,"max_hp_loss":0,"event_name":"WeMeetAgain","floor":48,"gold_loss":0}],"is_beta":true,"boss_relics":[{"not_picked":["Astrolabe","Inserter"],"picked":"Runic Pyramid"},{"not_picked":["Orrery","Runic Dome"],"picked":"Busted Crown"}],"items_purged_floors":[13,25,41],"is_endless":false,"potions_floor_spawned":[1,2,11,22,24,28,31,33,39,40,42,44],"ascension_level":1}