{"gold_per_floor":[118,22,40,40,54,83,83,111,111,111,111,111,125,143,143,234,234,250,274,298,68,68,103,103,14,38,38,57,57,57,57],"floor_reached":31,"playtime":1453,"items_purged":[],"score":500,"play_id":"427d0fe4-7c58-4c24-b242-2acd1bdcb30a","local_time":"20190806130752","is_ascension_mode":true,"campfire_choices":[{"data":"Zap","floor":7,"key":"SMITH"},{"data":"Dualcast","floor":12,"key":"SMITH"},{"floor":15,"key":"REST"},{"data":"Creative AI","floor":24,"key":"SMITH"},{"data":"Reboot","floor":27,"key":"SMITH"}],"neow_cost":"NONE","seed_source_timestamp":13293849343807,"circlet_count":0,"master_deck":["AscendersBane","Strike_B+1","Strike_B+1","Defend_B+1","Defend_B+1","Defend_B+1","Defend_B+1","Zap+1","Dualcast+1","Gash","Sunder+1","Go for the Eyes","Scrape","Reboot+1","Skim","Beam Cell","Echo Form","Reprogram+1","Creative AI+1","Self Repair","Gash"],"relics":["Runic Dome","Kunai","Thread and Needle","Sundial","Golden Idol","Empty Cage","Lee\u0027s Waffle","Enchiridion","Boot","Ancient Tea Set"],"potions_floor_usage":[6,8,16,20,23,28],"damage_taken":[{"damage":4,"enemies":"Small Slimes","floor":1,"turns":4},{"damage":1,"enemies":"Cultist","floor":3,"turns":4},{"damage":0,"enemies":"2 Louse","floor":5,"turns":2},{"damage":20,"enemies":"3 Sentries","floor":6,"turns":4},{"damage":18,"enemies":"Lagavulin","floor":8,"turns":7},{"damage":7,"enemies":"2 Fungi Beasts","floor":13,"turns":3},{"damage":3,"enemies":"3 Louse","floor":14,"turns":2},{"damage":2,"enemies":"Slime Boss","floor":16,"turns":6},{"damage":7,"enemies":"3 Byrds","floor":18,"turns":5},{"damage":6,"enemies":"Spheric Guardian","floor":19,"turns":5},{"damage":24,"enemies":"Shelled Parasite and Fungi","floor":20,"turns":6},{"damage":11,"enemies":"Book of Stabbing","floor":23,"turns":4},{"damage":20,"enemies":"Snake Plant","floor":28,"turns":3},{"damage":34,"enemies":"Slavers","floor":31,"turns":3}],"seed_played":"5346590879141165811","potions_obtained":[{"floor":3,"key":"AttackPotion"},{"floor":6,"key":"GamblersBrew"},{"floor":8,"key":"AttackPotion"},{"floor":18,"key":"LiquidBronze"},{"floor":19,"key":"SteroidPotion"},{"floor":20,"key":"EssenceOfSteel"},{"floor":28,"key":"Poison Potion"}],"is_trial":false,"path_per_floor":["M","$","M","?","M","E","R","E","T","?","?","R","M","M","R","B",null,"M","M","M","$","?","E","R","$","T","R","M","?","?","E"],"character_chosen":"DEFECT","items_purchased":["Gash","Sunder","Lee\u0027s Waffle","Self Repair"],"campfire_rested":1,"item_purchase_floors":[2,2,21,25],"current_hp_per_floor":[60,60,59,59,59,39,39,21,21,21,26,26,19,16,36,34,60,53,47,23,76,55,44,44,44,44,44,31,31,31,0],"gold":57,"neow_bonus":"BOSS_RELIC","is_prod":false,"is_daily":false,"chose_seed":false,"campfire_upgraded":4,"win_rate":0,"timestamp":1565064472,"path_taken":["M","$","M","?","?","E","R","E","T","?","?","R","M","M","R","BOSS","M","M","M","$","?","E","R","$","T","R","M","?","?","E"],"build_version":"2019-07-17","purchased_purges":0,"victory":false,"max_hp_per_floor":[71,71,71,71,71,71,71,71,71,64,69,69,69,69,69,69,69,69,69,69,76,76,76,76,76,76,76,76,76,76,76],"card_choices":[{"not_picked":["Compile Driver","Steam","Turbo"],"picked":"SKIP","floor":1},{"not_picked":["Stack","Streamline"],"picked":"Go for the Eyes","floor":3},{"not_picked":["Cold Snap","Stack"],"picked":"Scrape","floor":5},{"not_picked":["Streamline","Barrage","Chaos"],"picked":"SKIP","floor":6},{"not_picked":["Melter","Redo"],"picked":"Reboot","floor":8},{"not_picked":["White Noise","Steam"],"picked":"Skim","floor":13},{"not_picked":["Coolheaded","Tempest"],"picked":"Beam Cell","floor":14},{"not_picked":["Seek","Multi-Cast"],"picked":"Echo Form","floor":16},{"not_picked":["Stack","Melter+1"],"picked":"Reprogram+1","floor":18},{"not_picked":["Barrage","Steam Power","Compile Driver"],"picked":"SKIP","floor":19},{"not_picked":["Steam","Go for the Eyes","Redo"],"picked":"SKIP","floor":20},{"not_picked":["Chill","Chaos"],"picked":"Creative AI","floor":23},{"not_picked":["Loop","Tempest"],"picked":"Gash","floor":28}],"player_experience":254243,"relics_obtained":[{"floor":6,"key":"Kunai"},{"floor":8,"key":"Thread and Needle"},{"floor":9,"key":"Sundial"},{"floor":22,"key":"Enchiridion"},{"floor":23,"key":"Boot"},{"floor":26,"key":"Ancient Tea Set"}],"event_choices":[{"damage_healed":0,"gold_gain":0,"player_choice":"Upgraded","damage_taken":0,"max_hp_gain":0,"max_hp_loss":0,"event_name":"Upgrade Shrine","floor":4,"gold_loss":0,"cards_upgraded":["Sunder"]},{"damage_healed":0,"gold_gain":0,"player_choice":"Lose Max HP","damage_taken":0,"relics_obtained":["Golden Idol"],"max_hp_gain":0,"max_hp_loss":7,"event_name":"Golden Idol","floor":10,"gold_loss":0},{"damage_healed":0,"gold_gain":0,"player_choice":"Donut","damage_taken":0,"max_hp_gain":5,"max_hp_loss":0,"event_name":"Big Fish","floor":11,"gold_loss":0},{"damage_healed":0,"gold_gain":0,"player_choice":"Obtained Book","damage_taken":21,"max_hp_gain":0,"max_hp_loss":0,"event_name":"Cursed Tome","floor":22,"gold_loss":0},{"damage_healed":0,"gold_gain":0,"player_choice":"Simplicity","damage_taken":0,"max_hp_gain":0,"max_hp_loss":0,"event_name":"Back to Basics","floor":29,"gold_loss":0,"cards_upgraded":["Strike_B","Strike_B","Defend_B","Defend_B","Defend_B","Defend_B"]}],"is_beta":false,"boss_relics":[{"not_picked":["Lizard Tail","Eternal Feather"],"picked":"Empty Cage"}],"items_purged_floors":[],"is_endless":false,"potions_floor_spawned":[3,6,8,18,19,20,28],"killed_by":"Slavers","ascension_level":18}