{"gold_per_floor":[109,109,122,137,212,246,171,171,171,151,151,151],"floor_reached":12,"playtime":280,"items_purged":["Defend_B"],"score":144,"play_id":"d102d07d-8719-43da-b4d2-29f69bc32f7d","local_time":"20190806141617","is_ascension_mode":true,"campfire_choices":[{"data":"Zap","floor":8,"key":"SMITH"},{"floor":11,"key":"REST"}],"neow_cost":"NONE","seed_source_timestamp":18571979732213,"circlet_count":0,"master_deck":["AscendersBane","Strike_B","Strike_B","Strike_B","Strike_B","Defend_B","Defend_B","Defend_B","Zap+1","Dualcast","Ball Lightning","Conserve Battery","BootSequence","Gash"],"relics":["White Beast Statue","Sundial","The Courier"],"potions_floor_usage":[6,6,12],"damage_taken":[{"damage":13,"enemies":"2 Louse","floor":1,"turns":3},{"damage":0,"enemies":"Cultist","floor":3,"turns":3},{"damage":2,"enemies":"Jaw Worm","floor":4,"turns":4},{"damage":25,"enemies":"3 Sentries","floor":6,"turns":8},{"damage":35,"enemies":"Gremlin Nob","floor":12,"turns":3}],"seed_played":"3441872154754634685","potions_obtained":[{"floor":1,"key":"Energy Potion"},{"floor":3,"key":"Swift Potion"},{"floor":4,"key":"Strength Potion"},{"floor":6,"key":"Energy Potion"},{"floor":10,"key":"Block Potion"}],"is_trial":false,"path_per_floor":["M","$","M","M","?","E","$","R","T","?","R","E"],"character_chosen":"DEFECT","items_purchased":[],"campfire_rested":1,"item_purchase_floors":[],"current_hp_per_floor":[51,51,51,49,38,13,13,13,13,13,34,0],"gold":151,"neow_bonus":"BOSS_RELIC","is_prod":false,"is_daily":false,"chose_seed":false,"campfire_upgraded":1,"win_rate":0,"timestamp":1565068577,"path_taken":["M","$","M","M","?","E","$","R","T","?","R","E"],"build_version":"2019-07-17","purchased_purges":1,"victory":false,"max_hp_per_floor":[71,71,71,71,71,71,71,71,71,71,71,71],"card_choices":[{"not_picked":["Darkness","Rebound"],"picked":"Ball Lightning","floor":1},{"not_picked":["Stack","Auto Shields"],"picked":"Conserve Battery","floor":3},{"not_picked":["Undo","Redo"],"picked":"BootSequence","floor":4},{"not_picked":["Fission","Leap"],"picked":"Gash","floor":6}],"player_experience":259046,"relics_obtained":[{"floor":6,"key":"Sundial"},{"floor":9,"key":"The Courier"}],"event_choices":[{"damage_healed":0,"gold_gain":75,"player_choice":"Gather Gold","damage_taken":11,"max_hp_gain":0,"max_hp_loss":0,"event_name":"World of Goop","floor":5,"gold_loss":0},{"damage_healed":0,"gold_gain":0,"player_choice":"Bought 1 Potion","damage_taken":0,"max_hp_gain":0,"max_hp_loss":0,"event_name":"The Woman in Blue","floor":10,"gold_loss":0}],"is_beta":false,"boss_relics":[],"items_purged_floors":[7],"is_endless":false,"potions_floor_spawned":[1,3,4,6],"killed_by":"Gremlin Nob","ascension_level":18}