{"gold_per_floor":[369,369,369,282,194,194,233,233,233,233,257,257,257,281,281,281],"floor_reached":16,"playtime":384,"items_purged":[],"score":192,"play_id":"a24e4a25-bc3b-4eaa-90d2-785eb65ec077","local_time":"20190807195505","is_ascension_mode":true,"campfire_choices":[{"data":"Zap","floor":6,"key":"SMITH"},{"floor":8,"key":"REST"},{"data":"Dualcast","floor":10,"key":"SMITH"},{"floor":15,"key":"REST"}],"neow_cost":"PERCENT_DAMAGE","seed_source_timestamp":13026431357211,"circlet_count":0,"master_deck":["AscendersBane","Strike_B","Strike_B","Defend_B","Defend_B","Defend_B","Zap+1","Dualcast+1","Capacitor","Capacitor","Capacitor","Defragment","Hologram"],"relics":["Cracked Core","Golden Idol","Blue Candle","Peace Pipe"],"potions_floor_usage":[14,14],"damage_taken":[{"damage":0,"enemies":"Small Slimes","floor":1,"turns":2},{"damage":36,"enemies":"Gremlin Nob","floor":7,"turns":4},{"damage":4,"enemies":"Jaw Worm","floor":11,"turns":3},{"damage":3,"enemies":"2 Louse","floor":14,"turns":3},{"damage":38,"enemies":"Hexaghost","floor":16,"turns":7}],"seed_played":"7433167085653082786","potions_obtained":[{"floor":1,"key":"SpeedPotion"},{"floor":7,"key":"GamblersBrew"}],"is_trial":false,"path_per_floor":["M","?","?","$","$","R","E","R","T","R","M","?","?","M","R","B"],"character_chosen":"DEFECT","items_purchased":["Capacitor","Capacitor"],"campfire_rested":2,"item_purchase_floors":[4,5],"current_hp_per_floor":[46,46,46,46,46,46,10,29,29,29,25,18,18,15,34,0],"gold":281,"neow_bonus":"TWO_FIFTY_GOLD","is_prod":false,"is_daily":false,"chose_seed":false,"campfire_upgraded":2,"win_rate":0,"timestamp":1565175305,"path_taken":["M","?","?","?","$","R","E","R","T","R","M","?","?","?","R","BOSS"],"build_version":"2019-07-17","purchased_purges":0,"victory":false,"max_hp_per_floor":[71,71,64,64,64,64,64,64,64,64,64,64,64,64,64,64],"card_choices":[{"not_picked":["Tempest","Compile Driver","Redo"],"picked":"SKIP","floor":1},{"not_picked":["Cold Snap","Go for the Eyes"],"picked":"Capacitor","floor":7},{"not_picked":["Beam Cell","Turbo"],"picked":"Defragment","floor":11},{"not_picked":["Rebound","Gash"],"picked":"Hologram","floor":14}],"player_experience":289849,"relics_obtained":[{"floor":7,"key":"Blue Candle"},{"floor":9,"key":"Peace Pipe"}],"event_choices":[{"cards_removed":["Defend_B"],"damage_healed":0,"gold_gain":0,"player_choice":"Forget","damage_taken":0,"max_hp_gain":0,"max_hp_loss":0,"event_name":"Living Wall","floor":2,"gold_loss":0},{"damage_healed":0,"gold_gain":0,"player_choice":"Lose Max HP","damage_taken":0,"relics_obtained":["Golden Idol"],"max_hp_gain":0,"max_hp_loss":7,"event_name":"Golden Idol","floor":3,"gold_loss":0},{"cards_removed":["Strike_B"],"damage_healed":0,"gold_gain":0,"player_choice":"Card Removal","damage_taken":7,"max_hp_gain":0,"max_hp_loss":0,"event_name":"Golden Wing","floor":12,"gold_loss":0},{"cards_removed":["Strike_B"],"damage_healed":0,"gold_gain":0,"player_choice":"Offered Basic","damage_taken":0,"max_hp_gain":0,"max_hp_loss":0,"event_name":"Bonfire Elementals","floor":13,"gold_loss":0}],"is_beta":false,"boss_relics":[],"items_purged_floors":[],"is_endless":false,"potions_floor_spawned":[1,7],"killed_by":"Hexaghost","ascension_level":20}