{"gold_per_floor":[109,123,123,136,153,153,10,26,26,56,70,85,85,95,95,198,198,216,245,245,77,77,109,129,147,147,147,173,187,214,230,230,332,332,348,308,318,268,288,318,338,338,363,388,388,434,360,371,371,371],"floor_reached":51,"playtime":2796,"items_purged":["Strike_R","Strike_R","Strike_R"],"score":1091,"play_id":"642cc47b-d724-4263-855a-174ce20da4d5","local_time":"20190730233557","is_ascension_mode":true,"campfire_choices":[{"data":"Anger","floor":6,"key":"SMITH"},{"floor":13,"key":"REST"},{"data":"Cleave","floor":15,"key":"SMITH"},{"data":"Demon Form","floor":32,"key":"SMITH"},{"data":"Heavy Blade","floor":42,"key":"SMITH"},{"data":"Spot Weakness","floor":49,"key":"SMITH"}],"neow_cost":"NONE","seed_source_timestamp":196433041168900,"circlet_count":0,"master_deck":["Strike_R","Strike_R","Defend_R+1","Defend_R+1","Defend_R","Defend_R+1","Bash+1","Anger+1","Cleave+1","Rampage","Battle Trance","Demon Form+1","Shrug It Off","Ghostly","Ghostly","Ghostly","Ghostly","Ghostly","Spot Weakness+1","Flame Barrier+1","Rage+1","Heavy Blade+1","Blind"],"relics":["Burning Blood","Centennial Puzzle","War Paint","Regal Pillow","Mark of Pain","Red Mask","Meat on the Bone","The Courier","Incense Burner","Smiling Mask","Runic Dome","Bird Faced Urn","Strawberry","PreservedInsect","Blue Candle","Nunchaku"],"potions_floor_usage":[16,16,16,18,23,23,23,28,29,40,48,50,50,50],"damage_taken":[{"damage":1,"enemies":"Cultist","floor":1,"turns":3},{"damage":3,"enemies":"Small Slimes","floor":2,"turns":3},{"damage":1,"enemies":"2 Louse","floor":4,"turns":3},{"damage":16,"enemies":"Exordium Wildlife","floor":5,"turns":4},{"damage":6,"enemies":"Looter","floor":8,"turns":2},{"damage":24,"enemies":"Lagavulin","floor":10,"turns":5},{"damage":15,"enemies":"Gremlin Gang","floor":11,"turns":3},{"damage":23,"enemies":"Exordium Thugs","floor":12,"turns":5},{"damage":8,"enemies":"Lots of Slimes","floor":14,"turns":2},{"damage":0,"enemies":"Slime Boss","floor":16,"turns":4},{"damage":21,"enemies":"3 Byrds","floor":18,"turns":4},{"damage":61,"enemies":"Masked Bandits","floor":19,"turns":5},{"damage":5,"enemies":"Gremlin Leader","floor":23,"turns":4},{"damage":4,"enemies":"Shell Parasite","floor":24,"turns":5},{"damage":3,"enemies":"Snake Plant","floor":25,"turns":6},{"damage":3,"enemies":"Slavers","floor":28,"turns":6},{"damage":10,"enemies":"Snecko","floor":29,"turns":6},{"damage":4,"enemies":"Centurion and Healer","floor":31,"turns":6},{"damage":17,"enemies":"Automaton","floor":33,"turns":9},{"damage":0,"enemies":"3 Shapes","floor":35,"turns":7},{"damage":5,"enemies":"3 Darklings","floor":37,"turns":6},{"damage":1,"enemies":"Transient","floor":39,"turns":5},{"damage":20,"enemies":"Nemesis","floor":40,"turns":9},{"damage":3,"enemies":"Jaw Worm Horde","floor":41,"turns":5},{"damage":0,"enemies":"Giant Head","floor":44,"turns":7},{"damage":39,"enemies":"2 Orb Walkers","floor":46,"turns":9},{"damage":1,"enemies":"3 Darklings","floor":48,"turns":4},{"damage":26,"enemies":"Time Eater","floor":50,"turns":9}],"seed_played":"-2238664129363548375","potions_obtained":[{"floor":2,"key":"PowerPotion"},{"floor":8,"key":"EntropicBrew"},{"floor":11,"key":"Strength Potion"},{"floor":19,"key":"FearPotion"},{"floor":24,"key":"Energy Potion"},{"floor":25,"key":"GamblersBrew"},{"floor":33,"key":"Ancient Potion"},{"floor":37,"key":"Swift Potion"},{"floor":39,"key":"Strength Potion"},{"floor":40,"key":"BloodPotion"},{"floor":48,"key":"Regen Potion"}],"is_trial":false,"path_per_floor":["M","M","?","M","M","R","$","M","T","E","M","M","R","M","R","B",null,"M","?","?","$","$","E","M","M","T","?","E","M","T","M","R","B",null,"M","?","M","$","M","E","M","R","T","E","T","?","$","M","R","B",null],"character_chosen":"IRONCLAD","items_purchased":["Rampage","Spot Weakness","Blind"],"campfire_rested":1,"item_purchase_floors":[7,21,47],"current_hp_per_floor":[77,80,80,80,70,70,70,70,70,52,43,26,65,63,63,69,77,62,7,7,7,7,8,22,37,37,40,40,36,36,38,38,27,37,40,40,40,40,40,38,40,40,47,47,47,28,28,46,46,42],"gold":371,"neow_bonus":"RANDOM_COMMON_RELIC","is_prod":false,"is_daily":false,"chose_seed":false,"campfire_upgraded":5,"win_rate":0,"timestamp":1564547757,"path_taken":["M","M","?","?","M","R","$","M","T","E","M","M","R","M","R","BOSS","M","?","?","?","$","E","M","M","T","?","E","?","?","?","R","BOSS","M","?","?","$","M","E","M","R","T","E","?","?","$","M","R","BOSS"],"build_version":"2019-07-17","purchased_purges":3,"victory":true,"max_hp_per_floor":[80,80,80,80,80,80,80,80,80,80,80,80,80,80,80,80,80,80,80,40,40,40,40,40,40,40,40,40,40,40,40,40,40,40,40,40,40,40,40,40,40,40,47,47,47,47,47,47,47,47],"card_choices":[{"not_picked":["Twin Strike","Intimidate","Thunderclap"],"picked":"SKIP","floor":1},{"not_picked":["Ghostly Armor","Pommel Strike"],"picked":"Anger","floor":2},{"not_picked":["Metallicize","Twin Strike"],"picked":"Cleave","floor":4},{"not_picked":["True Grit","Entrench","Warcry"],"picked":"SKIP","floor":5},{"not_picked":["Thunderclap","Clash","Perfected Strike"],"picked":"SKIP","floor":8},{"not_picked":["Dropkick","Clothesline","Heavy Blade"],"picked":"SKIP","floor":10},{"not_picked":["Wild Strike","Sentinel","Iron Wave"],"picked":"SKIP","floor":11},{"not_picked":["Body Slam","True Grit","Dark Embrace"],"picked":"SKIP","floor":12},{"not_picked":["Warcry","Iron Wave"],"picked":"Battle Trance","floor":14},{"not_picked":["Feed","Juggernaut"],"picked":"Demon Form","floor":16},{"not_picked":["Headbutt","Cleave"],"picked":"Shrug It Off","floor":18},{"not_picked":["Pommel Strike","Metallicize"],"picked":"Flame Barrier","floor":23},{"not_picked":["Headbutt+1","Blood for Blood+1","Heavy Blade"],"picked":"SKIP","floor":24},{"not_picked":["Twin Strike","Demon Form","Anger+1"],"picked":"SKIP","floor":25},{"not_picked":["Inflame","Sever Soul+1","Dropkick+1"],"picked":"SKIP","floor":28},{"not_picked":["Inflame","Rupture","Feel No Pain"],"picked":"SKIP","floor":29},{"not_picked":["Perfected Strike+1","Reckless Charge","Clash"],"picked":"SKIP","floor":31},{"not_picked":["Dual Wield+1","Rampage","Heavy Blade"],"picked":"SKIP","floor":35},{"not_picked":["Armaments","Pommel Strike","Sword Boomerang+1"],"picked":"SKIP","floor":37},{"not_picked":["Corruption","Warcry+1","Cleave"],"picked":"SKIP","floor":39},{"not_picked":["Perfected Strike","Warcry"],"picked":"Rage+1","floor":40},{"not_picked":["Power Through+1","Shrug It Off"],"picked":"Heavy Blade","floor":41},{"not_picked":["Twin Strike+1","Iron Wave+1","Fiend Fire"],"picked":"SKIP","floor":44},{"not_picked":["Havoc","Flex","Twin Strike"],"picked":"SKIP","floor":48}],"player_experience":436939,"relics_obtained":[{"floor":9,"key":"War Paint"},{"floor":10,"key":"Regal Pillow"},{"floor":19,"key":"Red Mask"},{"floor":23,"key":"Meat on the Bone"},{"floor":26,"key":"The Courier"},{"floor":28,"key":"Incense Burner"},{"floor":30,"key":"Smiling Mask"},{"floor":40,"key":"Bird Faced Urn"},{"floor":43,"key":"Strawberry"},{"floor":44,"key":"PreservedInsect"},{"floor":45,"key":"Blue Candle"},{"floor":46,"key":"Nunchaku"}],"event_choices":[{"damage_healed":0,"gold_gain":0,"player_choice":"Forge","damage_taken":0,"max_hp_gain":0,"max_hp_loss":0,"event_name":"Accursed Blacksmith","floor":3,"gold_loss":0,"cards_upgraded":["Bash"]},{"damage_healed":0,"gold_gain":0,"player_choice":"Fought Bandits","damage_taken":0,"max_hp_gain":0,"max_hp_loss":0,"event_name":"Masked Bandits","floor":19,"gold_loss":0},{"damage_healed":0,"gold_gain":0,"player_choice":"Became a Ghost","damage_taken":0,"max_hp_gain":0,"max_hp_loss":40,"event_name":"Ghosts","floor":20,"gold_loss":0,"cards_obtained":["Ghostly","Ghostly","Ghostly","Ghostly","Ghostly"]},{"damage_healed":3,"gold_gain":0,"player_choice":"Full Heal","damage_taken":0,"max_hp_gain":0,"max_hp_loss":0,"event_name":"Wheel of Change","floor":27,"gold_loss":0},{"damage_healed":0,"gold_gain":0,"player_choice":"Upgraded Two","damage_taken":0,"max_hp_gain":0,"max_hp_loss":0,"event_name":"Designer","floor":36,"gold_loss":40,"cards_upgraded":["Defend_R","Flame Barrier"]},{"damage_healed":0,"gold_gain":0,"player_choice":"Fight","damage_taken":0,"max_hp_gain":0,"max_hp_loss":0,"event_name":"Mysterious Sphere","floor":46,"gold_loss":0}],"is_beta":false,"boss_relics":[{"not_picked":["Tiny House","Black Blood"],"picked":"Mark of Pain"},{"not_picked":["Philosopher\u0027s Stone","Calling Bell"],"picked":"Runic Dome"}],"items_purged_floors":[7,21,38],"is_endless":false,"potions_floor_spawned":[2,8,11,12,16,19,24,25,33,37,39,40,48],"ascension_level":6}