{"gold_per_floor":[113,113,125,44,44,44,44,72,72,99,99,24,42,77,77,77],"floor_reached":16,"playtime":652,"items_purged":["Strike_R"],"score":122,"play_id":"a4e9670d-e89e-44ee-81b1-9324459b9c21","local_time":"20190718224953","daily_mods":["Allstar","Green Cards","Elite Swarm"],"is_ascension_mode":true,"campfire_choices":[{"data":"Bash","floor":6.0,"key":"SMITH"},{"data":"Panacea","floor":11.0,"key":"SMITH"},{"data":"Die Die Die","floor":15.0,"key":"SMITH"}],"neow_cost":"","seed_source_timestamp":0,"circlet_count":0,"master_deck":["Strike_R","Strike_R","Strike_R","Strike_R","Defend_R","Defend_R","Defend_R","Defend_R","Bash+1","Panacea+1","Magnetism","Dramatic Entrance","Forethought","Purity","Inflame+1","Die Die Die+1","Reaper"],"special_seed":0,"relics":["Burning Blood","Paper Frog","Pear","Calipers","Oddly Smooth Stone","Mercury Hourglass","Vajra"],"potions_floor_usage":[],"damage_taken":[{"damage":1.0,"enemies":"2 Louse","floor":1.0,"turns":2.0},{"damage":1.0,"enemies":"Cultist","floor":3.0,"turns":3.0},{"damage":8.0,"enemies":"Gremlin Nob","floor":8.0,"turns":3.0},{"damage":30.0,"enemies":"Lagavulin","floor":10.0,"turns":6.0},{"damage":0.0,"enemies":"Small Slimes","floor":13.0,"turns":2.0},{"damage":3.0,"enemies":"3 Sentries","floor":14.0,"turns":3.0},{"damage":26,"enemies":"The Guardian","floor":16,"turns":3}],"seed_played":"-4689119362076152904","potions_obtained":[{"floor":1.0,"key":"Explosive Potion"},{"floor":10.0,"key":"GamblersBrew"}],"is_trial":true,"path_per_floor":["M","?","M","$","?","R","?","E","T","E","R","$","M","E","R","B"],"character_chosen":"IRONCLAD","items_purchased":["Inflame"],"campfire_rested":0,"item_purchase_floors":[4],"current_hp_per_floor":[80,80,80,80,87,87,87,85,85,61,61,61,67,70,70,44],"gold":77,"neow_bonus":"","is_prod":false,"is_daily":false,"chose_seed":false,"campfire_upgraded":3,"win_rate":0,"timestamp":1563508193,"path_taken":["M","?","?","?","?","R","?","E","T","E","R","$","?","E","R","BOSS"],"build_version":"2019-07-17","purchased_purges":1,"victory":false,"max_hp_per_floor":[80,80,80,80,90,90,90,90,90,90,90,90,90,90,90,90],"card_choices":[{"not_picked":["Backflip","Deflect","Slice"],"picked":"SKIP","floor":1.0},{"not_picked":["Thunderclap","Carnage","Perfected Strike"],"picked":"SKIP","floor":3.0},{"not_picked":["Burst","Impervious"],"picked":"Die Die Die","floor":8.0},{"not_picked":["Malaise","Envenom","Demon Form"],"picked":"SKIP","floor":10.0},{"not_picked":["Flying Knee","Setup","Iron Wave"],"picked":"SKIP","floor":13.0},{"not_picked":["Adrenaline","Die Die Die"],"picked":"Reaper","floor":14.0}],"player_experience":418446,"relics_obtained":[{"floor":8.0,"key":"Calipers"},{"floor":9.0,"key":"Oddly Smooth Stone"},{"floor":10.0,"key":"Mercury Hourglass"},{"floor":14.0,"key":"Vajra"}],"event_choices":[{"damage_healed":0.0,"max_hp_gain":0.0,"max_hp_loss":0.0,"gold_gain":0.0,"event_name":"WeMeetAgain","player_choice":"Gave Potion","floor":2.0,"gold_loss":0.0,"damage_taken":0.0,"relics_obtained":["Paper Frog"]},{"damage_healed":0.0,"max_hp_gain":0.0,"max_hp_loss":0.0,"gold_gain":0.0,"event_name":"Scrap Ooze","player_choice":"Success","floor":5.0,"gold_loss":0.0,"damage_taken":3.0,"relics_obtained":["Pear"]},{"damage_healed":0.0,"max_hp_gain":0.0,"max_hp_loss":0.0,"gold_gain":0.0,"event_name":"Accursed Blacksmith","player_choice":"Forge","floor":7.0,"gold_loss":0.0,"damage_taken":0.0,"cards_upgraded":["Inflame"]}],"is_beta":false,"boss_relics":[],"items_purged_floors":[12],"is_endless":false,"potions_floor_spawned":[1,10],"killed_by":"The Guardian","ascension_level":1}