{"gold_per_floor":[110,192,218,232,44,44,61,91,91,122,122,122,122,136,136,260,260,285,285,384,399,299,299,342,342,342,166,187,187,210,251,251,370,370,393,406,316,249,268,268,268],"floor_reached":41,"playtime":1858,"items_purged":["Defend_B","Strike_B","Strike_B"],"score":763,"play_id":"4ab39362-a8fb-45ab-b459-49da2156c12c","local_time":"20190803230336","is_ascension_mode":true,"campfire_choices":[{"data":"Apotheosis","floor":6,"key":"SMITH"},{"floor":13,"key":"REST"},{"data":"Defragment","floor":15,"key":"SMITH"},{"data":"Self Repair","floor":23,"key":"SMITH"},{"floor":25,"key":"REST"},{"floor":29,"key":"REST"},{"floor":32,"key":"REST"},{"floor":40,"key":"REST"}],"neow_cost":"","seed_source_timestamp":21380052891500,"circlet_count":0,"master_deck":["Strike_B","Strike_B","Defend_B+1","Defend_B","Zap","Dualcast","Leap","Static Discharge","Apotheosis+1","Defragment+1","Go for the Eyes+1","Ball Lightning","Biased Cognition","Self Repair+1","Glacier","Conserve Battery+1","BootSequence+1","Stack+1","White Noise+1","Seek+1","Capacitor","Steam+1"],"relics":["Cracked Core","Pantograph","Ancient Tea Set","DataDisk","Bag of Preparation","Ornamental Fan","Golden Idol","Orrery","Happy Flower","Toxic Egg 2","Symbiotic Virus","Nuclear Battery"],"potions_floor_usage":[16,16,33],"damage_taken":[{"damage":0,"enemies":"Cultist","floor":1,"turns":3},{"damage":7,"enemies":"Jaw Worm","floor":4,"turns":3},{"damage":0,"enemies":"Small Slimes","floor":7,"turns":3},{"damage":4,"enemies":"Lagavulin","floor":8,"turns":6},{"damage":6,"enemies":"Gremlin Nob","floor":10,"turns":3},{"damage":0,"enemies":"2 Fungi Beasts","floor":14,"turns":2},{"damage":18,"enemies":"Hexaghost","floor":16,"turns":6},{"damage":22,"enemies":"2 Thieves","floor":18,"turns":4},{"damage":8,"enemies":"Chosen","floor":21,"turns":4},{"damage":21,"enemies":"Slavers","floor":24,"turns":5},{"damage":4,"enemies":"Snake Plant","floor":28,"turns":4},{"damage":3,"enemies":"Centurion and Healer","floor":30,"turns":8},{"damage":49,"enemies":"Gremlin Leader","floor":31,"turns":7},{"damage":55,"enemies":"Automaton","floor":33,"turns":10},{"damage":2,"enemies":"Orb Walker","floor":35,"turns":3},{"damage":0,"enemies":"3 Darklings","floor":36,"turns":6},{"damage":56,"enemies":"4 Shapes","floor":39,"turns":4},{"damage":15,"enemies":"Writhing Mass","floor":41,"turns":6}],"seed_played":"-5888489363510898869","potions_obtained":[{"floor":4,"key":"SteroidPotion"},{"floor":8,"key":"Energy Potion"},{"floor":14,"key":"Weak Potion"},{"floor":16,"key":"FairyPotion"},{"floor":30,"key":"SteroidPotion"},{"floor":31,"key":"AttackPotion"},{"floor":33,"key":"EssenceOfSteel"},{"floor":35,"key":"SkillPotion"},{"floor":39,"key":"Energy Potion"}],"is_trial":false,"path_per_floor":["M","T","T","M","$","R","M","E","T","E","?","?","R","M","R","B",null,"M","?","?","M","$","R","E","R","T","$","M","R","M","E","R","B",null,"M","M","?","$","M","R","M"],"character_chosen":"DEFECT","items_purchased":["Leap","Static Discharge","Apotheosis","Conserve Battery+1","Capacitor"],"campfire_rested":5,"item_purchase_floors":[0,0,5,27,38],"current_hp_per_floor":[68,68,68,61,61,61,61,57,57,51,51,33,55,55,55,57,71,59,59,59,61,61,61,50,72,72,72,75,75,75,36,58,30,64,72,75,75,75,29,51,36],"gold":268,"neow_bonus":"","is_prod":false,"is_daily":false,"chose_seed":false,"campfire_upgraded":3,"win_rate":0,"timestamp":1564891416,"path_taken":["M","?","?","M","$","R","?","E","T","E","?","?","R","M","R","BOSS","M","?","?","M","$","R","E","R","T","$","M","R","M","E","R","BOSS","M","M","?","?","?","R","M"],"build_version":"2019-07-17","purchased_purges":3,"victory":false,"max_hp_per_floor":[75,75,75,75,75,75,75,75,75,75,75,75,75,75,75,75,75,75,75,75,75,75,75,75,75,75,75,75,75,75,75,75,75,75,75,75,75,75,75,75,75],"card_choices":[{"not_picked":["Hologram","Aggregate","Coolheaded"],"picked":"SKIP","floor":1},{"not_picked":["Storm","Aggregate","FTL"],"picked":"SKIP","floor":4},{"not_picked":["Redo","Beam Cell"],"picked":"Defragment","floor":7},{"not_picked":["Compile Driver","Turbo","Amplify"],"picked":"SKIP","floor":8},{"not_picked":["Double Energy","Sweeping Beam","Go for the Eyes"],"picked":"SKIP","floor":10},{"not_picked":["Double Energy","Sweeping Beam"],"picked":"Go for the Eyes","floor":10},{"not_picked":["Streamline","Amplify"],"picked":"Ball Lightning","floor":14},{"not_picked":["Reboot","Machine Learning"],"picked":"Biased Cognition","floor":16},{"not_picked":["Heatsinks","Stack"],"picked":"Self Repair","floor":17},{"not_picked":["Steam Power","Melter"],"picked":"Glacier","floor":17},{"not_picked":["Aggregate+1","Heatsinks","Amplify"],"picked":"SKIP","floor":18},{"not_picked":["Sweeping Beam","Go for the Eyes","Turbo+1"],"picked":"SKIP","floor":21},{"not_picked":["Gash","Hologram","Melter"],"picked":"SKIP","floor":24},{"not_picked":["Redo+1","Steam+1"],"picked":"BootSequence+1","floor":28},{"not_picked":["Hologram+1","Static Discharge+1"],"picked":"Stack+1","floor":30},{"not_picked":["Streamline","Genetic Algorithm+1"],"picked":"White Noise+1","floor":31},{"not_picked":["Meteor Strike","Rainbow+1"],"picked":"Seek+1","floor":33},{"not_picked":["Aggregate+1","Consume+1","Cold Snap"],"picked":"SKIP","floor":35},{"not_picked":["Sweeping Beam+1","Darkness+1","Rebound+1"],"picked":"SKIP","floor":36},{"not_picked":["Go for the Eyes+1","Reinforced Body+1"],"picked":"Steam+1","floor":39}],"player_experience":454837,"relics_obtained":[{"floor":2,"key":"Pantograph"},{"floor":3,"key":"Ancient Tea Set"},{"floor":8,"key":"DataDisk"},{"floor":9,"key":"Bag of Preparation"},{"floor":10,"key":"Ornamental Fan"},{"floor":24,"key":"Happy Flower"},{"floor":26,"key":"Toxic Egg 2"},{"floor":31,"key":"Symbiotic Virus"}],"event_choices":[{"damage_healed":0,"gold_gain":0,"player_choice":"Grow","damage_taken":0,"max_hp_gain":0,"max_hp_loss":0,"event_name":"Living Wall","floor":11,"gold_loss":0,"cards_upgraded":["Go for the Eyes"]},{"damage_healed":0,"gold_gain":0,"player_choice":"Take Damage","damage_taken":18,"relics_obtained":["Golden Idol"],"max_hp_gain":0,"max_hp_loss":0,"event_name":"Golden Idol","floor":12,"gold_loss":0},{"damage_healed":0,"gold_gain":0,"player_choice":"Ignored","damage_taken":0,"max_hp_gain":0,"max_hp_loss":0,"event_name":"Cursed Tome","floor":19,"gold_loss":0},{"damage_healed":0,"gold_gain":99,"player_choice":"Stole From Cult","damage_taken":0,"max_hp_gain":0,"max_hp_loss":0,"event_name":"Nest","floor":20,"gold_loss":0},{"cards_removed":["Defend_B"],"damage_healed":0,"gold_gain":0,"player_choice":"Upgrade and Remove","damage_taken":0,"max_hp_gain":0,"max_hp_loss":0,"event_name":"Designer","floor":37,"gold_loss":90,"cards_upgraded":["Defend_B"]}],"is_beta":false,"boss_relics":[{"not_picked":["Pandora\u0027s Box","Coffee Dripper"],"picked":"Orrery"},{"not_picked":["Tiny House","Inserter"],"picked":"Nuclear Battery"}],"items_purged_floors":[0,22,27],"is_endless":false,"potions_floor_spawned":[4,8,14,16,30,31,33,35,39],"killed_by":"Writhing Mass","ascension_level":6}