{"gold_per_floor":[117,117,117,17,35,35,65,65,65,91,91,122,122,156,156,251,251,191,191,191,114,114,114,114,114,114,114,114,114,114,92,92,92,92,92,53,53,53,53,53,53,53,53,53,53,53,53,53,53,53],"floor_reached":50,"playtime":2626,"items_purged":["Strike_B","Defend_B"],"score":876,"play_id":"f214b63f-22db-44d0-843e-dcc799abbc61","local_time":"20190622230828","is_ascension_mode":true,"campfire_choices":[{"data":"Zap","floor":6.0,"key":"SMITH"},{"data":"Steam","floor":8.0,"key":"SMITH"},{"data":"Dualcast","floor":11.0,"key":"SMITH"},{"floor":13.0,"key":"REST"},{"data":"Go for the Eyes","floor":15.0,"key":"SMITH"},{"data":"Machine Learning","floor":23,"key":"SMITH"},{"floor":25,"key":"REST"},{"floor":32,"key":"REST"},{"floor":40,"key":"REST"},{"floor":46,"key":"REST"},{"floor":49,"key":"REST"}],"neow_cost":"","seed_source_timestamp":0,"circlet_count":0,"master_deck":["Strike_B+1","Strike_B+1","Strike_B+1","Defend_B+1","Defend_B+1","Defend_B+1","Zap+1","Dualcast+1","Ball Lightning+1","Coolheaded","Auto Shields","Steam+1","Go for the Eyes+1","Machine Learning+1","Go for the Eyes","Genetic Algorithm","Defragment","Defragment+1","J.A.X.","Double Energy+1","Conserve Battery","Hyperbeam","Consume","Mind Blast","Core Surge","BootSequence+1"],"special_seed":0,"relics":["Cracked Core","WingedGreaves","Blood Vial","Symbiotic Virus","Lantern","Whetstone","Orichalcum","Ectoplasm","Potion Belt","Gremlin Horn","Ornamental Fan","Oddly Smooth Stone","Fusion Hammer","Juzu Bracelet","Pen Nib","Nunchaku"],"potions_floor_usage":[24,29,33,33,35,41,50,50],"damage_taken":[{"damage":7.0,"enemies":"Jaw Worm","floor":1.0,"turns":2.0},{"damage":0.0,"enemies":"Small Slimes","floor":5.0,"turns":3.0},{"damage":4.0,"enemies":"Lagavulin","floor":7.0,"turns":8.0},{"damage":9.0,"enemies":"Gremlin Nob","floor":10.0,"turns":3.0},{"damage":7.0,"enemies":"Lagavulin","floor":12.0,"turns":6.0},{"damage":19.0,"enemies":"Gremlin Nob","floor":14.0,"turns":4.0},{"damage":0.0,"enemies":"Slime Boss","floor":16.0,"turns":6.0},{"damage":13,"enemies":"2 Thieves","floor":18,"turns":4},{"damage":4,"enemies":"Spheric Guardian","floor":19,"turns":4},{"damage":7,"enemies":"Chosen and Byrds","floor":20,"turns":5},{"damage":15,"enemies":"Snake Plant","floor":22,"turns":3},{"damage":13,"enemies":"Book of Stabbing","floor":24,"turns":5},{"damage":51,"enemies":"Slavers","floor":29,"turns":6},{"damage":21,"enemies":"Collector","floor":33,"turns":9},{"damage":4,"enemies":"Orb Walker","floor":35,"turns":4},{"damage":33,"enemies":"Nemesis","floor":41,"turns":9},{"damage":14,"enemies":"3 Darklings","floor":42,"turns":3},{"damage":20,"enemies":"Maw","floor":44,"turns":7},{"damage":13,"enemies":"4 Shapes","floor":48,"turns":6},{"damage":49,"enemies":"Time Eater","floor":50,"turns":5}],"seed_played":"4331684805561629210","potions_obtained":[{"floor":3.0,"key":"Swift Potion"},{"floor":3.0,"key":"Strength Potion"},{"floor":3.0,"key":"SkillPotion"},{"floor":7.0,"key":"Explosive Potion"},{"floor":12.0,"key":"Dexterity Potion"},{"floor":18,"key":"Weak Potion"},{"floor":20,"key":"SteroidPotion"},{"floor":29,"key":"SkillPotion"},{"floor":33,"key":"Block Potion"},{"floor":35,"key":"Fruit Juice"},{"floor":41,"key":"LiquidBronze"},{"floor":44,"key":"PowerPotion"}],"is_trial":false,"path_per_floor":["M","?","?","$","M","R","E","R","T","E","R","E","R","E","R","B",null,"M","M","M","$","M","R","E","R","T","?","T","E","?","$","R","B",null,"M","$","?","T","?","R","E","M","T","M","?","R","?","M","R","B"],"character_chosen":"DEFECT","items_purchased":["Ball Lightning","Coolheaded","Defragment","Conserve Battery","Consume"],"campfire_rested":6,"item_purchase_floors":[0,0,21,31,36],"current_hp_per_floor":[49,49,49,49,49,49,45,45,45,38,38,33,55,38,38,40,75,62,60,55,55,42,42,31,53,53,53,53,4,4,4,26,7,75,71,71,71,71,71,71,43,31,31,13,13,35,35,24,46,0],"gold":53,"neow_bonus":"","is_prod":false,"is_daily":false,"chose_seed":false,"campfire_upgraded":5,"win_rate":0,"timestamp":1561262908,"path_taken":["M","?","?","$","M","R","E","R","T","E","R","E","R","E","R","BOSS","M","?","M","$","M","R","E","R","T","?","?","E","?","?","R","BOSS","M","$","?","?","?","R","E","M","T","M","?","R","?","M","R","BOSS"],"build_version":"2019-01-23","purchased_purges":2,"victory":false,"max_hp_per_floor":[75,75,75,75,75,75,75,75,75,75,75,75,75,75,75,75,75,75,75,75,75,75,75,75,75,75,75,75,75,75,75,75,75,75,75,75,71,71,71,71,76,76,76,76,76,76,76,76,76,76],"card_choices":[{"not_picked":["Beam Cell","Go for the Eyes"],"picked":"Auto Shields","floor":1.0},{"not_picked":["Undo","Steam Power","FTL"],"picked":"SKIP","floor":5.0},{"not_picked":["Leap","White Noise"],"picked":"Steam","floor":7.0},{"not_picked":["Sweeping Beam","Undo","Thunder Strike"],"picked":"SKIP","floor":10.0},{"not_picked":["Static Discharge","Beam Cell"],"picked":"Go for the Eyes","floor":12.0},{"not_picked":["Tempest","Auto Shields","Coolheaded"],"picked":"SKIP","floor":14.0},{"not_picked":["Thunder Strike","Creative AI"],"picked":"Machine Learning","floor":16.0},{"not_picked":["White Noise","Barrage"],"picked":"Go for the Eyes","floor":18},{"not_picked":["Steam Power","Steam"],"picked":"Genetic Algorithm","floor":19},{"not_picked":["Steam Power","Capacitor","FTL+1"],"picked":"SKIP","floor":20},{"not_picked":["Steam","Coolheaded"],"picked":"Defragment+1","floor":22},{"not_picked":["Steam Power+1","Turbo","Tempest"],"picked":"SKIP","floor":24},{"not_picked":["Stack","Turbo"],"picked":"Double Energy+1","floor":29},{"not_picked":["Thunder Strike","Fission"],"picked":"Hyperbeam","floor":33},{"not_picked":["Gash","Redo","Beam Cell"],"picked":"SKIP","floor":35},{"not_picked":["Coolheaded","Steam Power"],"picked":"Core Surge","floor":41},{"not_picked":["Consume","Ball Lightning","Go for the Eyes"],"picked":"SKIP","floor":42},{"not_picked":["Recycle","Double Energy"],"picked":"BootSequence+1","floor":44},{"not_picked":["Recycle+1","Barrage","Steam Power+1"],"picked":"SKIP","floor":48}],"player_experience":364528,"relics_obtained":[{"floor":7.0,"key":"Blood Vial"},{"floor":9.0,"key":"Symbiotic Virus"},{"floor":10.0,"key":"Lantern"},{"floor":12.0,"key":"Whetstone"},{"floor":14.0,"key":"Orichalcum"},{"floor":24,"key":"Potion Belt"},{"floor":26,"key":"Gremlin Horn"},{"floor":28,"key":"Ornamental Fan"},{"floor":29,"key":"Oddly Smooth Stone"},{"floor":38,"key":"Juzu Bracelet"},{"floor":41,"key":"Pen Nib"},{"floor":43,"key":"Nunchaku"}],"event_choices":[{"damage_healed":0.0,"max_hp_gain":0.0,"max_hp_loss":0.0,"gold_gain":0.0,"event_name":"Scrap Ooze","player_choice":"Fled","floor":2.0,"gold_loss":0.0,"damage_taken":0.0},{"damage_healed":0.0,"max_hp_gain":0.0,"max_hp_loss":0.0,"gold_gain":0.0,"event_name":"Lab","player_choice":"Got Potions","floor":3.0,"gold_loss":0.0,"damage_taken":0.0},{"damage_healed":0,"gold_gain":0,"player_choice":"Obtain J.A.X.","damage_taken":0,"max_hp_gain":0,"max_hp_loss":0,"event_name":"Drug Dealer","floor":27,"gold_loss":0,"cards_obtained":["J.A.X."]},{"damage_healed":0,"gold_gain":0,"player_choice":"Simplicity","damage_taken":0,"max_hp_gain":0,"max_hp_loss":0,"event_name":"Back to Basics","floor":30,"gold_loss":0,"cards_upgraded":["Strike_B","Strike_B","Defend_B","Defend_B","Defend_B"]},{"damage_healed":0,"gold_gain":0,"player_choice":"Max HP","damage_taken":0,"max_hp_gain":0,"max_hp_loss":4,"event_name":"Winding Halls","floor":37,"gold_loss":0},{"damage_healed":0,"gold_gain":0,"cards_transformed":["Sadistic Nature"],"player_choice":"Transformed","damage_taken":0,"max_hp_gain":0,"max_hp_loss":0,"event_name":"Transmorgrifier","floor":39,"gold_loss":0,"cards_obtained":["Mind Blast"]},{"damage_healed":0,"gold_gain":0,"player_choice":"Ignored","damage_taken":0,"max_hp_gain":0,"max_hp_loss":0,"event_name":"The Moai Head","floor":45,"gold_loss":0},{"damage_healed":0,"gold_gain":0,"player_choice":"Leave","damage_taken":0,"max_hp_gain":0,"max_hp_loss":0,"event_name":"FaceTrader","floor":47,"gold_loss":0}],"is_beta":false,"boss_relics":[{"not_picked":["White Beast Statue","Runic Dome"],"picked":"Ectoplasm"},{"not_picked":["Astrolabe","Eternal Feather"],"picked":"Fusion Hammer"}],"items_purged_floors":[0,4],"is_endless":false,"potions_floor_spawned":[5,7,12,18,20,29,33,35,41,44],"killed_by":"Time Eater","ascension_level":4}