{"gold_per_floor":[113,133,20,40,59,59,59,86,111,144,144,174,174,174,174,252,252,267,267],"floor_reached":19,"playtime":612,"items_purged":[],"score":370,"play_id":"a8b2b8ae-813e-48ee-a862-524e8331256b","local_time":"20190613191734","is_ascension_mode":true,"campfire_choices":[{"data":"Loop","floor":6,"key":"SMITH"},{"floor":11,"key":"REST"},{"floor":15,"key":"REST"}],"neow_cost":"NONE","seed_source_timestamp":1622029254887,"circlet_count":0,"master_deck":["AscendersBane","Strike_B","Strike_B","Strike_B","Strike_B","Defend_B","Defend_B+1","Defend_B","Defend_B","Zap","Dualcast+1","Ball Lightning","Cold Snap","Auto Shields","Loop+1","Beam Cell","Coolheaded","Conserve Battery","All For One","Steam"],"relics":["Cracked Core","War Paint","Omamori","Vajra","Pen Nib","Anchor","Inserter"],"potions_floor_usage":[10,18],"damage_taken":[{"damage":0,"enemies":"Cultist","floor":1,"turns":4},{"damage":8,"enemies":"2 Louse","floor":2,"turns":2},{"damage":0,"enemies":"Small Slimes","floor":4,"turns":3},{"damage":10,"enemies":"Gremlin Gang","floor":5,"turns":4},{"damage":22,"enemies":"3 Sentries","floor":8,"turns":7},{"damage":9,"enemies":"Gremlin Nob","floor":10,"turns":3},{"damage":8,"enemies":"Lagavulin","floor":12,"turns":5},{"damage":3,"enemies":"The Guardian","floor":16,"turns":12},{"damage":28,"enemies":"3 Byrds","floor":18,"turns":4},{"damage":42,"enemies":"Chosen","floor":19,"turns":5}],"seed_played":"-1415089430715427310","potions_obtained":[{"floor":5,"key":"AttackPotion"},{"floor":10,"key":"Energy Potion"},{"floor":12,"key":"Ancient Potion"},{"floor":14,"key":"PowerPotion"}],"is_trial":false,"path_per_floor":["M","M","$","M","M","R","$","E","T","E","R","E","?","?","R","B",null,"M","M"],"character_chosen":"DEFECT","items_purchased":["Auto Shields","Loop"],"campfire_rested":2,"item_purchase_floors":[3,3],"current_hp_per_floor":[64,56,56,56,46,46,46,24,24,15,36,28,10,10,31,28,60,32,0],"gold":267,"neow_bonus":"RANDOM_COMMON_RELIC","is_prod":false,"is_daily":false,"chose_seed":false,"campfire_upgraded":1,"win_rate":0,"timestamp":1560446254,"path_taken":["M","M","$","M","M","R","?","E","T","E","R","E","?","?","R","BOSS","M","?"],"build_version":"2019-06-12","purchased_purges":0,"victory":false,"max_hp_per_floor":[71,71,71,71,71,71,71,71,71,71,71,71,71,71,71,71,71,71,71],"card_choices":[{"not_picked":["Gash","Conserve Battery"],"picked":"Ball Lightning","floor":1},{"not_picked":["Lockon","Steam"],"picked":"Cold Snap","floor":2},{"not_picked":["Hologram","Compile Driver"],"picked":"Beam Cell","floor":4},{"not_picked":["Tempest","Lockon"],"picked":"Coolheaded","floor":5},{"not_picked":["Redo","Turbo","Amplify"],"picked":"SKIP","floor":8},{"not_picked":["Darkness","Aggregate","Ball Lightning"],"picked":"SKIP","floor":10},{"not_picked":["Turbo","Hologram"],"picked":"Conserve Battery","floor":12},{"not_picked":["Meteor Strike","Creative AI"],"picked":"All For One","floor":16},{"not_picked":["Rip and Tear+1","Capacitor"],"picked":"Steam","floor":18}],"player_experience":1713082,"relics_obtained":[{"floor":8,"key":"Omamori"},{"floor":9,"key":"Vajra"},{"floor":10,"key":"Pen Nib"},{"floor":12,"key":"Anchor"}],"event_choices":[{"damage_healed":0,"gold_gain":0,"player_choice":"Fled","damage_taken":18,"max_hp_gain":0,"max_hp_loss":0,"event_name":"Scrap Ooze","floor":13,"gold_loss":0},{"damage_healed":0,"gold_gain":0,"player_choice":"Got Potions","damage_taken":0,"max_hp_gain":0,"max_hp_loss":0,"event_name":"Lab","floor":14,"gold_loss":0}],"is_beta":true,"boss_relics":[{"not_picked":["Astrolabe","Nuclear Battery"],"picked":"Inserter"}],"items_purged_floors":[],"is_endless":false,"potions_floor_spawned":[5,10,12],"killed_by":"Chosen","ascension_level":20}