{"gold_per_floor":[113,113,113,113,35,76,76,76,76,112,132,171,16,32,32,157,157,181,280,280,305,305],"floor_reached":22,"playtime":563,"items_purged":[],"score":400,"play_id":"f061b66b-6e33-41cd-ad1d-0fca6a0d5a47","local_time":"20190804125651","is_ascension_mode":true,"campfire_choices":[{"data":"Recycle","floor":8,"key":"SMITH"},{"floor":15,"key":"REST"}],"neow_cost":"NONE","seed_source_timestamp":78156598269409,"circlet_count":0,"master_deck":["AscendersBane","Strike_B+1","Strike_B+1","Strike_B","Strike_B","Defend_B","Defend_B+1","Defend_B","Defend_B","Zap+1","Dualcast","Double Energy","Recycle+1","Recycle+1","Loop","Streamline","Loop","Scrape","Leap"],"relics":["Cracked Core","NeowsBlessing","Golden Idol","Bronze Scales","Whetstone","Omamori","StoneCalendar","PreservedInsect","Cursed Key"],"potions_floor_usage":[12,16,18],"damage_taken":[{"damage":0,"enemies":"2 Louse","floor":1,"turns":1},{"damage":0,"enemies":"3 Sentries","floor":6,"turns":1},{"damage":0,"enemies":"Lagavulin","floor":10,"turns":1},{"damage":7,"enemies":"Jaw Worm","floor":11,"turns":3},{"damage":28,"enemies":"3 Sentries","floor":12,"turns":6},{"damage":0,"enemies":"Small Slimes","floor":14,"turns":3},{"damage":24,"enemies":"Hexaghost","floor":16,"turns":7},{"damage":28,"enemies":"2 Thieves","floor":18,"turns":4},{"damage":27,"enemies":"Shell Parasite","floor":21,"turns":6},{"damage":0,"enemies":"Snecko","floor":22,"turns":2}],"seed_played":"-2078914466781301510","potions_obtained":[{"floor":11,"key":"Block Potion"},{"floor":12,"key":"FearPotion"},{"floor":14,"key":"AttackPotion"},{"floor":16,"key":"Swift Potion"},{"floor":20,"key":"SteroidPotion"}],"is_trial":false,"path_per_floor":["M","?","?","?","$","E","?","R","T","E","M","E","$","M","R","B",null,"M","?","?","M","M"],"character_chosen":"DEFECT","items_purchased":["Recycle","PreservedInsect"],"campfire_rested":1,"item_purchase_floors":[5,13],"current_hp_per_floor":[68,50,55,39,39,39,39,39,39,39,32,4,4,4,28,4,61,33,33,33,6,6],"gold":305,"neow_bonus":"THREE_ENEMY_KILL","is_prod":false,"is_daily":false,"chose_seed":false,"campfire_upgraded":1,"win_rate":0,"timestamp":1564891011,"path_taken":["M","?","?","?","$","E","?","R","T","E","?","E","?","?","R","BOSS","M","?","?","M","?"],"build_version":"2019-07-17","purchased_purges":0,"victory":false,"max_hp_per_floor":[75,75,80,80,80,80,80,80,80,80,80,80,80,80,80,80,80,80,80,80,80,80],"card_choices":[{"not_picked":["Sweeping Beam","Turbo"],"picked":"Double Energy","floor":1},{"not_picked":["Steam","Rebound"],"picked":"Recycle","floor":6},{"not_picked":["Double Energy","Steam Power"],"picked":"Loop","floor":10},{"not_picked":["Heatsinks","Darkness"],"picked":"Streamline","floor":11},{"not_picked":["Lockon","Compile Driver"],"picked":"Loop","floor":12},{"not_picked":["Storm","Rebound","Steam"],"picked":"SKIP","floor":14},{"not_picked":["White Noise","Hello World"],"picked":"Scrape","floor":18},{"not_picked":["Hologram","BootSequence"],"picked":"Leap","floor":21}],"player_experience":212505,"relics_obtained":[{"floor":6,"key":"Bronze Scales"},{"floor":9,"key":"Whetstone"},{"floor":10,"key":"Omamori"},{"floor":12,"key":"StoneCalendar"}],"event_choices":[{"damage_healed":0,"gold_gain":0,"player_choice":"Take Damage","damage_taken":18,"relics_obtained":["Golden Idol"],"max_hp_gain":0,"max_hp_loss":0,"event_name":"Golden Idol","floor":2,"gold_loss":0},{"damage_healed":0,"gold_gain":0,"player_choice":"Donut","damage_taken":0,"max_hp_gain":5,"max_hp_loss":0,"event_name":"Big Fish","floor":3,"gold_loss":0},{"damage_healed":0,"gold_gain":0,"player_choice":"Entered Light","damage_taken":16,"max_hp_gain":0,"max_hp_loss":0,"event_name":"Shining Light","floor":4,"gold_loss":0,"cards_upgraded":["Zap","Defend_B"]},{"damage_healed":0,"gold_gain":0,"player_choice":"Upgraded","damage_taken":0,"max_hp_gain":0,"max_hp_loss":0,"event_name":"Upgrade Shrine","floor":7,"gold_loss":0,"cards_upgraded":["Recycle"]},{"damage_healed":0,"gold_gain":99,"player_choice":"Stole From Cult","damage_taken":0,"max_hp_gain":0,"max_hp_loss":0,"event_name":"Nest","floor":19,"gold_loss":0},{"damage_healed":0,"gold_gain":0,"player_choice":"Got Potions","damage_taken":0,"max_hp_gain":0,"max_hp_loss":0,"event_name":"Lab","floor":20,"gold_loss":0}],"is_beta":false,"boss_relics":[{"not_picked":["Coffee Dripper","Calling Bell"],"picked":"Cursed Key"}],"items_purged_floors":[],"is_endless":false,"potions_floor_spawned":[11,12,14,16],"killed_by":"Snecko","ascension_level":12}