{"gold_per_floor":[367,381,401,412,46,46,59,59,110,41,60,76,87,103,103,208,208,227,247,20,39,55,55,55,68,122,22,22],"floor_reached":28,"playtime":3211,"items_purged":["Defend_B","Strike_B"],"score":267,"play_id":"40876f38-2d61-45ce-9482-d61045902936","local_time":"20190729000217","is_ascension_mode":false,"campfire_choices":[{"data":"Tempest","floor":6,"key":"SMITH"},{"floor":15,"key":"REST"}],"neow_cost":"CURSE","seed_source_timestamp":184885274123994,"circlet_count":0,"master_deck":["Strike_B+1","Strike_B","Strike_B+1","Defend_B","Defend_B","Defend_B","Zap","Dualcast","Tempest+1","Conserve Battery","Lockon","Defragment","FTL","Echo Form","Ball Lightning","Seek","Gash","Hologram","Chill","Gash"],"relics":["Cracked Core","Gambling Chip","Spirit Poop","Busted Crown","Happy Flower","Molten Egg 2","Nloth\u0027s Gift","Anchor"],"potions_floor_usage":[4,14,16,16,18,25,25],"damage_taken":[{"damage":1,"enemies":"Cultist","floor":1,"turns":4},{"damage":0,"enemies":"2 Louse","floor":2,"turns":3},{"damage":1,"enemies":"Jaw Worm","floor":3,"turns":3},{"damage":9,"enemies":"3 Louse","floor":4,"turns":4},{"damage":23,"enemies":"Gremlin Gang","floor":7,"turns":4},{"damage":23,"enemies":"Lots of Slimes","floor":11,"turns":3},{"damage":3,"enemies":"Looter","floor":12,"turns":2},{"damage":12,"enemies":"Exordium Thugs","floor":13,"turns":4},{"damage":0,"enemies":"Large Slime","floor":14,"turns":3},{"damage":0,"enemies":"Slime Boss","floor":16,"turns":6},{"damage":0,"enemies":"Spheric Guardian","floor":18,"turns":3},{"damage":18,"enemies":"3 Byrds","floor":19,"turns":3},{"damage":14,"enemies":"Snake Plant","floor":21,"turns":3},{"damage":20,"enemies":"Centurion and Healer","floor":22,"turns":6},{"damage":9,"enemies":"3 Cultists","floor":25,"turns":7},{"damage":18,"enemies":"Shelled Parasite and Fungi","floor":28,"turns":3}],"seed_played":"8811007598503804697","potions_obtained":[{"floor":1,"key":"SteroidPotion"},{"floor":2,"key":"SpeedPotion"},{"floor":7,"key":"Poison Potion"},{"floor":13,"key":"PowerPotion"},{"floor":16,"key":"EssenceOfSteel"},{"floor":21,"key":"SteroidPotion"},{"floor":22,"key":"Weak Potion"}],"is_trial":false,"path_per_floor":["M","M","M","M","$","R","M","?","T","$","M","M","M","M","R","B",null,"M","M","$","M","M","?","?","M","T","$","M"],"character_chosen":"DEFECT","items_purchased":["Gambling Chip","Defragment","Happy Flower","Gash","Hologram"],"campfire_rested":1,"item_purchase_floors":[5,10,20,20,20],"current_hp_per_floor":[74,74,73,64,64,64,41,41,41,41,18,15,3,3,24,24,72,72,54,54,40,20,20,20,11,11,11,0],"gold":22,"neow_bonus":"TWO_FIFTY_GOLD","is_prod":false,"is_daily":false,"chose_seed":false,"campfire_upgraded":1,"win_rate":0,"timestamp":1564351337,"path_taken":["M","M","?","M","$","R","M","?","T","$","?","M","M","M","R","BOSS","M","M","$","M","M","?","?","?","T","?","M"],"build_version":"2019-07-17","purchased_purges":2,"victory":false,"max_hp_per_floor":[75,75,75,75,75,75,75,72,72,72,72,72,72,72,72,72,72,72,72,72,72,72,72,72,72,72,72,72],"card_choices":[{"not_picked":["Reprogram","Hologram"],"picked":"Tempest","floor":1},{"not_picked":["Cold Snap","Coolheaded"],"picked":"Conserve Battery","floor":2},{"not_picked":["Scrape","Stack"],"picked":"Lockon","floor":3},{"not_picked":["Conserve Battery","Streamline","Aggregate"],"picked":"SKIP","floor":4},{"not_picked":["Static Discharge","Steam","Rebound"],"picked":"SKIP","floor":7},{"not_picked":["Barrage","Ball Lightning"],"picked":"FTL","floor":11},{"not_picked":["Turbo","Skim"],"picked":"Echo Form","floor":12},{"not_picked":["Turbo","Steam"],"picked":"Ball Lightning","floor":13},{"not_picked":["Turbo","Compile Driver","Ball Lightning"],"picked":"SKIP","floor":14},{"not_picked":["Reboot","Rainbow"],"picked":"Seek","floor":16},{"not_picked":["Streamline"],"picked":"SKIP","floor":18},{"not_picked":["Turbo"],"picked":"SKIP","floor":19},{"not_picked":[],"picked":"Chill","floor":21},{"not_picked":[],"picked":"Gash","floor":22},{"not_picked":["Go for the Eyes+1"],"picked":"SKIP","floor":25}],"player_experience":73665,"relics_obtained":[{"floor":9,"key":"Whetstone"},{"floor":26,"key":"Anchor"}],"event_choices":[{"cards_removed":["Parasite"],"damage_healed":0,"gold_gain":0,"player_choice":"Offered Curse","damage_taken":0,"relics_obtained":["Spirit Poop"],"max_hp_gain":0,"max_hp_loss":0,"event_name":"Bonfire Elementals","floor":8,"gold_loss":0},{"damage_healed":0,"gold_gain":0,"player_choice":"Opened","damage_taken":0,"relics_obtained":["Molten Egg 2"],"max_hp_gain":0,"max_hp_loss":0,"event_name":"The Mausoleum","floor":23,"gold_loss":0},{"damage_healed":0,"gold_gain":0,"player_choice":"Traded Relic","damage_taken":0,"relics_obtained":["Nloth\u0027s Gift"],"max_hp_gain":0,"max_hp_loss":0,"event_name":"N\u0027loth","floor":24,"relics_lost":["Whetstone"],"gold_loss":0}],"is_beta":false,"boss_relics":[{"not_picked":["Eternal Feather","Empty Cage"],"picked":"Busted Crown"}],"items_purged_floors":[5,27],"is_endless":false,"potions_floor_spawned":[1,2,7,13,16,21,22],"killed_by":"Shelled Parasite and Fungi","ascension_level":0}