{"gold_per_floor":[113,113,38,138,148,173,173,199,199,213,213,227,127,127],"floor_reached":14,"playtime":335,"items_purged":["Defend_B","Strike_B"],"score":209,"play_id":"4da491f7-852d-455e-856c-835b3655a673","local_time":"20190804174235","is_ascension_mode":true,"campfire_choices":[{"data":"Recycle","floor":7,"key":"SMITH"},{"data":"Streamline","floor":11,"key":"SMITH"}],"neow_cost":"NONE","seed_source_timestamp":95529244718264,"circlet_count":0,"master_deck":["AscendersBane","Strike_B","Strike_B","Defend_B","Defend_B","Defend_B","Zap","Dualcast","Cold Snap","Recycle+1","Conserve Battery","Core Surge","Streamline+1","Gash"],"relics":["Cracked Core","NeowsBlessing","Question Card","Ginger","Toxic Egg 2"],"potions_floor_usage":[8,14,14],"damage_taken":[{"damage":0,"enemies":"Small Slimes","floor":1,"turns":1},{"damage":0,"enemies":"Cultist","floor":5,"turns":1},{"damage":0,"enemies":"Gremlin Nob","floor":6,"turns":1},{"damage":34,"enemies":"3 Sentries","floor":8,"turns":7},{"damage":7,"enemies":"Jaw Worm","floor":10,"turns":3},{"damage":7,"enemies":"Red Slaver","floor":12,"turns":3},{"damage":1,"enemies":"Lagavulin","floor":14,"turns":3}],"seed_played":"-7074314634895988698","potions_obtained":[{"floor":5,"key":"LiquidBronze"},{"floor":6,"key":"FearPotion"},{"floor":8,"key":"SteroidPotion"},{"floor":10,"key":"Swift Potion"}],"is_trial":false,"path_per_floor":["M","?","$","?","M","E","R","E","T","M","R","M","$","E"],"character_chosen":"DEFECT","items_purchased":[],"campfire_rested":0,"item_purchase_floors":[],"current_hp_per_floor":[64,64,64,64,64,64,64,30,30,23,23,16,16,15],"gold":127,"neow_bonus":"THREE_ENEMY_KILL","is_prod":false,"is_daily":false,"chose_seed":false,"campfire_upgraded":2,"win_rate":0,"timestamp":1564908155,"path_taken":["M","?","$","?","M","E","R","E","T","?","R","M","?","E"],"build_version":"2019-07-17","purchased_purges":2,"victory":false,"max_hp_per_floor":[71,71,71,71,71,71,71,71,71,71,71,71,71,71],"card_choices":[{"not_picked":["Beam Cell","Leap"],"picked":"Cold Snap","floor":1},{"not_picked":["Cold Snap","Skim"],"picked":"Recycle","floor":5},{"not_picked":["Ball Lightning","Barrage"],"picked":"Conserve Battery","floor":6},{"not_picked":["Rip and Tear","Stack","Rebound"],"picked":"Core Surge","floor":8},{"not_picked":["Stack+1","Compile Driver","Ball Lightning"],"picked":"Streamline","floor":10},{"not_picked":["Tempest+1","Turbo+1","Chaos+1"],"picked":"Gash","floor":12}],"player_experience":228194,"relics_obtained":[{"floor":6,"key":"Question Card"},{"floor":8,"key":"Ginger"},{"floor":9,"key":"Toxic Egg 2"}],"event_choices":[{"cards_removed":["Strike_B"],"damage_healed":0,"gold_gain":0,"player_choice":"Forget","damage_taken":0,"max_hp_gain":0,"max_hp_loss":0,"event_name":"Living Wall","floor":2,"gold_loss":0},{"damage_healed":0,"gold_gain":100,"player_choice":"Pray","damage_taken":0,"max_hp_gain":0,"max_hp_loss":0,"event_name":"Golden Shrine","floor":4,"gold_loss":0}],"is_beta":false,"boss_relics":[],"items_purged_floors":[3,13],"is_endless":false,"potions_floor_spawned":[5,6,8,10],"killed_by":"Lagavulin","ascension_level":14}