{"gold_per_floor":[11,25,25,25,44,44,60,10,35,73,86,117,117,131,131,225,225,245,29,48,48,71,71,114,114,114,153,171,171,214,214,214,308,308,326,326,344,357,370,406,406,437,505,521,236,361,395,223,223,223,223,223,223,16,55,55],"floor_reached":63,"playtime":2105,"items_purged":["Strike_G","All Out Attack","Skewer+1","Defend_G","Defend_G"],"score":3605,"play_id":"9c146b6b-6a93-4b4b-9a3b-c9f0b58ef219","local_time":"20190811140128","is_ascension_mode":true,"campfire_choices":[{"data":"Skewer","floor":6.0,"key":"SMITH"},{"data":"Calculated Gamble","floor":13.0,"key":"SMITH"},{"data":"Tactician","floor":15.0,"key":"SMITH"},{"data":"Expertise","floor":23.0,"key":"SMITH"},{"data":"Grand Finale","floor":25.0,"key":"SMITH"},{"data":"Reflex","floor":29.0,"key":"SMITH"},{"floor":32.0,"key":"REST"},{"data":"Acrobatics","floor":47.0,"key":"SMITH"},{"floor":55.0,"key":"RECALL"},{"data":"Burst","floor":59.0,"key":"SMITH"}],"neow_cost":"NO_GOLD","seed_source_timestamp":0,"circlet_count":0,"master_deck":["AscendersBane","Defend_G","Defend_G","Defend_G","Survivor","Neutralize","Venomology","Calculated Gamble+1","Predator","Tactician+1","Grand Finale+1","Expertise+1","Grand Finale+1","Well Laid Plans+1","Reflex+1","Grand Finale","Acrobatics+1","Acrobatics+1","Adrenaline","Prepared","Tactician","Well Laid Plans","Burst+1","Concentrate","Footwork","Blur","PiercingWail+1"],"special_seed":0,"relics":["Ring of the Snake","Golden Idol","Smiling Mask","Ancient Tea Set","Happy Flower","Bottled Lightning","Empty Cage","Dream Catcher","Singing Bowl","Strawberry","Art of War","Philosopher\u0027s Stone","Bottled Tornado","Question Card","Thread and Needle","Blood Vial"],"potions_floor_usage":[62,62,62,62],"damage_taken":[{"damage":11.0,"enemies":"Jaw Worm","floor":1.0,"turns":7.0},{"damage":4.0,"enemies":"Small Slimes","floor":2.0,"turns":5.0},{"damage":0.0,"enemies":"2 Louse","floor":5.0,"turns":3.0},{"damage":2.0,"enemies":"Red Slaver","floor":7.0,"turns":3.0},{"damage":0.0,"enemies":"Lagavulin","floor":10.0,"turns":4.0},{"damage":1.0,"enemies":"Blue Slaver","floor":11.0,"turns":8.0},{"damage":8.0,"enemies":"Gremlin Nob","floor":12.0,"turns":3.0},{"damage":0.0,"enemies":"2 Fungi Beasts","floor":14.0,"turns":3.0},{"damage":22.0,"enemies":"The Guardian","floor":16.0,"turns":10.0},{"damage":7.0,"enemies":"2 Thieves","floor":18.0,"turns":3.0},{"damage":0.0,"enemies":"3 Byrds","floor":20.0,"turns":2.0},{"damage":15.0,"enemies":"Snake Plant","floor":22.0,"turns":4.0},{"damage":4.0,"enemies":"Slavers","floor":24.0,"turns":2.0},{"damage":0.0,"enemies":"Book of Stabbing","floor":27.0,"turns":2.0},{"damage":0.0,"enemies":"Chosen and Byrds","floor":28.0,"turns":3.0},{"damage":19.0,"enemies":"Slavers","floor":30.0,"turns":2.0},{"damage":0.0,"enemies":"Collector","floor":33.0,"turns":4.0},{"damage":2.0,"enemies":"3 Shapes","floor":41.0,"turns":5.0},{"damage":4.0,"enemies":"Orb Walker","floor":43.0,"turns":2.0},{"damage":53.0,"enemies":"Transient","floor":44.0,"turns":6.0},{"damage":0.0,"enemies":"4 Shapes","floor":45.0,"turns":1.0},{"damage":0.0,"enemies":"Reptomancer","floor":46.0,"turns":2.0},{"damage":0.0,"enemies":"Nemesis","floor":48.0,"turns":1.0},{"damage":0.0,"enemies":"Jaw Worm Horde","floor":50.0,"turns":1.0},{"damage":0.0,"enemies":"Mind Bloom Boss Battle","floor":52.0,"turns":3.0},{"damage":0.0,"enemies":"Reptomancer","floor":53.0,"turns":2.0},{"damage":0.0,"enemies":"Awakened One","floor":56.0,"turns":3.0},{"damage":0.0,"enemies":"Donu and Deca","floor":57.0,"turns":2.0},{"damage":0.0,"enemies":"Shield and Spear","floor":61.0,"turns":1.0},{"damage":28,"enemies":"The Heart","floor":62,"turns":9}],"seed_played":"-2867192157074681700","potions_obtained":[{"floor":5.0,"key":"SkillPotion"},{"floor":10.0,"key":"Regen Potion"},{"floor":12.0,"key":"FearPotion"},{"floor":14.0,"key":"SkillPotion"},{"floor":22.0,"key":"Swift Potion"},{"floor":27.0,"key":"SneckoOil"},{"floor":44.0,"key":"Dexterity Potion"}],"is_trial":false,"path_per_floor":["M","M","?","?","M","R","M","$","T","E","M","E","R","M","R","B",null,"M","$","M","?","M","R","E","R","T","E","M","R","E","?","R","B",null,"M","T","M","M","M","E","R","E","T","M","$","?","E","$","R","B","B",null,"R","$","E","B",null],"character_chosen":"THE_SILENT","items_purchased":["Expertise","Grand Finale","Tactician","Well Laid Plans","GhostInAJar","Concentrate","Footwork","Blur","EssenceOfSteel"],"campfire_rested":1,"item_purchase_floors":[19,19,51,51,51,54,54,60,60],"current_hp_per_floor":[48,44,44,33,33,33,31,31,31,31,45,37,37,37,37,15,49,42,42,42,42,27,27,23,23,23,32,32,32,15,15,38,38,73,73,73,71,18,18,18,18,18,18,20,20,22,22,22,22,24,26,67,67,67,69,43],"gold":55,"neow_bonus":"TRANSFORM_TWO_CARDS","is_prod":false,"is_daily":false,"chose_seed":false,"campfire_upgraded":8,"win_rate":0,"timestamp":1565499688,"path_taken":["M","M","?","?","M","R","M","$","T","E","?","E","R","M","R","BOSS","M","$","M","?","M","R","E","R","T","E","M","R","E","?","R","BOSS","M","?","M","M","M","E","R","E","T","M","$","?","E","$","R","BOSS","BOSS","R","$","E","BOSS"],"build_version":"2019-07-17","purchased_purges":5,"victory":true,"max_hp_per_floor":[66,66,60,60,60,60,60,60,60,60,60,60,60,60,60,60,60,60,60,60,60,60,60,60,60,60,69,69,69,71,71,73,73,73,75,75,77,77,77,77,77,77,77,79,79,81,81,81,81,81,81,81,81,81,81,81],"card_choices":[{"not_picked":["Flying Knee","Deflect","Skewer"],"picked":"SKIP","floor":1.0},{"not_picked":["Flying Knee","Deflect"],"picked":"Skewer","floor":1.0},{"not_picked":["Flying Knee","Acrobatics"],"picked":"Calculated Gamble","floor":2.0},{"not_picked":["Blade Dance","Cloak And Dagger"],"picked":"Predator","floor":5.0},{"not_picked":["Backflip","Caltrops","Unload"],"picked":"SKIP","floor":7.0},{"not_picked":["Dash","All Out Attack","Poisoned Stab"],"picked":"SKIP","floor":10.0},{"not_picked":["Blade Dance","Blur","Cloak And Dagger"],"picked":"SKIP","floor":11.0},{"not_picked":["Expertise","Deflect","Dagger Throw"],"picked":"SKIP","floor":12.0},{"not_picked":["Finisher","Blur"],"picked":"Tactician","floor":14.0},{"not_picked":["Storm of Steel","After Image"],"picked":"Grand Finale","floor":16.0},{"not_picked":["Catalyst","Cloak And Dagger+1","All Out Attack+1"],"picked":"SKIP","floor":18.0},{"not_picked":["Setup","Bouncing Flask","Finisher"],"picked":"SKIP","floor":20.0},{"not_picked":["Quick Slash","Deadly Poison"],"picked":"Well Laid Plans+1","floor":22.0},{"not_picked":["Noxious Fumes","Wraith Form v2","Dagger Throw"],"picked":"SKIP","floor":24.0},{"not_picked":["Crippling Poison","Dodge and Roll","Blur"],"picked":"Singing Bowl","floor":27.0},{"not_picked":["Distraction","Caltrops"],"picked":"Reflex","floor":28.0},{"not_picked":["Cloak And Dagger","Die Die Die","Bane"],"picked":"Singing Bowl","floor":30.0},{"not_picked":["Dodge and Roll","Cloak And Dagger+1","PiercingWail"],"picked":"Singing Bowl","floor":32.0},{"not_picked":["Corpse Explosion","Bullet Time"],"picked":"Grand Finale","floor":33.0},{"not_picked":["Slice+1","Bane+1","Backflip"],"picked":"Singing Bowl","floor":41.0},{"not_picked":["Predator+1","Outmaneuver","Infinite Blades+1"],"picked":"Singing Bowl","floor":43.0},{"not_picked":["Sucker Punch","Underhanded Strike+1"],"picked":"Acrobatics","floor":44.0},{"not_picked":["Blur","Accuracy"],"picked":"Acrobatics+1","floor":45.0},{"not_picked":["Quick Slash","Backflip"],"picked":"Adrenaline","floor":46.0},{"not_picked":["Catalyst","Underhanded Strike+1"],"picked":"Prepared","floor":48.0},{"not_picked":["Dodge and Roll+1","Slice","Distraction","Sucker Punch"],"picked":"Singing Bowl","floor":50.0},{"not_picked":["Quick Slash","Tactician","Dodge and Roll","Dagger Throw"],"picked":"Singing Bowl","floor":52.0},{"not_picked":["Deflect+1","Backflip+1","Dodge and Roll"],"picked":"Burst","floor":53.0},{"not_picked":["Well Laid Plans","Flying Knee","Predator"],"picked":"PiercingWail+1","floor":61.0}],"player_experience":851426,"relics_obtained":[{"floor":9.0,"key":"Ancient Tea Set"},{"floor":10.0,"key":"Happy Flower"},{"floor":12.0,"key":"Bottled Lightning"},{"floor":24.0,"key":"Dream Catcher"},{"floor":26.0,"key":"Singing Bowl"},{"floor":27.0,"key":"Strawberry"},{"floor":30.0,"key":"Art of War"},{"floor":46.0,"key":"Bottled Tornado"},{"floor":48.0,"key":"Question Card"},{"floor":52.0,"key":"Thread and Needle"},{"floor":53.0,"key":"Blood Vial"}],"event_choices":[{"damage_healed":0.0,"max_hp_gain":0.0,"max_hp_loss":6.0,"gold_gain":0.0,"event_name":"Golden Idol","player_choice":"Lose Max HP","floor":3.0,"gold_loss":0.0,"damage_taken":0.0,"relics_obtained":["Golden Idol"]},{"damage_healed":0.0,"max_hp_gain":0.0,"max_hp_loss":0.0,"gold_gain":0.0,"event_name":"Scrap Ooze","player_choice":"Success","floor":4.0,"gold_loss":0.0,"damage_taken":11.0,"relics_obtained":["Smiling Mask"]},{"damage_healed":0.0,"max_hp_gain":0.0,"max_hp_loss":0.0,"gold_gain":0.0,"event_name":"Accursed Blacksmith","player_choice":"Forge","floor":31.0,"gold_loss":0.0,"damage_taken":0.0,"cards_upgraded":["Grand Finale"]},{"damage_healed":0.0,"max_hp_gain":0.0,"max_hp_loss":0.0,"gold_gain":0.0,"event_name":"MindBloom","player_choice":"Fight","floor":52.0,"gold_loss":0.0,"damage_taken":0.0}],"is_beta":false,"boss_relics":[{"not_picked":["Calling Bell","Runic Dome"],"picked":"Empty Cage"},{"not_picked":["WristBlade","Eternal Feather"],"picked":"Philosopher\u0027s Stone"}],"items_purged_floors":[8,19,51,54,60],"is_endless":false,"potions_floor_spawned":[5,10,12,14,16,20,22,24,27,41,43,44,46,50],"ascension_level":20}