{"gold_per_floor":[119,134,84,84,103,103,129,129,184,184,196,40,40,81,81,172,172,195,120,120,20,20,20,45,45,70,82,94],"floor_reached":28,"playtime":693,"items_purged":["Strike_B","Strike_B"],"score":377,"play_id":"56fe056a-38b9-4123-a011-cac2f5cf26f0","local_time":"20190805080629","is_ascension_mode":true,"campfire_choices":[{"data":"Zap","floor":6,"key":"SMITH"},{"data":"Dualcast","floor":8,"key":"SMITH"},{"floor":10,"key":"REST"},{"floor":15,"key":"REST"},{"data":"Creative AI","floor":23,"key":"SMITH"},{"data":"Loop","floor":25,"key":"SMITH"},{"data":"Defend_B","floor":27,"key":"SMITH"}],"neow_cost":"NONE","seed_source_timestamp":121089326876,"circlet_count":0,"master_deck":["AscendersBane","Defend_B","Defend_B","Defend_B+1","Zap+1","Dualcast+1","Ball Lightning","Gash","Streamline","Loop+1","Reprogram","Creative AI+1","Gash","BootSequence"],"relics":["Cracked Core","NeowsBlessing","Orichalcum","Tiny Chest","Golden Idol","Anchor","Coffee Dripper","MawBank"],"potions_floor_usage":[14,28],"damage_taken":[{"damage":0,"enemies":"2 Louse","floor":1,"turns":1},{"damage":0,"enemies":"Cultist","floor":2,"turns":1},{"damage":0,"enemies":"Small Slimes","floor":5,"turns":1},{"damage":30,"enemies":"Lagavulin","floor":7,"turns":7},{"damage":6,"enemies":"Looter","floor":11,"turns":2},{"damage":4,"enemies":"Gremlin Nob","floor":14,"turns":3},{"damage":29,"enemies":"Slime Boss","floor":16,"turns":9},{"damage":19,"enemies":"Shell Parasite","floor":18,"turns":7},{"damage":21,"enemies":"Spheric Guardian","floor":24,"turns":4},{"damage":30,"enemies":"3 Cultists","floor":28,"turns":3}],"seed_played":"6467192781538277821","potions_obtained":[{"floor":11,"key":"Poison Potion"},{"floor":16,"key":"Regen Potion"}],"is_trial":false,"path_per_floor":["M","M","?","?","M","R","E","R","T","R","M","$","?","E","R","B",null,"M","?","?","$","?","R","M","R","T","R","M"],"character_chosen":"DEFECT","items_purchased":["Loop"],"campfire_rested":2,"item_purchase_floors":[12],"current_hp_per_floor":[64,64,64,64,64,64,34,34,34,55,49,49,32,28,49,20,58,39,39,39,39,39,39,18,18,18,18,0],"gold":94,"neow_bonus":"THREE_ENEMY_KILL","is_prod":false,"is_daily":false,"chose_seed":false,"campfire_upgraded":5,"win_rate":0,"timestamp":1564959989,"path_taken":["M","M","?","?","?","R","E","R","T","R","M","?","?","E","R","BOSS","M","?","?","?","?","R","?","R","T","R","M"],"build_version":"2019-07-17","purchased_purges":2,"victory":false,"max_hp_per_floor":[71,71,71,71,71,71,71,71,71,71,71,71,71,71,71,71,71,71,71,71,71,71,71,71,71,71,71,71],"card_choices":[{"not_picked":["Streamline","Hologram","Conserve Battery"],"picked":"SKIP","floor":1},{"not_picked":["Compile Driver","Storm","Redo"],"picked":"SKIP","floor":2},{"not_picked":["Turbo","Go for the Eyes"],"picked":"Ball Lightning","floor":5},{"not_picked":["Leap","Coolheaded"],"picked":"Gash","floor":7},{"not_picked":["Barrage","Reprogram"],"picked":"Streamline","floor":11},{"not_picked":["Fusion","Static Discharge"],"picked":"Reprogram","floor":14},{"not_picked":["Buffer","Reboot"],"picked":"Creative AI","floor":16},{"not_picked":["Ball Lightning","Steam","Sweeping Beam"],"picked":"SKIP","floor":18},{"not_picked":["Leap","Coolheaded"],"picked":"BootSequence","floor":24}],"player_experience":230478,"relics_obtained":[{"floor":7,"key":"Orichalcum"},{"floor":9,"key":"Tiny Chest"},{"floor":14,"key":"Anchor"},{"floor":26,"key":"MawBank"}],"event_choices":[{"cards_removed":["Defend_B"],"damage_healed":0,"gold_gain":0,"player_choice":"Card Removal","damage_taken":0,"max_hp_gain":0,"max_hp_loss":0,"event_name":"The Cleric","floor":3,"gold_loss":50},{"cards_removed":["Strike_B"],"damage_healed":0,"gold_gain":0,"player_choice":"Offered Basic","damage_taken":0,"max_hp_gain":0,"max_hp_loss":0,"event_name":"Bonfire Elementals","floor":4,"gold_loss":0},{"damage_healed":0,"gold_gain":0,"player_choice":"Take Damage","damage_taken":17,"relics_obtained":["Golden Idol"],"max_hp_gain":0,"max_hp_loss":0,"event_name":"Golden Idol","floor":13,"gold_loss":0},{"cards_removed":["Strike_B"],"damage_healed":0,"gold_gain":0,"player_choice":"Gave Gold","damage_taken":0,"max_hp_gain":0,"max_hp_loss":0,"event_name":"Beggar","floor":19,"gold_loss":75},{"damage_healed":0,"gold_gain":0,"player_choice":"Read","damage_taken":0,"max_hp_gain":0,"max_hp_loss":0,"event_name":"The Library","floor":20,"gold_loss":0,"cards_obtained":["Gash"]}],"is_beta":false,"boss_relics":[{"not_picked":["White Beast Statue","Astrolabe"],"picked":"Coffee Dripper"}],"items_purged_floors":[12,21],"is_endless":false,"potions_floor_spawned":[11,16],"killed_by":"3 Cultists","ascension_level":14}