{"gold_per_floor":[117,117,39,39,53,86,97,122,169,94,52,52,65,96,96,172,172,145,163,178,189,104,104,130,130,130,130,163,163,188,16,16,90,90,109,109,34,44,62,62,91,91,161,193,193,415,415],"floor_reached":47,"playtime":1487,"items_purged":["Strike_B"],"score":1249,"play_id":"defbcc4f-646d-4238-926f-cd4fa538e7d7","local_time":"20190630220952","is_ascension_mode":true,"campfire_choices":[{"data":"Defragment","floor":12,"key":"SMITH"},{"data":"Barrage","floor":15,"key":"SMITH"},{"floor":23,"key":"REST"},{"floor":25,"key":"REST"},{"data":"Capacitor","floor":27,"key":"SMITH"},{"floor":29,"key":"REST"},{"floor":32,"key":"REST"},{"data":"Parasite","floor":40,"key":"PURGE"},{"floor":42,"key":"REST"},{"data":"Strike_B","floor":45,"key":"PURGE"}],"neow_cost":"NONE","seed_source_timestamp":12144079057937,"circlet_count":0,"master_deck":["AscendersBane","Defend_B","Defend_B","Defend_B","Defend_B","Zap+1","Dualcast","Cold Snap","Defragment+1","Glacier","Barrage+1","Capacitor","Capacitor+1","Auto Shields+1","Multi-Cast+1","Reinforced Body+1","Coolheaded+1","Redo+1","Hologram+1","Hologram+1"],"relics":["Cracked Core","NeowsBlessing","Symbiotic Virus","Vajra","Toxic Egg 2","Bronze Scales","Bottled Lightning","Busted Crown","Regal Pillow","Peace Pipe","Mango","Singing Bowl","Red Mask","Bag of Preparation","Orrery","Blood Vial","Kunai","Meat on the Bone"],"potions_floor_usage":[21,24,28,30,41,41,47],"damage_taken":[{"damage":0,"enemies":"2 Louse","floor":1,"turns":1},{"damage":0,"enemies":"Cultist","floor":5,"turns":1},{"damage":0,"enemies":"Lagavulin","floor":6,"turns":2},{"damage":0,"enemies":"Small Slimes","floor":7,"turns":3},{"damage":11,"enemies":"3 Sentries","floor":8,"turns":8},{"damage":8,"enemies":"Exordium Wildlife","floor":13,"turns":4},{"damage":2,"enemies":"Lagavulin","floor":14,"turns":7},{"damage":0,"enemies":"Slime Boss","floor":16,"turns":7},{"damage":1,"enemies":"2 Thieves","floor":18,"turns":4},{"damage":12,"enemies":"3 Byrds","floor":19,"turns":3},{"damage":11,"enemies":"Centurion and Healer","floor":20,"turns":6},{"damage":27,"enemies":"Cultist and Chosen","floor":21,"turns":5},{"damage":26,"enemies":"Gremlin Leader","floor":24,"turns":7},{"damage":38,"enemies":"Slavers","floor":28,"turns":5},{"damage":22,"enemies":"Masked Bandits","floor":30,"turns":6},{"damage":56,"enemies":"Collector","floor":33,"turns":12},{"damage":10,"enemies":"3 Shapes","floor":35,"turns":7},{"damage":0,"enemies":"Orb Walker","floor":38,"turns":4},{"damage":0,"enemies":"Writhing Mass","floor":39,"turns":6},{"damage":47,"enemies":"Reptomancer","floor":41,"turns":6},{"damage":37,"enemies":"Giant Head","floor":44,"turns":9},{"damage":70,"enemies":"Reptomancer","floor":47,"turns":2}],"seed_played":"4228718886344773589","potions_obtained":[{"floor":5,"key":"GamblersBrew"},{"floor":14,"key":"Explosive Potion"},{"floor":20,"key":"SteroidPotion"},{"floor":21,"key":"Weak Potion"},{"floor":24,"key":"SkillPotion"},{"floor":28,"key":"Block Potion"},{"floor":35,"key":"Ancient Potion"},{"floor":41,"key":"SkillPotion"}],"is_trial":false,"path_per_floor":["M","?","$","T","M","E","M","E","T","?","$","R","M","E","R","B",null,"M","M","M","M","?","R","E","R","T","R","E","R","?","$","R","B",null,"M","?","$","M","M","R","E","R","T","E","R","?","E"],"character_chosen":"DEFECT","items_purchased":["Defragment","Capacitor","Bag of Preparation"],"campfire_rested":5,"item_purchase_floors":[3,11,31],"current_hp_per_floor":[64,64,64,64,64,64,64,53,53,53,53,53,45,43,43,43,64,63,51,40,13,13,49,23,59,73,73,37,78,58,58,89,35,94,84,84,84,86,88,88,43,87,87,54,54,54,0],"gold":415,"neow_bonus":"THREE_ENEMY_KILL","is_prod":false,"is_daily":false,"chose_seed":false,"campfire_upgraded":3,"win_rate":0,"timestamp":1561925392,"path_taken":["M","?","$","?","M","E","?","E","T","?","?","R","M","E","R","BOSS","M","M","M","M","?","R","E","R","T","R","E","R","?","?","R","BOSS","M","?","$","M","?","R","E","R","T","E","R","?","E"],"build_version":"2019-06-29","purchased_purges":1,"victory":false,"max_hp_per_floor":[71,71,71,71,71,71,71,71,71,71,71,71,71,71,71,71,71,71,71,71,71,71,71,71,71,85,85,87,87,89,89,89,91,95,95,95,95,97,99,96,98,98,98,100,100,100,100],"card_choices":[{"not_picked":["Hologram","Compile Driver"],"picked":"Cold Snap","floor":1},{"not_picked":["BootSequence","Go for the Eyes"],"picked":"Glacier","floor":5},{"not_picked":["Heatsinks","Rebound"],"picked":"Barrage","floor":6},{"not_picked":["Beam Cell","Stack","Leap"],"picked":"SKIP","floor":7},{"not_picked":["Go for the Eyes","Rebound","Hyperbeam"],"picked":"SKIP","floor":8},{"not_picked":["Gash","Rebound"],"picked":"Capacitor","floor":13},{"not_picked":["Barrage","Melter"],"picked":"Auto Shields+1","floor":14},{"not_picked":["Reboot+1","Meteor Strike"],"picked":"Multi-Cast+1","floor":16},{"not_picked":["Cold Snap"],"picked":"SKIP","floor":18},{"not_picked":["Ball Lightning"],"picked":"SKIP","floor":19},{"not_picked":["Hello World"],"picked":"SKIP","floor":20},{"not_picked":["Hello World"],"picked":"SKIP","floor":21},{"not_picked":[],"picked":"Reinforced Body+1","floor":24},{"not_picked":["Chill+1"],"picked":"Singing Bowl","floor":28},{"not_picked":["Cold Snap"],"picked":"Singing Bowl","floor":30},{"not_picked":["Amplify+1"],"picked":"Singing Bowl","floor":33},{"not_picked":[],"picked":"Coolheaded+1","floor":34},{"not_picked":[],"picked":"Redo+1","floor":34},{"not_picked":["Barrage"],"picked":"Singing Bowl","floor":34},{"not_picked":[],"picked":"Hologram+1","floor":34},{"not_picked":["Stack+1"],"picked":"Singing Bowl","floor":34},{"not_picked":[],"picked":"Hologram+1","floor":35},{"not_picked":["Scrape"],"picked":"Singing Bowl","floor":38},{"not_picked":["Go for the Eyes+1"],"picked":"Singing Bowl","floor":39},{"not_picked":["Sunder"],"picked":"Singing Bowl","floor":41},{"not_picked":["Tempest+1"],"picked":"Singing Bowl","floor":44}],"player_experience":1783570,"relics_obtained":[{"floor":4,"key":"Symbiotic Virus"},{"floor":6,"key":"Vajra"},{"floor":8,"key":"Toxic Egg 2"},{"floor":9,"key":"Bronze Scales"},{"floor":14,"key":"Bottled Lightning"},{"floor":24,"key":"Peace Pipe"},{"floor":26,"key":"Mango"},{"floor":28,"key":"Singing Bowl"},{"floor":30,"key":"Red Mask"},{"floor":41,"key":"Blood Vial"},{"floor":43,"key":"Kunai"},{"floor":44,"key":"Meat on the Bone"}],"event_choices":[{"damage_healed":0,"gold_gain":0,"player_choice":"Upgraded","damage_taken":0,"max_hp_gain":0,"max_hp_loss":0,"event_name":"Upgrade Shrine","floor":2,"gold_loss":0,"cards_upgraded":["Zap"]},{"cards_removed":["Strike_B"],"damage_healed":0,"gold_gain":0,"player_choice":"Card Removal","damage_taken":0,"max_hp_gain":0,"max_hp_loss":0,"event_name":"The Cleric","floor":10,"gold_loss":75},{"damage_healed":0,"gold_gain":0,"player_choice":"Obtained Relic","damage_taken":0,"relics_obtained":["Regal Pillow"],"max_hp_gain":0,"max_hp_loss":0,"event_name":"Addict","floor":22,"gold_loss":85},{"damage_healed":0,"gold_gain":0,"player_choice":"Fought Bandits","damage_taken":0,"max_hp_gain":0,"max_hp_loss":0,"event_name":"Masked Bandits","floor":30,"gold_loss":0},{"cards_removed":["Strike_B"],"damage_healed":0,"gold_gain":0,"player_choice":"Offered Basic","damage_taken":0,"max_hp_gain":0,"max_hp_loss":0,"event_name":"Bonfire Elementals","floor":36,"gold_loss":0},{"damage_healed":0,"gold_gain":222,"player_choice":"Wore Mask","damage_taken":0,"max_hp_gain":0,"max_hp_loss":0,"event_name":"Tomb of Lord Red Mask","floor":46,"gold_loss":0}],"is_beta":true,"boss_relics":[{"not_picked":["Cursed Key","White Beast Statue"],"picked":"Busted Crown"},{"not_picked":["Snecko Eye","Runic Dome"],"picked":"Orrery"}],"items_purged_floors":[37],"is_endless":false,"potions_floor_spawned":[5,14,20,21,24,28,35,41],"killed_by":"Reptomancer","ascension_level":20}