{"gold_per_floor":[119,119,194,34,34,34,68,68,91,110,123,34,67,32,32,109,109,125,125,125,139,158,158,189,189,235,264,308,6,18,18,18,93,93,110,110,110,31,46,73,92,120,120,145,145],"floor_reached":45,"playtime":1525,"items_purged":["Strike_B"],"score":1169,"play_id":"9745e4b2-67e2-42dc-b741-52e9b9645545","local_time":"20190811173034","is_ascension_mode":true,"campfire_choices":[{"data":"Dualcast","floor":6.0,"key":"SMITH"},{"data":"Compile Driver","floor":8.0,"key":"SMITH"},{"data":"Defragment","floor":15.0,"key":"SMITH"},{"floor":23.0,"key":"REST"},{"floor":25.0,"key":"REST"},{"floor":32.0,"key":"REST"}],"neow_cost":"NONE","seed_source_timestamp":17825360815468,"circlet_count":0,"master_deck":["AscendersBane","Defend_B","Defend_B","Defend_B","Defend_B","Zap+1","Dualcast+1","Gash+1","Core Surge","Compile Driver+1","Gash","Compile Driver","Defragment+1","Darkness","Seek","Recycle","Reinforced Body","Seek","Gash+1","Hologram","Buffer","Fusion","Panache","Hologram","Core Surge","Heatsinks+1","Heatsinks","Glacier","Tempest","Hologram"],"special_seed":0,"relics":["Cracked Core","NeowsBlessing","Dead Branch","Vajra","Mango","Fusion Hammer","Centennial Puzzle","MawBank","Mummified Hand","Inserter","Dream Catcher","Whetstone","Singing Bowl","PreservedInsect"],"potions_floor_usage":[45],"damage_taken":[{"damage":0.0,"enemies":"2 Louse","floor":1.0,"turns":1.0},{"damage":0.0,"enemies":"Gremlin Nob","floor":7.0,"turns":1.0},{"damage":0.0,"enemies":"Jaw Worm","floor":10.0,"turns":1.0},{"damage":1.0,"enemies":"Small Slimes","floor":11.0,"turns":3.0},{"damage":20.0,"enemies":"3 Sentries","floor":13.0,"turns":5.0},{"damage":33.0,"enemies":"Slime Boss","floor":16.0,"turns":8.0},{"damage":34.0,"enemies":"3 Byrds","floor":18.0,"turns":5.0},{"damage":19.0,"enemies":"2 Thieves","floor":21.0,"turns":4.0},{"damage":8.0,"enemies":"Centurion and Healer","floor":22.0,"turns":6.0},{"damage":27.0,"enemies":"Slavers","floor":24.0,"turns":6.0},{"damage":0.0,"enemies":"Snecko","floor":27.0,"turns":5.0},{"damage":15.0,"enemies":"Book of Stabbing","floor":28.0,"turns":5.0},{"damage":8.0,"enemies":"Shelled Parasite and Fungi","floor":30.0,"turns":5.0},{"damage":9.0,"enemies":"Collector","floor":33.0,"turns":6.0},{"damage":0.0,"enemies":"Orb Walker","floor":35.0,"turns":4.0},{"damage":13.0,"enemies":"3 Darklings","floor":39.0,"turns":3.0},{"damage":28.0,"enemies":"Nemesis","floor":40.0,"turns":7.0},{"damage":4.0,"enemies":"4 Shapes","floor":41.0,"turns":5.0},{"damage":14.0,"enemies":"Giant Head","floor":42.0,"turns":7.0},{"damage":32.0,"enemies":"Nemesis","floor":44.0,"turns":7.0},{"damage":28,"enemies":"Writhing Mass","floor":45,"turns":1}],"seed_played":"-8982820841651559157","potions_obtained":[{"floor":10.0,"key":"Strength Potion"},{"floor":13.0,"key":"Regen Potion"},{"floor":21.0,"key":"Block Potion"},{"floor":24.0,"key":"Dexterity Potion"},{"floor":28.0,"key":"Swift Potion"},{"floor":30.0,"key":"AttackPotion"},{"floor":35.0,"key":"Regen Potion"},{"floor":37.0,"key":"FocusPotion"},{"floor":40.0,"key":"SkillPotion"}],"is_trial":false,"path_per_floor":["M","?","?","$","?","R","E","R","T","M","M","$","E","?","R","B",null,"M","?","?","M","M","R","E","R","T","M","E","$","M","?","R","B",null,"M","$","?","$","M","E","M","E","T","E","M"],"character_chosen":"DEFECT","items_purchased":["Core Surge","Defragment","Fusion","Panache","Heatsinks"],"campfire_rested":3,"item_purchase_floors":[4,12,29,29,38],"current_hp_per_floor":[64,64,53,53,58,58,58,58,58,58,57,57,51,73,73,40,78,58,31,31,12,4,32,5,33,33,33,18,18,10,10,38,29,79,79,79,79,79,66,53,49,35,35,5,0],"gold":145,"neow_bonus":"THREE_ENEMY_KILL","is_prod":false,"is_daily":false,"chose_seed":false,"campfire_upgraded":3,"win_rate":0,"timestamp":1565537434,"path_taken":["M","?","?","$","?","R","E","R","T","?","M","?","E","?","R","BOSS","M","?","?","M","M","R","E","R","T","M","E","$","M","?","R","BOSS","M","?","?","$","?","E","M","E","T","E","M"],"build_version":"2019-07-18","purchased_purges":1,"victory":false,"max_hp_per_floor":[71,71,71,71,76,76,76,76,76,76,76,76,90,90,90,90,90,90,95,95,95,95,95,95,95,95,95,95,95,95,95,95,95,95,95,95,95,95,95,95,95,95,95,97,97],"card_choices":[{"not_picked":["Barrage","Aggregate"],"picked":"Gash","floor":1.0},{"not_picked":["Redo","Rebound"],"picked":"Compile Driver","floor":7.0},{"not_picked":["Reinforced Body","Double Energy"],"picked":"Gash","floor":10.0},{"not_picked":["Hologram","Rebound"],"picked":"Compile Driver","floor":11.0},{"not_picked":["Streamline","Skim"],"picked":"Darkness","floor":13.0},{"not_picked":["Reboot","Thunder Strike"],"picked":"Seek","floor":16.0},{"not_picked":["Turbo+1","Streamline"],"picked":"Recycle","floor":18.0},{"not_picked":["Steam","Redo","Force Field+1"],"picked":"SKIP","floor":21.0},{"not_picked":["Streamline+1","Leap"],"picked":"Gash","floor":22.0},{"not_picked":["Conserve Battery","Leap"],"picked":"Hologram","floor":24.0},{"not_picked":["Hello World","White Noise","Steam"],"picked":"SKIP","floor":27.0},{"not_picked":["FTL","Redo"],"picked":"Buffer","floor":28.0},{"not_picked":["Sweeping Beam","Coolheaded"],"picked":"Hologram","floor":30.0},{"not_picked":["Thunder Strike","Buffer"],"picked":"Core Surge","floor":33.0},{"not_picked":["Gash+1","White Noise"],"picked":"Heatsinks+1","floor":35.0},{"not_picked":["Scrape+1","Go for the Eyes+1"],"picked":"Glacier","floor":39.0},{"not_picked":["Cold Snap","Sweeping Beam"],"picked":"Tempest","floor":40.0},{"not_picked":["Core Surge","Ball Lightning+1"],"picked":"Hologram","floor":41.0},{"not_picked":["Steam+1","Rebound","Doom and Gloom"],"picked":"SKIP","floor":42.0},{"not_picked":["Capacitor","Heatsinks","Redo"],"picked":"Singing Bowl","floor":44.0}],"player_experience":1984937,"relics_obtained":[{"floor":7.0,"key":"Dead Branch"},{"floor":9.0,"key":"Vajra"},{"floor":13.0,"key":"Mango"},{"floor":24.0,"key":"Centennial Puzzle"},{"floor":26.0,"key":"MawBank"},{"floor":28.0,"key":"Mummified Hand"},{"floor":40.0,"key":"Dream Catcher"},{"floor":42.0,"key":"Whetstone"},{"floor":43.0,"key":"Singing Bowl"},{"floor":44.0,"key":"PreservedInsect"}],"event_choices":[{"damage_healed":0.0,"max_hp_gain":0.0,"max_hp_loss":0.0,"gold_gain":0.0,"event_name":"Living Wall","player_choice":"Grow","floor":2.0,"gold_loss":0.0,"damage_taken":0.0,"cards_upgraded":["Zap"]},{"damage_healed":0.0,"max_hp_gain":0.0,"max_hp_loss":0.0,"gold_gain":75.0,"event_name":"World of Goop","player_choice":"Gather Gold","floor":3.0,"gold_loss":0.0,"damage_taken":11.0},{"damage_healed":0.0,"max_hp_gain":5.0,"max_hp_loss":0.0,"gold_gain":0.0,"event_name":"Big Fish","player_choice":"Donut","floor":5.0,"gold_loss":0.0,"damage_taken":0.0},{"damage_healed":22.0,"max_hp_gain":0.0,"max_hp_loss":0.0,"gold_gain":0.0,"event_name":"The Cleric","player_choice":"Healed","floor":14.0,"gold_loss":35.0,"damage_taken":0.0},{"damage_healed":0.0,"max_hp_gain":5.0,"max_hp_loss":0.0,"gold_gain":0.0,"event_name":"Forgotten Altar","player_choice":"Shed Blood","floor":19.0,"gold_loss":0.0,"damage_taken":32.0},{"damage_healed":0.0,"max_hp_gain":0.0,"max_hp_loss":0.0,"gold_gain":0.0,"cards_transformed":["Strike_B","Strike_B"],"event_name":"Drug Dealer","player_choice":"Became Test Subject","floor":20.0,"gold_loss":0.0,"damage_taken":0.0,"cards_obtained":["Reinforced Body","Seek"]},{"cards_removed":["Strike_B"],"damage_healed":0.0,"max_hp_gain":0.0,"max_hp_loss":0.0,"gold_gain":0.0,"event_name":"Purifier","player_choice":"Purged","floor":31.0,"gold_loss":0.0,"damage_taken":0.0},{"damage_healed":0.0,"max_hp_gain":0.0,"max_hp_loss":0.0,"gold_gain":0.0,"event_name":"Lab","player_choice":"Got Potions","floor":37.0,"gold_loss":0.0,"damage_taken":0.0}],"is_beta":true,"boss_relics":[{"not_picked":["Coffee Dripper","Velvet Choker"],"picked":"Fusion Hammer"},{"not_picked":["Philosopher\u0027s Stone","Orrery"],"picked":"Inserter"}],"items_purged_floors":[29],"is_endless":false,"potions_floor_spawned":[10,13,21,24,27,28,30,35,40],"killed_by":"Writhing Mass","ascension_level":20}