{"gold_per_floor":[109,109,121,6,68,68,42,75,75,125,6,16,16,88,88,189,189,171,221,42,112,162,187,7,7,32,82,93,104,104,117,117,212,212,224,287,364,11,31,31,31],"floor_reached":41,"playtime":4892,"items_purged":["Strike_G"],"score":434,"play_id":"db6a17a4-6a3e-4288-9669-0cf79e382869","local_time":"20190802134642","is_ascension_mode":false,"campfire_choices":[{"data":"Caltrops","floor":6,"key":"SMITH"},{"floor":13,"key":"REST"},{"floor":15,"key":"REST"},{"floor":25,"key":"REST"},{"floor":30,"key":"REST"},{"data":"Calculated Gamble","floor":32,"key":"SMITH"},{"floor":40,"key":"REST"}],"neow_cost":"NONE","seed_source_timestamp":38901646486338,"circlet_count":0,"master_deck":["Defend_G","Defend_G","Defend_G","Defend_G+1","Defend_G","Strike_G","Strike_G","Strike_G","Strike_G","Survivor","Neutralize","Blade Dance","Blade Dance","Backflip","Caltrops+1","Blur","Sucker Punch","Blade Dance+1","Noxious Fumes","Deadly Poison","Calculated Gamble+1","Quick Slash","Adrenaline","Caltrops+1","Deadly Poison","PiercingWail","Leg Sweep","Noxious Fumes","Sucker Punch+1","Prepared+1","Tools of the Trade","Underhanded Strike+1","Sucker Punch+1"],"relics":["Ring of the Snake","SsserpentHead","Dodecahedron","Meat on the Bone","Odd Mushroom","Busted Crown","War Paint","Mercury Hourglass","Toy Ornithopter","Boot","Eternal Feather","Oddly Smooth Stone","TwistedFunnel","Pen Nib"],"potions_floor_usage":[28,31,33,39],"damage_taken":[{"damage":0,"enemies":"2 Louse","floor":1,"turns":3},{"damage":0,"enemies":"Cultist","floor":3,"turns":3},{"damage":0,"enemies":"Small Slimes","floor":5,"turns":3},{"damage":32,"enemies":"3 Sentries","floor":8,"turns":10},{"damage":1,"enemies":"Exordium Wildlife","floor":12,"turns":4},{"damage":29,"enemies":"The Mushroom Lair","floor":14,"turns":6},{"damage":39,"enemies":"Hexaghost","floor":16,"turns":9},{"damage":22,"enemies":"2 Thieves","floor":18,"turns":4},{"damage":8,"enemies":"3 Byrds","floor":21,"turns":4},{"damage":13,"enemies":"Gremlin Leader","floor":23,"turns":5},{"damage":8,"enemies":"Snecko","floor":28,"turns":5},{"damage":12,"enemies":"Snake Plant","floor":29,"turns":3},{"damage":9,"enemies":"Centurion and Healer","floor":31,"turns":5},{"damage":40,"enemies":"Champ","floor":33,"turns":11},{"damage":9,"enemies":"3 Shapes","floor":35,"turns":5},{"damage":16,"enemies":"Orb Walker","floor":36,"turns":5},{"damage":44,"enemies":"Maw","floor":39,"turns":7},{"damage":74,"enemies":"Giant Head","floor":41,"turns":9}],"seed_played":"7001018037297607169","potions_obtained":[{"floor":8,"key":"GamblersBrew"},{"floor":14,"key":"GamblersBrew"},{"floor":16,"key":"FearPotion"},{"floor":21,"key":"GamblersBrew"},{"floor":28,"key":"Dexterity Potion"},{"floor":35,"key":"EssenceOfSteel"},{"floor":36,"key":"Fire Potion"}],"is_trial":false,"path_per_floor":["M","?","M","$","M","R","$","E","T","?","$","M","R","?","R","B",null,"M","?","$","M","?","E","$","R","T","?","M","M","R","M","R","B",null,"M","M","T","$","M","R","E"],"character_chosen":"THE_SILENT","items_purchased":["Caltrops","Sucker Punch","Noxious Fumes","Deadly Poison","Calculated Gamble","Deadly Poison","War Paint","Toy Ornithopter","Noxious Fumes","TwistedFunnel","Pen Nib"],"campfire_rested":5,"item_purchase_floors":[4,7,11,11,11,20,20,24,24,38,38],"current_hp_per_floor":[70,70,70,70,70,70,70,38,38,38,38,37,58,41,62,35,70,48,48,48,40,40,39,39,60,60,60,57,45,66,61,61,38,70,61,45,45,45,18,57,0],"gold":31,"neow_bonus":"THREE_CARDS","is_prod":false,"is_daily":false,"chose_seed":false,"campfire_upgraded":2,"win_rate":0.0,"timestamp":1564771602,"path_taken":["M","?","M","$","?","R","$","E","T","?","?","M","R","?","R","BOSS","M","?","$","?","?","E","?","R","T","?","M","M","R","M","R","BOSS","M","?","?","$","M","R","E"],"build_version":"2019-01-23","purchased_purges":1,"victory":false,"max_hp_per_floor":[70,70,70,70,70,70,70,70,70,70,70,70,70,70,70,70,70,70,70,70,70,70,70,70,70,70,70,70,70,70,70,70,70,70,70,70,70,70,70,70,70],"card_choices":[{"not_picked":["Deflect","Bane"],"picked":"Blade Dance","floor":0},{"not_picked":["Slice","Prepared"],"picked":"Blade Dance","floor":1},{"not_picked":["Bane","Dagger Throw"],"picked":"Backflip","floor":3},{"not_picked":["Calculated Gamble","Terror"],"picked":"Blur","floor":5},{"not_picked":["Deadly Poison","Calculated Gamble"],"picked":"Blade Dance","floor":8},{"not_picked":["Dagger Throw","Bouncing Flask","Terror"],"picked":"SKIP","floor":12},{"not_picked":["Distraction","Blade Dance"],"picked":"Quick Slash","floor":14},{"not_picked":["Malaise","Venomology"],"picked":"Adrenaline","floor":16},{"not_picked":["Dagger Throw"],"picked":"SKIP","floor":18},{"not_picked":["Dagger Throw"],"picked":"SKIP","floor":21},{"not_picked":[],"picked":"Leg Sweep","floor":23},{"not_picked":[],"picked":"Sucker Punch+1","floor":28},{"not_picked":[],"picked":"Prepared+1","floor":29},{"not_picked":["Dagger Throw"],"picked":"SKIP","floor":31},{"not_picked":[],"picked":"Tools of the Trade","floor":33},{"not_picked":["Blade Dance"],"picked":"SKIP","floor":35},{"not_picked":[],"picked":"Underhanded Strike+1","floor":36},{"not_picked":[],"picked":"Sucker Punch+1","floor":39}],"player_experience":49725,"relics_obtained":[{"floor":8,"key":"Dodecahedron"},{"floor":9,"key":"Meat on the Bone"},{"floor":14,"key":"Odd Mushroom"},{"floor":23,"key":"Mercury Hourglass"},{"floor":26,"key":"Boot"},{"floor":37,"key":"Oddly Smooth Stone"}],"event_choices":[{"damage_healed":0,"gold_gain":0,"player_choice":"Trade","damage_taken":0,"relics_obtained":["SsserpentHead"],"max_hp_gain":0,"max_hp_loss":0,"event_name":"FaceTrader","floor":2,"gold_loss":0},{"damage_healed":0,"gold_gain":0,"player_choice":"Ignored","damage_taken":0,"max_hp_gain":0,"max_hp_loss":0,"event_name":"Shining Light","floor":10,"gold_loss":0},{"damage_healed":0,"gold_gain":0,"player_choice":"Fought Mushrooms","damage_taken":0,"max_hp_gain":0,"max_hp_loss":0,"event_name":"Mushrooms","floor":14,"gold_loss":0},{"damage_healed":0,"gold_gain":0,"player_choice":"Copied","damage_taken":0,"max_hp_gain":0,"max_hp_loss":0,"event_name":"Duplicator","floor":19,"gold_loss":0,"cards_obtained":["Caltrops"]},{"damage_healed":0,"gold_gain":0,"player_choice":"1 cards matched","damage_taken":0,"max_hp_gain":0,"max_hp_loss":0,"event_name":"Match and Keep!","floor":22,"gold_loss":0,"cards_obtained":["PiercingWail"]},{"damage_healed":0,"gold_gain":0,"player_choice":"1 cards matched","damage_taken":0,"max_hp_gain":0,"max_hp_loss":0,"event_name":"Match and Keep!","floor":22,"gold_loss":0,"cards_obtained":["PiercingWail"]},{"damage_healed":0,"gold_gain":0,"player_choice":"Ignored","damage_taken":0,"max_hp_gain":0,"max_hp_loss":0,"event_name":"N\u0027loth","floor":27,"gold_loss":0}],"is_beta":true,"boss_relics":[{"not_picked":["Snecko Eye","White Beast Statue"],"picked":"Busted Crown"},{"not_picked":["Velvet Choker","Philosopher\u0027s Stone"],"picked":"Eternal Feather"}],"items_purged_floors":[4],"is_endless":false,"potions_floor_spawned":[8,14,16,21,28,29,35,36],"killed_by":"Giant Head","ascension_level":0}