{"gold_per_floor":[117,42,42,42,42,67,67,217,217,246,259,259,322,338,338,338],"floor_reached":16,"playtime":291,"items_purged":[],"score":296,"play_id":"c5a15f97-2c32-493e-9a50-2a2601ec13f0","local_time":"20190806122736","is_ascension_mode":true,"campfire_choices":[{"data":"Static Discharge","floor":7,"key":"SMITH"},{"data":"Zap","floor":12,"key":"SMITH"},{"floor":15,"key":"REST"}],"neow_cost":"NONE","seed_source_timestamp":12040212053239,"circlet_count":0,"master_deck":["AscendersBane","Strike_B","Strike_B+1","Strike_B+1","Strike_B","Defend_B","Defend_B","Defend_B","Zap+1","Dualcast","Static Discharge+1","Echo Form","Doubt","Capacitor","Defragment"],"relics":["Cracked Core","NeowsBlessing","Pen Nib","Bronze Scales","Whetstone","Blue Candle","Regal Pillow"],"potions_floor_usage":[14,16],"damage_taken":[{"damage":0,"enemies":"Small Slimes","floor":1,"turns":1},{"damage":0,"enemies":"Lagavulin","floor":6,"turns":1},{"damage":0,"enemies":"Gremlin Nob","floor":10,"turns":1},{"damage":9,"enemies":"2 Louse","floor":11,"turns":2},{"damage":34,"enemies":"Lagavulin Event","floor":13,"turns":5},{"damage":7,"enemies":"Jaw Worm","floor":14,"turns":3},{"damage":63,"enemies":"Slime Boss","floor":16,"turns":6}],"seed_played":"1832534704048030355","potions_obtained":[{"floor":10,"key":"Dexterity Potion"},{"floor":11,"key":"SneckoOil"},{"floor":14,"key":"Fruit Juice"}],"is_trial":false,"path_per_floor":["M","?","?","?","$","E","R","?","T","E","M","R","?","M","R","B"],"character_chosen":"DEFECT","items_purchased":[],"campfire_rested":1,"item_purchase_floors":[],"current_hp_per_floor":[64,64,59,64,64,64,64,64,64,64,55,55,21,19,58,0],"gold":338,"neow_bonus":"THREE_ENEMY_KILL","is_prod":false,"is_daily":false,"chose_seed":false,"campfire_upgraded":2,"win_rate":0,"timestamp":1565062056,"path_taken":["M","?","?","?","$","E","R","?","T","E","M","R","?","M","R","BOSS"],"build_version":"2019-07-17","purchased_purges":0,"victory":false,"max_hp_per_floor":[71,71,71,76,76,76,76,76,76,76,76,76,76,81,81,81],"card_choices":[{"not_picked":["Hologram","Tempest"],"picked":"Static Discharge","floor":1},{"not_picked":["Beam Cell","Redo"],"picked":"Echo Form","floor":6},{"not_picked":["Double Energy","Sweeping Beam","Hologram"],"picked":"SKIP","floor":10},{"not_picked":["Compile Driver","Barrage"],"picked":"Capacitor","floor":11},{"not_picked":["Sunder","Reprogram"],"picked":"Defragment","floor":14}],"player_experience":253014,"relics_obtained":[{"floor":6,"key":"Bronze Scales"},{"floor":9,"key":"Whetstone"},{"floor":10,"key":"Blue Candle"},{"floor":13,"key":"Regal Pillow"}],"event_choices":[{"cards_removed":["Defend_B"],"damage_healed":0,"gold_gain":0,"player_choice":"Card Removal","damage_taken":0,"max_hp_gain":0,"max_hp_loss":0,"event_name":"The Cleric","floor":2,"gold_loss":75},{"damage_healed":0,"gold_gain":0,"player_choice":"Success","damage_taken":5,"relics_obtained":["Pen Nib"],"max_hp_gain":0,"max_hp_loss":0,"event_name":"Scrap Ooze","floor":3,"gold_loss":0},{"damage_healed":0,"gold_gain":0,"player_choice":"Donut","damage_taken":0,"max_hp_gain":5,"max_hp_loss":0,"event_name":"Big Fish","floor":4,"gold_loss":0},{"damage_healed":0,"gold_gain":150,"player_choice":"AGREE","damage_taken":0,"max_hp_gain":0,"max_hp_loss":0,"event_name":"Liars Game","floor":8,"gold_loss":0,"cards_obtained":["Doubt"]},{"damage_healed":0,"gold_gain":0,"player_choice":"Searched \u00271\u0027 times","damage_taken":0,"max_hp_gain":0,"max_hp_loss":0,"event_name":"Dead Adventurer","floor":13,"gold_loss":0}],"is_beta":false,"boss_relics":[],"items_purged_floors":[],"is_endless":false,"potions_floor_spawned":[10,11,14],"killed_by":"Slime Boss","ascension_level":18}