{"gold_per_floor":[117,117,134,145,145,177,52,52,100,112,112,125,154,154,154,230,230,245,260,271,15,65,65],"floor_reached":23,"playtime":1848,"items_purged":["Regret"],"score":502,"play_id":"d9f7b3db-1853-4dd7-ac42-cc898002ae04","local_time":"20190724134910","is_ascension_mode":true,"campfire_choices":[{"data":"Fiend Fire","floor":8.0,"key":"SMITH"},{"floor":11.0,"key":"REST"},{"data":"Inflame","floor":15.0,"key":"SMITH"}],"neow_cost":"NONE","seed_source_timestamp":397659642379120,"circlet_count":0,"master_deck":["AscendersBane","Bash","Barricade","Dual Wield","Hemokinesis","Inflame+1","Fiend Fire+1","Sword Boomerang","Flame Barrier+1","Infernal Blade","Shrug It Off","Heavy Blade","True Grit","Flame Barrier+1","Sentinel","Metallicize","Havoc","Feel No Pain","Disarm","Demon Form","Ghostly Armor+1","Metallicize"],"special_seed":0,"relics":["Pandora\u0027s Box","Pen Nib","Smiling Mask","Omamori","War Paint","Sozu","Anchor"],"potions_floor_usage":[],"damage_taken":[{"damage":3.0,"enemies":"Small Slimes","floor":1.0,"turns":2.0},{"damage":0.0,"enemies":"2 Louse","floor":3.0,"turns":2.0},{"damage":12.0,"enemies":"Jaw Worm","floor":4.0,"turns":2.0},{"damage":22.0,"enemies":"Lagavulin","floor":6.0,"turns":4.0},{"damage":10.0,"enemies":"Lots of Slimes","floor":10.0,"turns":5.0},{"damage":5.0,"enemies":"Blue Slaver","floor":12.0,"turns":2.0},{"damage":11.0,"enemies":"3 Sentries","floor":13.0,"turns":6.0},{"damage":3.0,"enemies":"The Guardian","floor":16.0,"turns":14.0},{"damage":0.0,"enemies":"3 Byrds","floor":18.0,"turns":3.0},{"damage":22.0,"enemies":"2 Thieves","floor":19.0,"turns":3.0},{"damage":9.0,"enemies":"Snake Plant","floor":20.0,"turns":4.0},{"damage":31,"enemies":"Slavers","floor":23,"turns":4}],"seed_played":"-241969235729182682","potions_obtained":[{"floor":3.0,"key":"FearPotion"},{"floor":4.0,"key":"SkillPotion"},{"floor":10.0,"key":"Dexterity Potion"},{"floor":12.0,"key":"Fire Potion"}],"is_trial":false,"path_per_floor":["M","?","M","M","?","E","$","R","T","M","R","M","E","?","R","B",null,"M","M","M","$","?","E"],"character_chosen":"IRONCLAD","items_purchased":["Sentinel","Anchor","Metallicize"],"campfire_rested":1,"item_purchase_floors":[7,21,21],"current_hp_per_floor":[65,65,65,53,53,31,31,31,31,21,43,38,27,27,27,24,62,62,40,31,31,31,0],"gold":65,"neow_bonus":"BOSS_RELIC","is_prod":false,"is_daily":false,"chose_seed":false,"campfire_upgraded":2,"win_rate":0,"timestamp":1563965350,"path_taken":["M","?","M","M","?","E","$","R","T","M","R","M","E","?","R","BOSS","M","M","?","$","?","E"],"build_version":"2019-07-17","purchased_purges":1,"victory":false,"max_hp_per_floor":[75,75,75,75,75,75,75,75,75,75,75,75,75,75,75,75,75,75,75,75,75,75,75],"card_choices":[{"not_picked":["Spot Weakness","Perfected Strike"],"picked":"Shrug It Off","floor":1.0},{"not_picked":["Corruption","Clash"],"picked":"Heavy Blade","floor":3.0},{"not_picked":["Warcry","Clothesline"],"picked":"True Grit","floor":4.0},{"not_picked":["Juggernaut","Warcry"],"picked":"Flame Barrier","floor":6.0},{"not_picked":["Pummel","Wild Strike"],"picked":"Metallicize","floor":10.0},{"not_picked":["Body Slam","Bloodletting"],"picked":"Havoc","floor":12.0},{"not_picked":["Iron Wave","Thunderclap"],"picked":"Feel No Pain","floor":13.0},{"not_picked":["Immolate","Bludgeon"],"picked":"Demon Form","floor":16.0},{"not_picked":["Anger","Reckless Charge","Clash"],"picked":"SKIP","floor":18.0},{"not_picked":["Metallicize","Shockwave"],"picked":"Ghostly Armor+1","floor":19.0},{"not_picked":["Rage","Perfected Strike","Searing Blow"],"picked":"SKIP","floor":20.0}],"player_experience":946401,"relics_obtained":[{"floor":6.0,"key":"Smiling Mask"},{"floor":9.0,"key":"Omamori"},{"floor":13.0,"key":"War Paint"}],"event_choices":[{"damage_healed":0.0,"max_hp_gain":0.0,"max_hp_loss":0.0,"gold_gain":0.0,"event_name":"The Cleric","player_choice":"Leave","floor":2.0,"gold_loss":0.0,"damage_taken":0.0},{"damage_healed":0.0,"max_hp_gain":0.0,"max_hp_loss":0.0,"gold_gain":0.0,"event_name":"Big Fish","player_choice":"Box","floor":5.0,"gold_loss":0.0,"damage_taken":0.0,"relics_obtained":["Pen Nib"],"cards_obtained":["Regret"]},{"damage_healed":0.0,"max_hp_gain":0.0,"max_hp_loss":0.0,"gold_gain":0.0,"cards_transformed":["Blood for Blood"],"event_name":"Transmorgrifier","player_choice":"Transformed","floor":14.0,"gold_loss":0.0,"damage_taken":0.0,"cards_obtained":["Disarm"]},{"damage_healed":0.0,"max_hp_gain":0.0,"max_hp_loss":0.0,"gold_gain":50.0,"event_name":"Nest","player_choice":"Stole From Cult","floor":22.0,"gold_loss":0.0,"damage_taken":0.0}],"is_beta":false,"boss_relics":[{"not_picked":["Astrolabe","Eternal Feather"],"picked":"Sozu"}],"items_purged_floors":[7],"is_endless":false,"potions_floor_spawned":[3,4,10,12,18,19],"killed_by":"Slavers","ascension_level":20}