{"gold_per_floor":[119,137,62,78,78,78,78,78,78,78,78,88,88,100,100,197,197,211,211,194,194,39,39,53,53,77,93,93],"floor_reached":28,"playtime":1402,"items_purged":["Strike_B"],"score":218,"play_id":"db7074ce-09a3-4d31-b802-97f59f72fdee","local_time":"20190302212309","is_ascension_mode":true,"campfire_choices":[{"floor":6,"key":"RECALL"},{"data":"Ball Lightning","floor":8,"key":"SMITH"},{"floor":11,"key":"REST"},{"data":"Reprogram","floor":15,"key":"SMITH"},{"floor":23,"key":"REST"},{"data":"Echo Form","floor":25,"key":"SMITH"}],"neow_cost":"NONE","seed_source_timestamp":150958105538972,"circlet_count":0,"master_deck":["Strike_B+1","Defend_B+1","Defend_B+1","Defend_B+1","Defend_B+1","Zap","Dualcast","Cold Snap","Redo","Ball Lightning+1","Tempest","Reprogram+1","Echo Form+1","Capacitor","Redo","Coolheaded","Storm","Consume","Machine Learning","White Noise","Capacitor","White Noise","Leap+1"],"relics":["Cracked Core","Pen Nib","Orrery","Lantern"],"potions_floor_usage":[],"damage_taken":[{"damage":0,"enemies":"Cultist","floor":1,"turns":3},{"damage":4,"enemies":"Jaw Worm","floor":2,"turns":3},{"damage":2,"enemies":"2 Louse","floor":4,"turns":3},{"damage":20,"enemies":"Large Slime","floor":12,"turns":4},{"damage":9,"enemies":"Blue Slaver","floor":14,"turns":3},{"damage":51,"enemies":"Hexaghost","floor":16,"turns":9},{"damage":17,"enemies":"Spheric Guardian","floor":18,"turns":5},{"damage":28,"enemies":"2 Thieves","floor":20,"turns":4},{"damage":16,"enemies":"Cultist and Chosen","floor":24,"turns":3},{"damage":48,"enemies":"Sentry and Sphere","floor":27,"turns":6},{"damage":0,"enemies":"Centurion and Healer","floor":28,"turns":1}],"seed_played":"3045907323673206886","potions_obtained":[{"floor":12,"key":"FairyPotion"},{"floor":16,"key":"SmokeBomb"},{"floor":20,"key":"LiquidBronze"}],"is_trial":false,"path_per_floor":["M","M","$","M","?","R","?","R","T","?","R","M","$","M","R","B",null,"M","?","M","?","$","R","M","R","T","M","M"],"character_chosen":"DEFECT","items_purchased":["Capacitor","White Noise"],"campfire_rested":2,"item_purchase_floors":[22,22],"current_hp_per_floor":[82,78,78,76,58,58,58,58,58,58,82,62,62,53,53,2,82,65,65,37,37,37,61,45,45,45,8,8],"gold":93,"neow_bonus":"TEN_PERCENT_HP_BONUS","is_prod":false,"is_daily":false,"chose_seed":false,"campfire_upgraded":3,"win_rate":0,"timestamp":1551590589,"path_taken":["M","M","$","?","?","R","?","R","T","?","R","M","$","M","R","BOSS","M","?","M","?","$","R","M","R","T","M","M"],"build_version":"2019-01-23","purchased_purges":1,"victory":false,"max_hp_per_floor":[82,82,82,82,82,82,82,82,82,82,82,82,82,82,82,82,82,82,82,82,82,82,82,82,82,82,82,82],"card_choices":[{"not_picked":["Beam Cell","Leap"],"picked":"Cold Snap","floor":1},{"not_picked":["Compile Driver","Double Energy"],"picked":"Redo","floor":2},{"not_picked":["Barrage","Cold Snap"],"picked":"Ball Lightning","floor":4},{"not_picked":["Redo","Stack"],"picked":"Tempest","floor":12},{"not_picked":["Leap","Stack"],"picked":"Reprogram","floor":14},{"not_picked":["Seek","Buffer"],"picked":"Echo Form","floor":16},{"not_picked":["Stack","Chaos"],"picked":"Capacitor","floor":17},{"not_picked":["Compile Driver","Rebound"],"picked":"Redo","floor":17},{"not_picked":["Reinforced Body","Reprogram"],"picked":"Coolheaded","floor":17},{"not_picked":["Streamline","Leap"],"picked":"Storm","floor":17},{"not_picked":["Reprogram","Cold Snap"],"picked":"Consume","floor":18},{"not_picked":["Coolheaded","Cold Snap"],"picked":"Machine Learning","floor":20},{"not_picked":["Redo","Compile Driver","Hologram"],"picked":"SKIP","floor":24},{"not_picked":["Steam","Skim+1"],"picked":"Leap+1","floor":27}],"player_experience":58812,"relics_obtained":[{"floor":26,"key":"Lantern"}],"event_choices":[{"damage_healed":0,"gold_gain":0,"player_choice":"Success","damage_taken":18,"relics_obtained":["Pen Nib"],"max_hp_gain":0,"max_hp_loss":0,"event_name":"Scrap Ooze","floor":5,"gold_loss":0},{"cards_removed":["Strike_B"],"damage_healed":0,"gold_gain":0,"player_choice":"Forget","damage_taken":0,"max_hp_gain":0,"max_hp_loss":0,"event_name":"Living Wall","floor":7,"gold_loss":0},{"damage_healed":0,"gold_gain":0,"player_choice":"Ignored","damage_taken":0,"max_hp_gain":0,"max_hp_loss":0,"event_name":"Liars Game","floor":10,"gold_loss":0},{"damage_healed":0,"gold_gain":0,"player_choice":"Simplicity","damage_taken":0,"max_hp_gain":0,"max_hp_loss":0,"event_name":"Back to Basics","floor":19,"gold_loss":0,"cards_upgraded":["Strike_B","Strike_B","Defend_B","Defend_B","Defend_B","Defend_B"]},{"damage_healed":0,"gold_gain":0,"cards_transformed":["Strike_B"],"player_choice":"Transformed","damage_taken":0,"max_hp_gain":0,"max_hp_loss":0,"event_name":"Transmorgrifier","floor":21,"gold_loss":0,"cards_obtained":["White Noise"]}],"is_beta":false,"boss_relics":[{"not_picked":["Ectoplasm","Lizard Tail"],"picked":"Orrery"}],"items_purged_floors":[3],"is_endless":false,"potions_floor_spawned":[12,16,20,27],"killed_by":"Centurion and Healer","ascension_level":1}