{"gold_per_floor":[117,136,211,211,222,247,247,247,247,247,259,294,79,79,79,151,151,162,175,194,209,240,240,240,240,265,295,314,327,8,41,41,41],"floor_reached":33,"playtime":1096,"items_purged":["Strike_B","Strike_B+1"],"score":640,"play_id":"37210a05-71cb-4246-9bc9-f08f83f30d01","local_time":"20190708001839","is_ascension_mode":true,"campfire_choices":[{"data":"Chaos","floor":8.0,"key":"SMITH"},{"data":"Conserve Battery","floor":10.0,"key":"SMITH"},{"data":"Static Discharge","floor":15.0,"key":"SMITH"},{"floor":23,"key":"REST"},{"floor":25,"key":"REST"},{"floor":32,"key":"REST"}],"neow_cost":"NONE","seed_source_timestamp":4082612584618,"circlet_count":0,"master_deck":["AscendersBane","Strike_B+1","Strike_B+1","Defend_B+1","Defend_B+1","Defend_B+1","Defend_B+1","Zap+1","Dualcast","Chaos+1","Conserve Battery+1","Ball Lightning","Undo","Echo Form","Static Discharge+1","Glacier","Sweeping Beam","Biased Cognition","Self Repair","Glacier","Compile Driver","Compile Driver","Tempest","Genetic Algorithm"],"special_seed":0,"relics":["Cracked Core","Pear","Oddly Smooth Stone","Vajra","Lantern","Nuclear Battery","Red Mask","Regal Pillow","WingedGreaves","Membership Card","Singing Bowl"],"potions_floor_usage":[22,33],"damage_taken":[{"damage":3.0,"enemies":"Small Slimes","floor":1.0,"turns":3.0},{"damage":14.0,"enemies":"Jaw Worm","floor":2.0,"turns":4.0},{"damage":0.0,"enemies":"2 Louse","floor":5.0,"turns":3.0},{"damage":11.0,"enemies":"Gremlin Nob","floor":6.0,"turns":3.0},{"damage":0.0,"enemies":"Large Slime","floor":11.0,"turns":4.0},{"damage":0.0,"enemies":"Lagavulin","floor":12.0,"turns":6.0},{"damage":16.0,"enemies":"The Guardian","floor":16.0,"turns":9.0},{"damage":0.0,"enemies":"Spheric Guardian","floor":18.0,"turns":6.0},{"damage":11,"enemies":"2 Thieves","floor":19,"turns":4},{"damage":17,"enemies":"Cultist and Chosen","floor":20,"turns":5},{"damage":33,"enemies":"Shelled Parasite and Fungi","floor":21,"turns":5},{"damage":29,"enemies":"Masked Bandits","floor":22,"turns":7},{"damage":31,"enemies":"Gremlin Leader","floor":27,"turns":6},{"damage":0,"enemies":"Snecko","floor":28,"turns":7},{"damage":7,"enemies":"Centurion and Healer","floor":29,"turns":7},{"damage":61,"enemies":"Book of Stabbing","floor":31,"turns":6},{"damage":127,"enemies":"Automaton","floor":33,"turns":12}],"seed_played":"-7818263287509752139","potions_obtained":[{"floor":1.0,"key":"Explosive Potion"},{"floor":6.0,"key":"EssenceOfSteel"},{"floor":11.0,"key":"Regen Potion"},{"floor":20,"key":"FairyPotion"},{"floor":28,"key":"Swift Potion"}],"is_trial":false,"path_per_floor":["M","M","?","?","M","E","?","R","T","R","M","E","$","?","R","B",null,"M","M","M","M","?","R","?","R","T","E","M","M","$","E","R","B"],"character_chosen":"DEFECT","items_purchased":["Glacier","Sweeping Beam","Membership Card","Genetic Algorithm"],"campfire_rested":3,"item_purchase_floors":[13,13,30,30],"current_hp_per_floor":[61,47,36,41,41,30,57,57,57,57,57,72,72,72,72,56,75,75,64,61,42,20,44,44,68,68,51,65,72,72,27,66,0],"gold":41,"neow_bonus":"UPGRADE_CARD","is_prod":false,"is_daily":false,"chose_seed":false,"campfire_upgraded":3,"win_rate":0,"timestamp":1562537919,"path_taken":["M","M","?","?","M","E","?","R","T","R","M","E","?","?","R","BOSS","M","M","M","M","?","R","?","R","T","E","M","M","$","E","R","BOSS"],"build_version":"2019-07-03","purchased_purges":2,"victory":false,"max_hp_per_floor":[71,71,71,81,81,81,81,81,81,81,81,81,81,81,81,81,81,81,81,81,81,81,81,81,81,81,81,81,81,81,83,83,83],"card_choices":[{"not_picked":["Steam Power","Turbo","Chaos"],"picked":"SKIP","floor":1.0},{"not_picked":["Steam Power","Turbo"],"picked":"Chaos","floor":1.0},{"not_picked":["Sweeping Beam","Beam Cell"],"picked":"Conserve Battery","floor":2.0},{"not_picked":["Force Field","Coolheaded"],"picked":"Ball Lightning","floor":5.0},{"not_picked":["Compile Driver","Cold Snap"],"picked":"Undo","floor":6.0},{"not_picked":["BootSequence","Chill"],"picked":"Echo Form","floor":11.0},{"not_picked":["Gash","Streamline"],"picked":"Static Discharge","floor":12.0},{"not_picked":["Echo Form","Machine Learning"],"picked":"Biased Cognition","floor":16.0},{"not_picked":["Steam","Redo","Barrage"],"picked":"SKIP","floor":18.0},{"not_picked":["Hologram","Compile Driver"],"picked":"Self Repair","floor":19},{"not_picked":["Hologram","Coolheaded"],"picked":"Glacier","floor":20},{"not_picked":["Auto Shields","Rebound","Steam"],"picked":"SKIP","floor":21},{"not_picked":["Darkness","Sunder+1"],"picked":"Compile Driver","floor":22},{"not_picked":["Beam Cell+1","Reboot","Heatsinks"],"picked":"SKIP","floor":27},{"not_picked":["Blizzard","Heatsinks"],"picked":"Compile Driver","floor":28},{"not_picked":["Ball Lightning","Turbo"],"picked":"Tempest","floor":29},{"not_picked":["Aggregate","Go for the Eyes","Stack+1"],"picked":"Singing Bowl","floor":31}],"player_experience":1828794,"relics_obtained":[{"floor":6.0,"key":"Oddly Smooth Stone"},{"floor":9.0,"key":"Vajra"},{"floor":12.0,"key":"Lantern"},{"floor":22,"key":"Red Mask"},{"floor":26,"key":"Regal Pillow"},{"floor":27,"key":"WingedGreaves"},{"floor":31,"key":"Singing Bowl"}],"event_choices":[{"damage_healed":0.0,"max_hp_gain":0.0,"max_hp_loss":0.0,"gold_gain":75.0,"event_name":"World of Goop","player_choice":"Gather Gold","floor":3.0,"gold_loss":0.0,"damage_taken":11.0},{"damage_healed":0.0,"max_hp_gain":0.0,"max_hp_loss":0.0,"gold_gain":0.0,"event_name":"Scrap Ooze","player_choice":"Success","floor":4.0,"gold_loss":0.0,"damage_taken":5.0,"relics_obtained":["Pear"]},{"damage_healed":27.0,"max_hp_gain":0.0,"max_hp_loss":0.0,"gold_gain":0.0,"event_name":"Big Fish","player_choice":"Banana","floor":7.0,"gold_loss":0.0,"damage_taken":0.0},{"damage_healed":0.0,"max_hp_gain":0.0,"max_hp_loss":0.0,"gold_gain":0.0,"event_name":"Liars Game","player_choice":"Ignored","floor":14.0,"gold_loss":0.0,"damage_taken":0.0},{"damage_healed":0,"gold_gain":0,"player_choice":"Fought Bandits","damage_taken":0,"max_hp_gain":0,"max_hp_loss":0,"event_name":"Masked Bandits","floor":22,"gold_loss":0},{"damage_healed":0,"gold_gain":0,"player_choice":"Simplicity","damage_taken":0,"max_hp_gain":0,"max_hp_loss":0,"event_name":"Back to Basics","floor":24,"gold_loss":0,"cards_upgraded":["Strike_B","Strike_B","Strike_B","Defend_B","Defend_B","Defend_B","Defend_B"]}],"is_beta":true,"boss_relics":[{"not_picked":["Pandora\u0027s Box","FrozenCore"],"picked":"Nuclear Battery"}],"items_purged_floors":[13,30],"is_endless":false,"potions_floor_spawned":[1,6,11,20,28,29,31],"killed_by":"Automaton","ascension_level":20}