{"gold_per_floor":[364,381,59,77,93,93,120,120,120,120,155,155,74,85,85,85],"floor_reached":16,"playtime":352,"items_purged":["Strike_G"],"score":100,"play_id":"197d4f7e-1133-4f1e-8653-101048834de9","local_time":"20190807055348","is_ascension_mode":false,"campfire_choices":[{"data":"Acrobatics","floor":8,"key":"SMITH"},{"data":"Neutralize","floor":10,"key":"SMITH"},{"data":"Survivor","floor":12,"key":"SMITH"},{"data":"Strike_G","floor":15,"key":"SMITH"}],"neow_cost":"PERCENT_DAMAGE","seed_source_timestamp":63493729622226,"circlet_count":0,"master_deck":["Strike_G","Strike_G","Strike_G+1","Defend_G","Defend_G","Defend_G","Defend_G","Defend_G","Survivor+1","Neutralize+1","Acrobatics+1","Tactician"],"special_seed":0,"relics":["Ring of the Snake","Kunai","Vajra","Blood Vial"],"potions_floor_usage":[11,16],"damage_taken":[{"damage":0.0,"enemies":"2 Louse","floor":1.0,"turns":3.0},{"damage":0.0,"enemies":"Jaw Worm","floor":2.0,"turns":5.0},{"damage":0.0,"enemies":"Small Slimes","floor":4.0,"turns":4.0},{"damage":10.0,"enemies":"Exordium Thugs","floor":5.0,"turns":8.0},{"damage":16,"enemies":"Gremlin Nob","floor":11,"turns":4},{"damage":4,"enemies":"Red Slaver","floor":14,"turns":3},{"damage":24,"enemies":"Hexaghost","floor":16,"turns":11}],"seed_played":"8341143878982833336","potions_obtained":[{"floor":1.0,"key":"SneckoOil"},{"floor":5.0,"key":"PowerPotion"}],"is_trial":false,"path_per_floor":["M","M","$","M","M","?","T","R","T","R","E","R","$","M","R","B"],"character_chosen":"THE_SILENT","items_purchased":["Kunai","Tactician"],"campfire_rested":0,"item_purchase_floors":[3,13],"current_hp_per_floor":[49,49,49,49,39,39,39,39,39,39,23,23,23,21,21,0],"gold":85,"neow_bonus":"TWO_FIFTY_GOLD","is_prod":false,"is_daily":false,"chose_seed":false,"campfire_upgraded":4,"win_rate":0,"timestamp":1565124828,"path_taken":["M","M","$","M","M","?","?","R","T","R","E","R","$","M","R","BOSS"],"build_version":"2019-07-17","purchased_purges":1,"victory":false,"max_hp_per_floor":[70,70,70,70,70,70,70,70,70,70,70,70,70,70,70,70],"card_choices":[{"not_picked":["Footwork","Riddle With Holes"],"picked":"Acrobatics","floor":1.0},{"not_picked":["Backstab","Blade Dance","Poisoned Stab"],"picked":"SKIP","floor":2.0},{"not_picked":["Adrenaline","PiercingWail","Outmaneuver"],"picked":"SKIP","floor":4.0},{"not_picked":["Prepared","Accuracy","Blade Dance"],"picked":"SKIP","floor":5.0},{"not_picked":["Outmaneuver","Dagger Throw","Choke"],"picked":"SKIP","floor":11},{"not_picked":["Choke","Backstab","PiercingWail"],"picked":"SKIP","floor":14}],"player_experience":795777,"relics_obtained":[{"floor":7,"key":"Vajra"},{"floor":11,"key":"Blood Vial"}],"event_choices":[{"cards_removed":["Strike_G"],"damage_healed":0,"gold_gain":0,"player_choice":"Forget","damage_taken":0,"max_hp_gain":0,"max_hp_loss":0,"event_name":"Living Wall","floor":6,"gold_loss":0}],"is_beta":false,"boss_relics":[],"items_purged_floors":[3],"is_endless":false,"potions_floor_spawned":[1,5],"killed_by":"Hexaghost","ascension_level":0}