{"gold_per_floor":[117,192,207,207,224,224,36,36,63,63,91,103,127,162,162,265,265,281,307,64,80,80,107,126,126,197,210,210,230,250,260,260,365,365,385,410,410,430,449,449,464,464,489,489,504,504,143,157,157,157],"floor_reached":51,"playtime":1686,"items_purged":["Flex"],"score":729,"play_id":"2408efb2-1025-4c1c-a8e8-2c9065f835ab","local_time":"20190710233941","daily_mods":["SealedDeck","Heirloom","Binary"],"is_ascension_mode":false,"campfire_choices":[{"data":"Uppercut","floor":6,"key":"SMITH"},{"data":"Armaments","floor":8,"key":"SMITH"},{"data":"Clothesline","floor":10,"key":"SMITH"},{"data":"Anger","floor":15,"key":"SMITH"},{"data":"Shrug It Off","floor":25,"key":"SMITH"},{"data":"Shrug It Off","floor":32,"key":"SMITH"},{"data":"Rage","floor":49,"key":"SMITH"}],"neow_cost":"","seed_source_timestamp":0,"circlet_count":0,"master_deck":["Clothesline+1","Headbutt+1","Armaments+1","Cleave+1","Uppercut+1","Anger+1","Shrug It Off+1","Shrug It Off+1","Rage+1","Inflame"],"relics":["Burning Blood","Busted Crown","Magic Flower","Sundial","Tiny Chest","Whetstone","Charon\u0027s Ashes","Dream Catcher","Blood Vial","Coffee Dripper","PreservedInsect","Pear","Centennial Puzzle","Mummified Hand","Bronze Scales","Sozu","Red Skull","Oddly Smooth Stone","Shuriken"],"potions_floor_usage":[16,50,50,50],"damage_taken":[{"damage":0,"enemies":"2 Louse","floor":1,"turns":2},{"damage":0,"enemies":"Cultist","floor":3,"turns":2},{"damage":8,"enemies":"Jaw Worm","floor":5,"turns":2},{"damage":4,"enemies":"Gremlin Nob","floor":11,"turns":3},{"damage":0,"enemies":"Red Slaver","floor":12,"turns":2},{"damage":14,"enemies":"3 Sentries","floor":14,"turns":3},{"damage":16,"enemies":"Slime Boss","floor":16,"turns":7},{"damage":0,"enemies":"3 Byrds","floor":18,"turns":3},{"damage":0,"enemies":"Shell Parasite","floor":21,"turns":2},{"damage":9,"enemies":"Slavers","floor":23,"turns":4},{"damage":0,"enemies":"Sentry and Sphere","floor":24,"turns":3},{"damage":0,"enemies":"3 Cultists","floor":27,"turns":3},{"damage":0,"enemies":"Snecko","floor":29,"turns":3},{"damage":1,"enemies":"Centurion and Healer","floor":30,"turns":3},{"damage":0,"enemies":"Sentry and Sphere","floor":31,"turns":3},{"damage":39,"enemies":"Collector","floor":33,"turns":7},{"damage":0,"enemies":"Orb Walker","floor":35,"turns":2},{"damage":34,"enemies":"3 Shapes","floor":38,"turns":2},{"damage":11,"enemies":"Sphere and 2 Shapes","floor":39,"turns":3},{"damage":0,"enemies":"Transient","floor":41,"turns":5},{"damage":13,"enemies":"Jaw Worm Horde","floor":45,"turns":3},{"damage":10,"enemies":"Sphere and 2 Shapes","floor":48,"turns":3},{"damage":44,"enemies":"Awakened One","floor":50,"turns":9}],"seed_played":"8666424838646634673","potions_obtained":[{"floor":3,"key":"BloodPotion"},{"floor":11,"key":"LiquidBronze"},{"floor":12,"key":"Poison Potion"},{"floor":16,"key":"Block Potion"}],"is_trial":true,"path_per_floor":["M","?","M","?","M","R","$","R","T","R","E","M","T","E","R","B",null,"M","T","$","M","?","E","M","R","T","M","T","M","M","M","R","B",null,"M","T","$","M","M","R","M","R","T","R","M","?","$","M","R","B",null],"character_chosen":"IRONCLAD","items_purchased":["Tiny Chest","Pear","Shuriken","Rage","Inflame"],"campfire_rested":0,"item_purchase_floors":[7,20,47,47,47],"current_hp_per_floor":[80,69,78,78,79,79,79,79,79,79,80,80,80,75,75,71,80,80,80,90,90,90,90,90,90,90,90,90,90,90,90,90,60,90,90,90,90,65,66,66,78,78,78,78,77,77,77,79,79,80],"gold":157,"neow_bonus":"","is_prod":false,"is_daily":false,"chose_seed":false,"campfire_upgraded":7,"win_rate":0,"timestamp":1562819981,"path_taken":["M","?","M","?","M","R","$","R","T","R","E","?","?","E","R","BOSS","M","?","$","M","?","E","M","R","T","?","?","M","M","M","R","BOSS","M","?","$","M","M","R","?","R","T","R","M","?","$","M","R","BOSS"],"build_version":"2019-07-05","purchased_purges":1,"victory":true,"max_hp_per_floor":[80,80,80,80,80,80,80,80,80,80,80,80,80,80,80,80,80,80,80,90,90,90,90,90,90,90,90,90,90,90,90,90,90,90,90,90,90,90,90,90,90,90,90,90,90,90,90,90,90,90],"card_choices":[],"player_experience":397557,"relics_obtained":[{"floor":9,"key":"Whetstone"},{"floor":11,"key":"Charon\u0027s Ashes"},{"floor":13,"key":"Dream Catcher"},{"floor":14,"key":"Blood Vial"},{"floor":19,"key":"PreservedInsect"},{"floor":23,"key":"Centennial Puzzle"},{"floor":26,"key":"Mummified Hand"},{"floor":28,"key":"Bronze Scales"},{"floor":36,"key":"Red Skull"},{"floor":43,"key":"Oddly Smooth Stone"}],"event_choices":[{"damage_healed":0,"gold_gain":75,"player_choice":"Gather Gold","damage_taken":11,"max_hp_gain":0,"max_hp_loss":0,"event_name":"World of Goop","floor":2,"gold_loss":0},{"cards_removed":["Iron Wave"],"damage_healed":0,"gold_gain":0,"player_choice":"Gave Card","damage_taken":0,"relics_obtained":["Sundial"],"max_hp_gain":0,"max_hp_loss":0,"event_name":"WeMeetAgain","floor":4,"gold_loss":0},{"damage_healed":0,"gold_gain":0,"player_choice":"Ignored","damage_taken":0,"max_hp_gain":0,"max_hp_loss":0,"event_name":"Duplicator","floor":22,"gold_loss":0},{"damage_healed":0,"gold_gain":0,"player_choice":"Memory 1","damage_taken":0,"max_hp_gain":0,"max_hp_loss":0,"event_name":"SensoryStone","floor":46,"gold_loss":0}],"is_beta":false,"boss_relics":[{"not_picked":["Astrolabe","Eternal Feather"],"picked":"Coffee Dripper"},{"not_picked":["Philosopher\u0027s Stone","Lizard Tail"],"picked":"Sozu"}],"items_purged_floors":[7],"is_endless":false,"potions_floor_spawned":[3,11,12,14,16,24,27,30,31,33,39,41],"ascension_level":0}