{"gold_per_floor":[116,116,135,135,146,146,174,174,174,174,207,207,239,256,256,256],"floor_reached":16,"playtime":1425,"items_purged":[],"score":133,"play_id":"829a2ab7-6072-4531-8a3a-6ed8e2b0316c","local_time":"20190228233511","is_ascension_mode":false,"campfire_choices":[{"data":"Underhanded Strike","floor":6,"key":"SMITH"},{"floor":8,"key":"REST"},{"floor":12,"key":"REST"},{"data":"Doppelganger","floor":15,"key":"SMITH"}],"neow_cost":"NONE","seed_source_timestamp":872995402839858,"circlet_count":0,"master_deck":["Defend_G","Defend_G","Defend_G","Defend_G","Defend_G","Strike_G","Strike_G","Strike_G","Strike_G","Strike_G+1","Survivor+1","Neutralize","Underhanded Strike+1","Prepared","Tactician","Footwork","Decay","Backflip","Predator","Doppelganger+1"],"relics":["Ring of the Snake","Odd Mushroom","Bronze Scales","Bottled Lightning","Torii"],"potions_floor_usage":[],"damage_taken":[{"damage":0,"enemies":"2 Louse","floor":1,"turns":3},{"damage":0,"enemies":"Small Slimes","floor":3,"turns":5},{"damage":1,"enemies":"Cultist","floor":5,"turns":4},{"damage":28,"enemies":"The Mushroom Lair","floor":7,"turns":7},{"damage":34,"enemies":"Gremlin Nob","floor":11,"turns":6},{"damage":0,"enemies":"Lagavulin","floor":13,"turns":9},{"damage":1,"enemies":"3 Louse","floor":14,"turns":3},{"damage":49,"enemies":"Slime Boss","floor":16,"turns":8}],"seed_played":"1615569044419973253","potions_obtained":[{"floor":5,"key":"Strength Potion"},{"floor":14,"key":"Ancient Potion"}],"is_trial":false,"path_per_floor":["M","?","M","?","M","R","?","R","T","?","E","R","E","M","R","B"],"character_chosen":"THE_SILENT","items_purchased":[],"campfire_rested":2,"item_purchase_floors":[],"current_hp_per_floor":[77,82,82,66,65,65,37,61,61,61,27,51,51,50,50,1],"gold":256,"neow_bonus":"TEN_PERCENT_HP_BONUS","is_prod":false,"is_daily":false,"chose_seed":false,"campfire_upgraded":2,"win_rate":0.0,"timestamp":1551425711,"path_taken":["M","?","M","?","M","R","?","R","T","?","E","R","E","?","R","BOSS"],"build_version":"2019-01-23","purchased_purges":0,"victory":false,"max_hp_per_floor":[77,82,82,82,82,82,82,82,82,82,82,82,82,82,82,82],"card_choices":[{"not_picked":["Dodge and Roll","Well Laid Plans"],"picked":"Underhanded Strike","floor":1},{"not_picked":["Deflect","Acrobatics"],"picked":"Prepared","floor":3},{"not_picked":["Dodge and Roll","Deadly Poison"],"picked":"Tactician","floor":5},{"not_picked":["Outmaneuver","Caltrops"],"picked":"Footwork","floor":7},{"not_picked":["Blade Dance","PiercingWail"],"picked":"Backflip","floor":11},{"not_picked":["Sucker Punch","Skewer"],"picked":"Predator","floor":13},{"not_picked":["Masterful Stab","Dodge and Roll"],"picked":"Doppelganger","floor":14}],"player_experience":7451,"relics_obtained":[{"floor":7,"key":"Odd Mushroom"},{"floor":9,"key":"Bronze Scales"},{"floor":11,"key":"Bottled Lightning"},{"floor":13,"key":"Torii"}],"event_choices":[{"damage_healed":0,"gold_gain":0,"player_choice":"Donut","damage_taken":0,"max_hp_gain":5,"max_hp_loss":0,"event_name":"Big Fish","floor":2,"gold_loss":0},{"damage_healed":0,"gold_gain":0,"player_choice":"Entered Light","damage_taken":16,"max_hp_gain":0,"max_hp_loss":0,"event_name":"Shining Light","floor":4,"gold_loss":0,"cards_upgraded":["Survivor","Strike_G"]},{"damage_healed":0,"gold_gain":0,"player_choice":"Fought Mushrooms","damage_taken":0,"max_hp_gain":0,"max_hp_loss":0,"event_name":"Mushrooms","floor":7,"gold_loss":0},{"damage_healed":0,"gold_gain":0,"player_choice":"Cursed","damage_taken":0,"max_hp_gain":0,"max_hp_loss":0,"event_name":"Wheel of Change","floor":10,"gold_loss":0,"cards_obtained":["Decay"]}],"is_beta":false,"boss_relics":[],"items_purged_floors":[],"is_endless":false,"potions_floor_spawned":[5,14],"killed_by":"Slime Boss","ascension_level":0}