{"gold_per_floor":[110,120,14,24,43,43,74,74,74,74,99,99,128,145,145,145],"floor_reached":16,"playtime":449,"items_purged":[],"score":240,"play_id":"b44e124e-6f6f-446b-9011-f55af225bef0","local_time":"20190619053946","is_ascension_mode":true,"campfire_choices":[{"floor":6.0,"key":"REST"},{"data":"Defragment","floor":8.0,"key":"SMITH"},{"data":"Sunder","floor":10.0,"key":"SMITH"},{"floor":15,"key":"REST"}],"neow_cost":"NONE","seed_source_timestamp":4694257594680,"circlet_count":0,"master_deck":["AscendersBane","Strike_B","Strike_B","Strike_B","Strike_B","Defend_B","Defend_B","Defend_B","Defend_B","Zap","Dualcast","Sunder+1","Leap","Sweeping Beam","Defragment+1","Ball Lightning","Reinforced Body","Steam","Chill+1"],"special_seed":0,"relics":["Cracked Core","Regal Pillow","Pantograph","Turnip","Toxic Egg 2"],"potions_floor_usage":[14],"damage_taken":[{"damage":0.0,"enemies":"Cultist","floor":1.0,"turns":3.0},{"damage":7.0,"enemies":"Jaw Worm","floor":2.0,"turns":3.0},{"damage":3.0,"enemies":"2 Louse","floor":4.0,"turns":3.0},{"damage":22.0,"enemies":"Exordium Wildlife","floor":5.0,"turns":4.0},{"damage":21.0,"enemies":"Lagavulin","floor":7.0,"turns":6.0},{"damage":27.0,"enemies":"3 Sentries","floor":11.0,"turns":6.0},{"damage":3.0,"enemies":"Lagavulin","floor":13.0,"turns":7.0},{"damage":2,"enemies":"Large Slime","floor":14,"turns":4},{"damage":78,"enemies":"Hexaghost","floor":16,"turns":10}],"seed_played":"3819828191392399557","potions_obtained":[{"floor":4.0,"key":"Poison Potion"},{"floor":7.0,"key":"Weak Potion"}],"is_trial":false,"path_per_floor":["M","M","$","M","M","R","E","R","T","R","E","?","E","M","R","B"],"character_chosen":"DEFECT","items_purchased":["SteroidPotion","Sweeping Beam"],"campfire_rested":2,"item_purchase_floors":[3,3],"current_hp_per_floor":[71,64,64,61,39,62,41,41,41,41,14,14,11,9,47,0],"gold":145,"neow_bonus":"TEN_PERCENT_HP_BONUS","is_prod":false,"is_daily":false,"chose_seed":false,"campfire_upgraded":2,"win_rate":0,"timestamp":1560915586,"path_taken":["M","?","$","M","M","R","E","R","T","R","E","?","E","M","R","BOSS"],"build_version":"2019-06-17v2","purchased_purges":0,"victory":false,"max_hp_per_floor":[78,78,78,78,78,78,78,78,78,78,78,78,78,78,78,78],"card_choices":[{"not_picked":["Compile Driver","Tempest"],"picked":"Sunder","floor":1.0},{"not_picked":["White Noise","Rebound"],"picked":"Leap","floor":2.0},{"not_picked":["Skim","Go for the Eyes"],"picked":"Defragment","floor":4.0},{"not_picked":["Hologram","Leap"],"picked":"Ball Lightning","floor":5.0},{"not_picked":["Hologram","Rip and Tear"],"picked":"Reinforced Body","floor":7.0},{"not_picked":["Hello World","Redo"],"picked":"Steam","floor":11.0},{"not_picked":["Scrape","Ball Lightning","Heatsinks"],"picked":"SKIP","floor":13.0},{"not_picked":["Conserve Battery+1","Recycle+1"],"picked":"Chill+1","floor":14}],"player_experience":1730985,"relics_obtained":[{"floor":7.0,"key":"Regal Pillow"},{"floor":9.0,"key":"Pantograph"},{"floor":11.0,"key":"Turnip"},{"floor":13.0,"key":"Toxic Egg 2"}],"event_choices":[{"damage_healed":0.0,"max_hp_gain":0.0,"max_hp_loss":0.0,"gold_gain":0.0,"event_name":"Scrap Ooze","player_choice":"Fled","floor":12.0,"gold_loss":0.0,"damage_taken":0.0}],"is_beta":true,"boss_relics":[],"items_purged_floors":[],"is_endless":false,"potions_floor_spawned":[4,7],"killed_by":"Hexaghost","ascension_level":20}