{"gold_per_floor":[117,134,134,134,153,153,174,208,232,232,285,460,460,384,384,384],"floor_reached":16,"playtime":335,"items_purged":[],"score":103,"play_id":"3e297123-a77a-47d5-911d-da2395d1b57f","local_time":"20190808140457","is_ascension_mode":true,"campfire_choices":[{"data":"Defragment","floor":6,"key":"SMITH"},{"floor":10,"key":"REST"},{"floor":13,"key":"RECALL"},{"floor":15,"key":"REST"}],"neow_cost":"NONE","seed_source_timestamp":78467525167667,"circlet_count":0,"master_deck":["Zap","Dualcast","Reprogram","Rainbow","Chaos","Streamline","Undo","Capacitor","Recycle","Self Repair","Coolheaded","Defragment+1","Streamline","Doubt","Defragment"],"relics":["Pandora\u0027s Box","Golden Idol","Boot","Ancient Tea Set"],"potions_floor_usage":[8,8],"damage_taken":[{"damage":17,"enemies":"Jaw Worm","floor":1,"turns":4},{"damage":6,"enemies":"2 Louse","floor":2,"turns":3},{"damage":10,"enemies":"Small Slimes","floor":5,"turns":5},{"damage":8,"enemies":"2 Fungi Beasts","floor":7,"turns":5},{"damage":24,"enemies":"3 Sentries","floor":8,"turns":6},{"damage":0,"enemies":"The Guardian","floor":16,"turns":1}],"seed_played":"1186081157495455661","potions_obtained":[{"floor":1,"key":"LiquidBronze"},{"floor":5,"key":"GamblersBrew"},{"floor":7,"key":"LiquidBronze"},{"floor":8,"key":"Regen Potion"}],"is_trial":false,"path_per_floor":["M","M","?","?","M","R","M","E","T","R","?","?","R","$","R","B"],"character_chosen":"DEFECT","items_purchased":["Defragment"],"campfire_rested":2,"item_purchase_floors":[14],"current_hp_per_floor":[65,66,71,71,68,68,67,50,50,72,72,72,72,72,74,74],"gold":384,"neow_bonus":"BOSS_RELIC","is_prod":false,"is_daily":false,"chose_seed":false,"campfire_upgraded":1,"win_rate":0,"timestamp":1565240697,"path_taken":["M","M","?","?","M","R","M","E","T","R","?","?","R","?","R","BOSS"],"build_version":"2019-07-17","purchased_purges":0,"victory":false,"max_hp_per_floor":[75,75,80,74,74,74,74,74,74,74,74,74,74,74,74,74],"card_choices":[{"not_picked":["Blizzard","FTL","Steam"],"picked":"SKIP","floor":1},{"not_picked":["Turbo","Hologram"],"picked":"Coolheaded","floor":2},{"not_picked":["Rebound","Sweeping Beam"],"picked":"Defragment","floor":5},{"not_picked":["Steam","Meteor Strike","Reprogram"],"picked":"SKIP","floor":7},{"not_picked":["Redo","Conserve Battery"],"picked":"Streamline","floor":8}],"player_experience":300429,"relics_obtained":[{"floor":8,"key":"Boot"},{"floor":9,"key":"Ancient Tea Set"}],"event_choices":[{"damage_healed":0,"gold_gain":0,"player_choice":"Donut","damage_taken":0,"max_hp_gain":5,"max_hp_loss":0,"event_name":"Big Fish","floor":3,"gold_loss":0},{"damage_healed":0,"gold_gain":0,"player_choice":"Lose Max HP","damage_taken":0,"relics_obtained":["Golden Idol"],"max_hp_gain":0,"max_hp_loss":6,"event_name":"Golden Idol","floor":4,"gold_loss":0},{"damage_healed":0,"gold_gain":53,"player_choice":"Gained Gold","damage_taken":0,"max_hp_gain":0,"max_hp_loss":0,"event_name":"Golden Wing","floor":11,"gold_loss":0},{"damage_healed":0,"gold_gain":175,"player_choice":"AGREE","damage_taken":0,"max_hp_gain":0,"max_hp_loss":0,"event_name":"Liars Game","floor":12,"gold_loss":0,"cards_obtained":["Doubt"]}],"is_beta":false,"boss_relics":[],"items_purged_floors":[],"is_endless":false,"potions_floor_spawned":[1,5,7,8],"killed_by":"The Guardian","ascension_level":1}