{"gold_per_floor":[112,112,187,187,203,238,238,265,291,72,89,105,138,154,154,253,253,263,263,296,316,332,332,359,284,284,284],"floor_reached":27,"playtime":1230,"items_purged":["Defend_B"],"score":442,"play_id":"e434baf2-3bf9-4945-8971-b3bfcd0bd451","local_time":"20190802142610","is_ascension_mode":true,"campfire_choices":[{"floor":7,"key":"REST"},{"data":"Creative AI","floor":15,"key":"SMITH"},{"floor":23,"key":"REST"}],"neow_cost":"NONE","seed_source_timestamp":298143491165436,"circlet_count":0,"master_deck":["AscendersBane","Strike_B","Strike_B","Defend_B","Defend_B","Defend_B","Zap","Dualcast","Ball Lightning","Conserve Battery","Chill","Creative AI+1","BootSequence","Go for the Eyes+1","Cold Snap+1","Seek","Double Energy","Force Field","Reprogram","Barrage+1","Buffer"],"relics":["Cracked Core","NeowsBlessing","Bag of Marbles","Molten Egg 2","Vajra","Anchor","Pen Nib","Velvet Choker","Red Mask","Regal Pillow","Strawberry"],"potions_floor_usage":[8,13,16,20,20,24],"damage_taken":[{"damage":0,"enemies":"2 Louse","floor":1,"turns":1},{"damage":0,"enemies":"Small Slimes","floor":5,"turns":1},{"damage":0,"enemies":"Lagavulin","floor":6,"turns":1},{"damage":23,"enemies":"Gremlin Nob","floor":8,"turns":4},{"damage":2,"enemies":"Jaw Worm","floor":11,"turns":2},{"damage":0,"enemies":"Exordium Wildlife","floor":12,"turns":3},{"damage":3,"enemies":"Lagavulin","floor":13,"turns":6},{"damage":1,"enemies":"Looter","floor":14,"turns":3},{"damage":11,"enemies":"Hexaghost","floor":16,"turns":9},{"damage":14,"enemies":"Shell Parasite","floor":18,"turns":6},{"damage":18,"enemies":"Masked Bandits","floor":20,"turns":6},{"damage":0,"enemies":"Chosen","floor":21,"turns":6},{"damage":7,"enemies":"Snake Plant","floor":22,"turns":4},{"damage":33,"enemies":"Book of Stabbing","floor":24,"turns":6},{"damage":3,"enemies":"Shelled Parasite and Fungi","floor":27,"turns":2}],"seed_played":"6979604844657913578","potions_obtained":[{"floor":5,"key":"SpeedPotion"},{"floor":6,"key":"SteroidPotion"},{"floor":13,"key":"Poison Potion"},{"floor":14,"key":"PowerPotion"},{"floor":16,"key":"EssenceOfSteel"},{"floor":22,"key":"Fire Potion"},{"floor":24,"key":"Poison Potion"}],"is_trial":false,"path_per_floor":["M","?","?","?","M","E","R","E","T","$","M","M","E","M","R","B",null,"M","?","?","M","M","R","E","?","T","M"],"character_chosen":"DEFECT","items_purchased":["Creative AI"],"campfire_rested":2,"item_purchase_floors":[10],"current_hp_per_floor":[68,56,45,38,38,38,60,37,37,37,35,35,32,31,31,20,61,47,47,29,29,22,44,11,11,18,15],"gold":284,"neow_bonus":"THREE_ENEMY_KILL","is_prod":false,"is_daily":false,"chose_seed":false,"campfire_upgraded":1,"win_rate":0,"timestamp":1564723570,"path_taken":["M","?","?","?","M","E","R","E","T","?","M","M","E","M","R","BOSS","M","?","?","M","M","R","E","?","T","M"],"build_version":"2019-07-17","purchased_purges":1,"victory":false,"max_hp_per_floor":[75,75,75,75,75,75,75,75,75,75,75,75,75,75,75,75,75,75,75,75,75,75,75,75,75,82,82],"card_choices":[{"not_picked":["Beam Cell","Cold Snap"],"picked":"Ball Lightning","floor":1},{"not_picked":["Chaos","Steam","Sweeping Beam"],"picked":"SKIP","floor":5},{"not_picked":["Fission","Aggregate"],"picked":"Conserve Battery","floor":6},{"not_picked":["Darkness","Redo"],"picked":"Chill","floor":8},{"not_picked":["Streamline+1","Rip and Tear+1"],"picked":"BootSequence","floor":11},{"not_picked":["Coolheaded","Steam"],"picked":"Go for the Eyes+1","floor":12},{"not_picked":["Consume","Doom and Gloom+1","Stack"],"picked":"SKIP","floor":13},{"not_picked":["Turbo","Storm"],"picked":"Cold Snap+1","floor":14},{"not_picked":["Multi-Cast","Reboot"],"picked":"Seek","floor":16},{"not_picked":["Scrape+1","Doom and Gloom+1"],"picked":"Double Energy","floor":18},{"not_picked":["Sweeping Beam+1","Hologram"],"picked":"Reprogram","floor":20},{"not_picked":["Cold Snap+1","Tempest","Conserve Battery"],"picked":"SKIP","floor":21},{"not_picked":["Turbo+1","Go for the Eyes+1"],"picked":"Barrage+1","floor":22},{"not_picked":["Gash+1","Turbo"],"picked":"Buffer","floor":24}],"player_experience":208481,"relics_obtained":[{"floor":6,"key":"Molten Egg 2"},{"floor":8,"key":"Vajra"},{"floor":9,"key":"Anchor"},{"floor":13,"key":"Pen Nib"},{"floor":20,"key":"Red Mask"},{"floor":24,"key":"Regal Pillow"},{"floor":26,"key":"Strawberry"}],"event_choices":[{"damage_healed":0,"gold_gain":0,"player_choice":"Success","damage_taken":12,"relics_obtained":["Bag of Marbles"],"max_hp_gain":0,"max_hp_loss":0,"event_name":"Scrap Ooze","floor":2,"gold_loss":0},{"damage_healed":0,"gold_gain":75,"player_choice":"Gather Gold","damage_taken":11,"max_hp_gain":0,"max_hp_loss":0,"event_name":"World of Goop","floor":3,"gold_loss":0},{"cards_removed":["Strike_B"],"damage_healed":0,"gold_gain":0,"player_choice":"Card Removal","damage_taken":7,"max_hp_gain":0,"max_hp_loss":0,"event_name":"Golden Wing","floor":4,"gold_loss":0},{"damage_healed":0,"gold_gain":0,"player_choice":"Read","damage_taken":0,"max_hp_gain":0,"max_hp_loss":0,"event_name":"The Library","floor":19,"gold_loss":0,"cards_obtained":["Force Field"]},{"damage_healed":0,"gold_gain":0,"player_choice":"Fought Bandits","damage_taken":0,"max_hp_gain":0,"max_hp_loss":0,"event_name":"Masked Bandits","floor":20,"gold_loss":0},{"cards_removed":["Strike_B"],"damage_healed":0,"gold_gain":0,"player_choice":"Gave Gold","damage_taken":0,"max_hp_gain":0,"max_hp_loss":0,"event_name":"Beggar","floor":25,"gold_loss":75}],"is_beta":false,"boss_relics":[{"not_picked":["Empty Cage","Inserter"],"picked":"Velvet Choker"}],"items_purged_floors":[10],"is_endless":false,"potions_floor_spawned":[5,6,13,14,16,22,24],"killed_by":"Shelled Parasite and Fungi","ascension_level":12}