{"gold_per_floor":[119,194,51,61,79,79,110,120,144,144,144,144,158,158],"floor_reached":14,"playtime":540,"items_purged":[],"score":131,"play_id":"2d8d9b72-d6f9-4fc8-97e9-863f26b6b5a6","local_time":"20190802015610","is_ascension_mode":true,"campfire_choices":[{"data":"Dualcast","floor":6,"key":"SMITH"},{"floor":12,"key":"REST"}],"neow_cost":"NONE","seed_source_timestamp":253834162843922,"circlet_count":0,"master_deck":["Strike_B","Strike_B+1","Strike_B+1","Strike_B","Defend_B","Defend_B","Defend_B","Defend_B","Zap","Dualcast+1","Cold Snap","Defragment","Ball Lightning","Buffer"],"relics":["Black Star","Whetstone","Smiling Mask","Vajra","Art of War","WingedGreaves"],"potions_floor_usage":[],"damage_taken":[{"damage":0,"enemies":"Small Slimes","floor":1,"turns":3},{"damage":3,"enemies":"2 Louse","floor":4,"turns":4},{"damage":12,"enemies":"Jaw Worm","floor":5,"turns":6},{"damage":26,"enemies":"3 Sentries","floor":7,"turns":8},{"damage":12,"enemies":"Lots of Slimes","floor":8,"turns":4},{"damage":25,"enemies":"3 Louse","floor":13,"turns":5},{"damage":0,"enemies":"Blue Slaver","floor":14,"turns":1}],"seed_played":"8246788552748540399","potions_obtained":[{"floor":1,"key":"Ancient Potion"}],"is_trial":false,"path_per_floor":["M","?","$","M","M","R","E","M","T","?","?","R","M","M"],"character_chosen":"DEFECT","items_purchased":["Whetstone"],"campfire_rested":1,"item_purchase_floors":[3],"current_hp_per_floor":[68,57,57,54,42,42,16,4,4,4,4,26,1,1],"gold":158,"neow_bonus":"BOSS_RELIC","is_prod":false,"is_daily":false,"chose_seed":false,"campfire_upgraded":1,"win_rate":0,"timestamp":1564678570,"path_taken":["M","?","$","M","M","R","E","M","T","?","?","R","M","?"],"build_version":"2019-07-17","purchased_purges":0,"victory":false,"max_hp_per_floor":[75,75,75,75,75,75,75,75,75,75,75,75,75,75],"card_choices":[{"not_picked":["Melter","Stack"],"picked":"Cold Snap","floor":1},{"not_picked":["Self Repair","Static Discharge"],"picked":"Defragment","floor":4},{"not_picked":["Storm","Reboot"],"picked":"Ball Lightning","floor":5},{"not_picked":["Streamline","Storm"],"picked":"Buffer","floor":7},{"not_picked":["Steam","Rip and Tear","Redo"],"picked":"SKIP","floor":8},{"not_picked":["Rebound","Beam Cell","Coolheaded"],"picked":"SKIP","floor":13}],"player_experience":184947,"relics_obtained":[{"floor":7,"key":"Smiling Mask"},{"floor":7,"key":"Vajra"},{"floor":9,"key":"Art of War"}],"event_choices":[{"damage_healed":0,"gold_gain":75,"player_choice":"Gather Gold","damage_taken":11,"max_hp_gain":0,"max_hp_loss":0,"event_name":"World of Goop","floor":2,"gold_loss":0},{"damage_healed":0,"gold_gain":0,"player_choice":"Searched \u00271\u0027 times","damage_taken":0,"relics_obtained":["WingedGreaves"],"max_hp_gain":0,"max_hp_loss":0,"event_name":"Dead Adventurer","floor":10,"gold_loss":0},{"damage_healed":0,"gold_gain":0,"player_choice":"Ignored","damage_taken":0,"max_hp_gain":0,"max_hp_loss":0,"event_name":"Golden Wing","floor":11,"gold_loss":0}],"is_beta":false,"boss_relics":[],"items_purged_floors":[],"is_endless":false,"potions_floor_spawned":[1],"killed_by":"Blue Slaver","ascension_level":9}