{"gold_per_floor":[110,110,110,35,49,78,78,103,157,332,332,282,282,107,107,212,212,228,327,327,166,186,186,186,217,264,264],"floor_reached":27,"playtime":1037,"items_purged":["Strike_G","Strike_G","Reflex"],"score":322,"play_id":"34d2c640-d0d0-4bd0-808f-cd5ede50b7b1","local_time":"20190727143255","daily_mods":["Cursed Run","ControlledChaos","Lethality"],"is_ascension_mode":true,"campfire_choices":[{"data":"Terror","floor":7,"key":"SMITH"},{"data":"Dagger Spray","floor":11,"key":"SMITH"},{"data":"Defend_G","floor":13,"key":"SMITH"},{"data":"Die Die Die","floor":15,"key":"SMITH"},{"data":"Noxious Fumes","floor":23,"key":"SMITH"}],"neow_cost":"","seed_source_timestamp":0,"circlet_count":0,"master_deck":["Strike_G","Defend_G+1","Defend_G","Defend_G","Defend_G","Defend_G","Survivor","Neutralize+1","Dagger Spray+1","Terror+1","Pain","Doubt","Die Die Die+1","Normality","Adrenaline","Noxious Fumes+1","Clumsy"],"relics":["Cursed Key","Darkstone Periapt","Du-Vu Doll","Frozen Eye","Bronze Scales","Blue Candle","PreservedInsect","Orrery","Pantograph","Blood Vial"],"potions_floor_usage":[16,16],"damage_taken":[{"damage":0,"enemies":"Jaw Worm","floor":1,"turns":3},{"damage":0,"enemies":"2 Louse","floor":5,"turns":2},{"damage":20,"enemies":"Lagavulin","floor":6,"turns":6},{"damage":20,"enemies":"Gremlin Nob","floor":8,"turns":4},{"damage":3,"enemies":"Slime Boss","floor":16,"turns":5},{"damage":26,"enemies":"Spheric Guardian","floor":18,"turns":4},{"damage":6,"enemies":"Shell Parasite","floor":22,"turns":3},{"damage":31,"enemies":"Book of Stabbing","floor":25,"turns":4},{"damage":33,"enemies":"Gremlin Leader","floor":27,"turns":3}],"seed_played":"8805350955825011824","potions_obtained":[{"floor":1,"key":"Fire Potion"},{"floor":6,"key":"Strength Potion"},{"floor":18,"key":"LiquidBronze"}],"is_trial":true,"path_per_floor":["M","?","?","$","M","E","R","E","T","?","R","?","R","$","R","B",null,"M","?","?","$","M","R","$","E","T","E"],"character_chosen":"THE_SILENT","items_purchased":["Die Die Die","Noxious Fumes"],"campfire_rested":0,"item_purchase_floors":[14,21],"current_hp_per_floor":[70,70,70,70,70,50,50,30,36,42,42,42,42,42,42,45,88,62,62,62,62,56,56,56,25,31,0],"gold":264,"neow_bonus":"","is_prod":false,"is_daily":false,"chose_seed":false,"campfire_upgraded":5,"win_rate":0,"timestamp":1564255975,"path_taken":["M","?","?","$","?","E","R","E","T","?","R","?","R","?","R","BOSS","M","?","?","$","?","R","$","E","T","E"],"build_version":"2019-07-17","purchased_purges":3,"victory":false,"max_hp_per_floor":[70,70,70,70,70,70,70,70,76,82,82,82,82,82,82,88,88,88,88,88,88,88,88,88,88,94,94],"card_choices":[{"not_picked":["Bane","Dagger Throw"],"picked":"Dagger Spray","floor":1},{"not_picked":["Bouncing Flask","Outmaneuver"],"picked":"Terror","floor":5},{"not_picked":["Calculated Gamble","Sucker Punch","Deflect"],"picked":"SKIP","floor":6},{"not_picked":["Prepared","Storm of Steel","Bane"],"picked":"SKIP","floor":8},{"not_picked":["Bullet Time","Wraith Form v2"],"picked":"Adrenaline","floor":16},{"not_picked":["Backflip","Deadly Poison","Catalyst+1"],"picked":"SKIP","floor":18},{"not_picked":["Finisher+1","Dagger Throw","Setup"],"picked":"SKIP","floor":22},{"not_picked":["Catalyst","Quick Slash","Skewer+1"],"picked":"SKIP","floor":25}],"player_experience":431888,"relics_obtained":[{"floor":6,"key":"Bronze Scales"},{"floor":8,"key":"Blue Candle"},{"floor":9,"key":"PreservedInsect"},{"floor":25,"key":"Pantograph"},{"floor":26,"key":"Blood Vial"}],"event_choices":[{"damage_healed":0,"gold_gain":0,"player_choice":"Grow","damage_taken":0,"max_hp_gain":0,"max_hp_loss":0,"event_name":"Living Wall","floor":2,"gold_loss":0,"cards_upgraded":["Neutralize"]},{"damage_healed":0,"gold_gain":0,"cards_transformed":["Strike_G"],"player_choice":"Transformed","damage_taken":0,"max_hp_gain":0,"max_hp_loss":0,"event_name":"Transmorgrifier","floor":3,"gold_loss":0,"cards_obtained":["Reflex"]},{"damage_healed":0,"gold_gain":175,"player_choice":"AGREE","damage_taken":0,"max_hp_gain":0,"max_hp_loss":0,"event_name":"Liars Game","floor":10,"gold_loss":0,"cards_obtained":["Doubt"]},{"cards_removed":["Strike_G"],"damage_healed":0,"gold_gain":0,"player_choice":"Card Removal","damage_taken":0,"max_hp_gain":0,"max_hp_loss":0,"event_name":"The Cleric","floor":12,"gold_loss":50},{"damage_healed":0,"gold_gain":99,"player_choice":"Stole From Cult","damage_taken":0,"max_hp_gain":0,"max_hp_loss":0,"event_name":"Nest","floor":19,"gold_loss":0},{"damage_healed":0,"gold_gain":0,"player_choice":"Ignored","damage_taken":0,"max_hp_gain":0,"max_hp_loss":0,"event_name":"Cursed Tome","floor":20,"gold_loss":0}],"is_beta":false,"boss_relics":[{"not_picked":["White Beast Statue","Lizard Tail"],"picked":"Orrery"}],"items_purged_floors":[4,14,21],"is_endless":false,"potions_floor_spawned":[1,6,18],"killed_by":"Gremlin Leader","ascension_level":1}