{"gold_per_floor":[118,133,283,0,0,0,16,50,73,106,106,124,13,31,31,105,105,117,91,103,103],"floor_reached":21,"playtime":619,"items_purged":["Doubt"],"score":382,"play_id":"a8ef00b1-efa9-4032-ad7f-2ae88cb76f58","local_time":"20190810160717","is_ascension_mode":true,"campfire_choices":[{"data":"Beam Cell","floor":6.0,"key":"SMITH"},{"floor":11.0,"key":"REST"},{"data":"Loop","floor":15.0,"key":"SMITH"}],"neow_cost":"NONE","seed_source_timestamp":521938779073,"circlet_count":0,"master_deck":["AscendersBane","Strike_B+1","Strike_B+1","Defend_B+1","Defend_B","Defend_B","Defend_B","Zap","Dualcast","Sunder+1","Genetic Algorithm","Beam Cell+1","Reboot","Compile Driver","White Noise","Loop+1","Fission","Sweeping Beam","FTL","Sweeping Beam"],"special_seed":0,"relics":["Cracked Core","Membership Card","Whetstone","Oddly Smooth Stone","Darkstone Periapt","Runic Capacitor","Empty Cage"],"potions_floor_usage":[18],"damage_taken":[{"damage":15.0,"enemies":"Small Slimes","floor":1.0,"turns":4.0},{"damage":1.0,"enemies":"2 Louse","floor":2.0,"turns":3.0},{"damage":0.0,"enemies":"Jaw Worm","floor":7.0,"turns":3.0},{"damage":14.0,"enemies":"3 Sentries","floor":8.0,"turns":6.0},{"damage":8.0,"enemies":"Gremlin Nob","floor":10.0,"turns":3.0},{"damage":8.0,"enemies":"Lots of Slimes","floor":12.0,"turns":5.0},{"damage":3.0,"enemies":"Looter","floor":14.0,"turns":3.0},{"damage":2.0,"enemies":"The Guardian","floor":16.0,"turns":9.0},{"damage":2,"enemies":"Spheric Guardian","floor":18,"turns":4},{"damage":11,"enemies":"2 Thieves","floor":19,"turns":5},{"damage":44,"enemies":"Chosen and Byrds","floor":20,"turns":8},{"damage":14,"enemies":"Snake Plant","floor":21,"turns":2}],"seed_played":"-1990647890344929323","potions_obtained":[{"floor":7.0,"key":"Explosive Potion"},{"floor":14.0,"key":"LiquidBronze"},{"floor":16.0,"key":"AttackPotion"},{"floor":18,"key":"SteroidPotion"}],"is_trial":false,"path_per_floor":["M","M","?","$","?","R","M","E","T","E","R","M","$","M","R","B",null,"M","M","M","M"],"character_chosen":"DEFECT","items_purchased":["Membership Card","Beam Cell","Runic Capacitor"],"campfire_rested":1,"item_purchase_floors":[4,4,13],"current_hp_per_floor":[56,55,55,55,32,32,32,18,18,10,33,25,25,22,22,20,64,62,51,7,0],"gold":103,"neow_bonus":"TEN_PERCENT_HP_BONUS","is_prod":false,"is_daily":false,"chose_seed":false,"campfire_upgraded":2,"win_rate":0,"timestamp":1565446037,"path_taken":["M","M","?","$","?","R","M","E","T","E","R","M","?","M","R","BOSS","M","?","M","M"],"build_version":"2019-07-18","purchased_purges":1,"victory":false,"max_hp_per_floor":[78,78,78,78,78,78,78,78,78,78,78,78,78,78,78,78,78,78,78,78,78],"card_choices":[{"not_picked":["Redo","Stack"],"picked":"Sunder","floor":1.0},{"not_picked":["White Noise","Sweeping Beam"],"picked":"Genetic Algorithm","floor":2.0},{"not_picked":["Stack","Rip and Tear","Tempest"],"picked":"SKIP","floor":7.0},{"not_picked":["Turbo","Steam"],"picked":"Reboot","floor":8.0},{"not_picked":["Beam Cell","Hologram"],"picked":"Compile Driver","floor":10.0},{"not_picked":["Redo","Streamline"],"picked":"White Noise","floor":12.0},{"not_picked":["Recycle","White Noise"],"picked":"Loop","floor":14.0},{"not_picked":["Machine Learning","Multi-Cast"],"picked":"Fission","floor":16.0},{"not_picked":["Capacitor","Steam"],"picked":"Sweeping Beam","floor":18},{"not_picked":["Compile Driver","Turbo"],"picked":"FTL","floor":19},{"not_picked":["Leap","Turbo"],"picked":"Sweeping Beam","floor":20}],"player_experience":1973130,"relics_obtained":[{"floor":8.0,"key":"Whetstone"},{"floor":9.0,"key":"Oddly Smooth Stone"},{"floor":10.0,"key":"Darkstone Periapt"}],"event_choices":[{"damage_healed":0.0,"max_hp_gain":0.0,"max_hp_loss":0.0,"gold_gain":150.0,"event_name":"Liars Game","player_choice":"AGREE","floor":3.0,"gold_loss":0.0,"damage_taken":0.0,"cards_obtained":["Doubt"]},{"damage_healed":0.0,"max_hp_gain":0.0,"max_hp_loss":0.0,"gold_gain":0.0,"event_name":"Shining Light","player_choice":"Entered Light","floor":5.0,"gold_loss":0.0,"damage_taken":23.0,"cards_upgraded":["Sunder","Defend_B"]}],"is_beta":true,"boss_relics":[{"not_picked":["Calling Bell","Pandora\u0027s Box"],"picked":"Empty Cage"}],"items_purged_floors":[4],"is_endless":false,"potions_floor_spawned":[7,14,16,18],"killed_by":"Snake Plant","ascension_level":20}