{"gold_per_floor":[111,126,141,152,170,170,190,190,190,11,36,46,46,65,65,136,136,155,167,2,15,27,47,47,77,103,103,118,118,118,138,138,138],"floor_reached":33,"playtime":1130,"items_purged":[],"score":550,"play_id":"9f305875-d2aa-4536-b71a-72a5e057e069","local_time":"20190620205150","is_ascension_mode":true,"campfire_choices":[{"floor":6.0,"key":"REST"},{"data":"Scrape","floor":8.0,"key":"SMITH"},{"data":"Defragment","floor":13.0,"key":"SMITH"},{"floor":15.0,"key":"REST"},{"floor":24.0,"key":"REST"},{"floor":27.0,"key":"REST"},{"floor":29.0,"key":"REST"},{"floor":32.0,"key":"REST"}],"neow_cost":"NONE","seed_source_timestamp":1026731999202,"circlet_count":0,"master_deck":["AscendersBane","Strike_B","Strike_B","Strike_B","Strike_B","Defend_B","Defend_B","Defend_B","Defend_B","Zap","Dualcast","Ball Lightning","Scrape","Scrape+1","Tempest+1","Apotheosis+1","Scrape","Defragment+1","Conserve Battery","Machine Learning","Hologram","Fusion","Compile Driver","Creative AI","Skim+1","Conserve Battery","Thunder Strike","Compile Driver"],"special_seed":0,"relics":["Snecko Eye","Ornamental Fan","Shovel","Nuclear Battery","Bronze Scales","Potion Belt","War Paint"],"potions_floor_usage":[],"damage_taken":[{"damage":0.0,"enemies":"2 Louse","floor":1.0,"turns":3.0},{"damage":0.0,"enemies":"Cultist","floor":2.0,"turns":3.0},{"damage":3.0,"enemies":"Small Slimes","floor":3.0,"turns":3.0},{"damage":10.0,"enemies":"Gremlin Gang","floor":4.0,"turns":4.0},{"damage":15.0,"enemies":"Large Slime","floor":5.0,"turns":5.0},{"damage":17.0,"enemies":"Exordium Wildlife","floor":7.0,"turns":4.0},{"damage":16.0,"enemies":"3 Sentries","floor":11.0,"turns":4.0},{"damage":8.0,"enemies":"3 Louse","floor":12.0,"turns":2.0},{"damage":13.0,"enemies":"Blue Slaver","floor":14.0,"turns":3.0},{"damage":23.0,"enemies":"Hexaghost","floor":16.0,"turns":8.0},{"damage":0.0,"enemies":"2 Thieves","floor":18.0,"turns":3.0},{"damage":4.0,"enemies":"3 Byrds","floor":19.0,"turns":4.0},{"damage":16.0,"enemies":"Centurion and Healer","floor":21.0,"turns":6.0},{"damage":20.0,"enemies":"Cultist and Chosen","floor":22.0,"turns":5.0},{"damage":12.0,"enemies":"Snake Plant","floor":23.0,"turns":4.0},{"damage":36.0,"enemies":"Slavers","floor":25.0,"turns":4.0},{"damage":19.0,"enemies":"Shelled Parasite and Fungi","floor":28.0,"turns":4.0},{"damage":6.0,"enemies":"Snecko","floor":31.0,"turns":5.0},{"damage":63,"enemies":"Automaton","floor":33,"turns":6}],"seed_played":"-203949582444801104","potions_obtained":[{"floor":1.0,"key":"Energy Potion"},{"floor":4.0,"key":"LiquidBronze"},{"floor":7.0,"key":"Explosive Potion"},{"floor":14.0,"key":"EntropicBrew"}],"is_trial":false,"path_per_floor":["M","M","M","M","M","R","M","R","T","$","E","M","R","M","R","B",null,"M","M","$","M","M","M","R","E","T","R","M","R","?","M","R","B"],"character_chosen":"DEFECT","items_purchased":["Apotheosis","Bronze Scales"],"campfire_rested":6,"item_purchase_floors":[10,20],"current_hp_per_floor":[64,64,61,51,36,57,40,40,40,40,24,16,16,3,24,1,54,54,50,50,34,14,2,23,7,7,28,9,30,30,24,45,0],"gold":138,"neow_bonus":"BOSS_RELIC","is_prod":false,"is_daily":false,"chose_seed":false,"campfire_upgraded":2,"win_rate":0,"timestamp":1561056710,"path_taken":["M","M","M","M","M","R","M","R","T","$","E","M","R","M","R","BOSS","M","M","$","M","M","M","R","E","T","R","M","R","?","?","R","BOSS"],"build_version":"2019-06-19","purchased_purges":0,"victory":false,"max_hp_per_floor":[71,71,71,71,71,71,71,71,71,71,71,71,71,71,71,71,71,71,71,71,71,71,71,71,71,71,71,71,71,71,71,71,71],"card_choices":[{"not_picked":["Reprogram","Barrage"],"picked":"Ball Lightning","floor":1.0},{"not_picked":["Aggregate","Stack"],"picked":"Scrape","floor":2.0},{"not_picked":["Barrage","Double Energy","Loop"],"picked":"SKIP","floor":3.0},{"not_picked":["Rip and Tear","Gash","Sweeping Beam"],"picked":"SKIP","floor":4.0},{"not_picked":["Cold Snap","Turbo"],"picked":"Scrape","floor":5.0},{"not_picked":["Stack","Hologram"],"picked":"Tempest","floor":7.0},{"not_picked":["Heatsinks","Rebound"],"picked":"Scrape","floor":11.0},{"not_picked":["Cold Snap","Ball Lightning"],"picked":"Defragment","floor":12.0},{"not_picked":["Skim","Beam Cell"],"picked":"Conserve Battery","floor":14.0},{"not_picked":["Amplify","Seek"],"picked":"Machine Learning","floor":16.0},{"not_picked":["Go for the Eyes","Stack"],"picked":"Hologram","floor":18.0},{"not_picked":["Steam Power","Stack"],"picked":"Fusion","floor":19.0},{"not_picked":["Hologram","Sweeping Beam"],"picked":"Compile Driver","floor":21.0},{"not_picked":["Loop","Go for the Eyes+1"],"picked":"Creative AI","floor":22.0},{"not_picked":["Genetic Algorithm+1","White Noise"],"picked":"Skim+1","floor":23.0},{"not_picked":["Lockon","Aggregate"],"picked":"Conserve Battery","floor":25.0},{"not_picked":["Redo","Gash+1","Steam Power"],"picked":"SKIP","floor":28.0},{"not_picked":["BootSequence+1","Cold Snap"],"picked":"Compile Driver","floor":31.0}],"player_experience":1743954,"relics_obtained":[{"floor":9.0,"key":"Ornamental Fan"},{"floor":11.0,"key":"Shovel"},{"floor":25.0,"key":"Potion Belt"},{"floor":26.0,"key":"War Paint"}],"event_choices":[{"damage_healed":0.0,"max_hp_gain":0.0,"max_hp_loss":0.0,"gold_gain":0.0,"event_name":"Match and Keep!","player_choice":"1 cards matched","floor":30.0,"gold_loss":0.0,"damage_taken":0.0,"cards_obtained":["Thunder Strike"]}],"is_beta":true,"boss_relics":[{"not_picked":["Ectoplasm","Inserter"],"picked":"Nuclear Battery"}],"items_purged_floors":[],"is_endless":false,"potions_floor_spawned":[1,4,5,7,14,18,23],"killed_by":"Automaton","ascension_level":20}