{"gold_per_floor":[116,134,134,149,30,61,76,106,131,170,201,213,68,79,79,176,176,190,190,206,226,237,237],"floor_reached":23,"playtime":864,"items_purged":["Strike_B"],"score":305,"play_id":"1b6ecd53-41f6-4bdd-acdb-8e07afd09689","local_time":"20190810221224","is_ascension_mode":true,"campfire_choices":[{"data":"Dualcast","floor":12,"key":"SMITH"},{"data":"Loop","floor":15,"key":"SMITH"}],"neow_cost":"TEN_PERCENT_HP_LOSS","seed_source_timestamp":42595769998909,"circlet_count":0,"master_deck":["Strike_B","Strike_B","Strike_B","Defend_B","Defend_B","Defend_B","Defend_B","Zap+1","Dualcast+1","Master of Strategy","Magnetism","Go for the Eyes","Gash+1","Beam Cell+1","Skim","Gash","Loop+1","Genetic Algorithm","Loop","Electrodynamics","Self Repair","Defragment+1","Steam"],"relics":["Cracked Core","Whetstone","PreservedInsect","MawBank","Black Star","Nloth\u0027s Gift"],"potions_floor_usage":[10,10,18,20],"damage_taken":[{"damage":1,"enemies":"Cultist","floor":1,"turns":3},{"damage":0,"enemies":"2 Louse","floor":2,"turns":4},{"damage":1,"enemies":"Jaw Worm","floor":4,"turns":2},{"damage":18,"enemies":"Gremlin Nob","floor":6,"turns":3},{"damage":8,"enemies":"Exordium Thugs","floor":7,"turns":4},{"damage":12,"enemies":"3 Sentries","floor":8,"turns":6},{"damage":0,"enemies":"Gremlin Nob","floor":10,"turns":1},{"damage":0,"enemies":"Large Slime","floor":11,"turns":4},{"damage":5,"enemies":"Looter","floor":14,"turns":3},{"damage":0,"enemies":"Slime Boss","floor":16,"turns":6},{"damage":9,"enemies":"Shell Parasite","floor":18,"turns":4},{"damage":17,"enemies":"2 Thieves","floor":20,"turns":3},{"damage":34,"enemies":"Snecko","floor":21,"turns":6},{"damage":12,"enemies":"Snake Plant","floor":22,"turns":4},{"damage":19,"enemies":"Book of Stabbing","floor":23,"turns":3}],"seed_played":"-5583903741277436481","potions_obtained":[{"floor":1,"key":"SteroidPotion"},{"floor":6,"key":"SteroidPotion"},{"floor":8,"key":"FearPotion"},{"floor":14,"key":"Swift Potion"},{"floor":16,"key":"PowerPotion"},{"floor":21,"key":"Energy Potion"}],"is_trial":false,"path_per_floor":["M","M","?","M","$","E","M","E","T","E","M","R","$","M","R","B",null,"M","?","M","M","M","E"],"character_chosen":"DEFECT","items_purchased":["Beam Cell","Skim","Loop"],"campfire_rested":0,"item_purchase_floors":[5,5,13],"current_hp_per_floor":[67,67,67,66,66,48,40,28,28,28,28,28,28,23,23,23,68,59,59,49,15,10,0],"gold":237,"neow_bonus":"RANDOM_COLORLESS_2","is_prod":false,"is_daily":false,"chose_seed":false,"campfire_upgraded":2,"win_rate":0,"timestamp":1565442744,"path_taken":["M","?","?","M","$","E","?","E","T","E","M","R","?","M","R","BOSS","M","?","?","M","M","E"],"build_version":"2019-07-17","purchased_purges":1,"victory":false,"max_hp_per_floor":[68,68,68,68,68,68,68,68,68,68,68,68,68,68,68,68,68,68,68,68,68,68,68],"card_choices":[{"not_picked":["Redo","Scrape","Double Energy"],"picked":"SKIP","floor":1},{"not_picked":["Chaos","Sweeping Beam"],"picked":"Go for the Eyes","floor":2},{"not_picked":["Leap","Reinforced Body"],"picked":"Gash","floor":4},{"not_picked":["Sunder","Static Discharge","Tempest"],"picked":"SKIP","floor":6},{"not_picked":["Core Surge","Rebound"],"picked":"Gash","floor":7},{"not_picked":["Steam Power","Leap","Undo"],"picked":"SKIP","floor":8},{"not_picked":["Steam","Hello World"],"picked":"Loop","floor":10},{"not_picked":["Compile Driver","Stack"],"picked":"Genetic Algorithm","floor":11},{"not_picked":["Undo","Sunder","Sweeping Beam"],"picked":"SKIP","floor":14},{"not_picked":["Rainbow","Multi-Cast"],"picked":"Electrodynamics","floor":16},{"not_picked":["Hologram","Beam Cell+1"],"picked":"Self Repair","floor":18},{"not_picked":["Beam Cell","Undo"],"picked":"Defragment+1","floor":20},{"not_picked":["Ball Lightning+1","Hyperbeam"],"picked":"Steam","floor":21},{"not_picked":["Fusion","Compile Driver","Tempest+1"],"picked":"SKIP","floor":22}],"player_experience":338742,"relics_obtained":[{"floor":6,"key":"Whetstone"},{"floor":8,"key":"PreservedInsect"},{"floor":9,"key":"MawBank"},{"floor":10,"key":"Ancient Tea Set"}],"event_choices":[{"damage_healed":0,"gold_gain":0,"player_choice":"Upgraded","damage_taken":0,"max_hp_gain":0,"max_hp_loss":0,"event_name":"Upgrade Shrine","floor":3,"gold_loss":0,"cards_upgraded":["Zap"]},{"damage_healed":0,"gold_gain":0,"player_choice":"Traded Relic","damage_taken":0,"relics_obtained":["Nloth\u0027s Gift"],"max_hp_gain":0,"max_hp_loss":0,"event_name":"N\u0027loth","floor":19,"relics_lost":["Ancient Tea Set"],"gold_loss":0}],"is_beta":false,"boss_relics":[{"not_picked":["Snecko Eye","FrozenCore"],"picked":"Black Star"}],"items_purged_floors":[13],"is_endless":false,"potions_floor_spawned":[1,6,8,14,16,21],"killed_by":"Book of Stabbing","ascension_level":1}