{"gold_per_floor":[118,131,206,206,216,216,230,230,230,230,246,278,278,297,297,373,373,384,384,384,384,257,257,257],"floor_reached":24,"playtime":675,"items_purged":["Strike_B"],"score":369,"play_id":"f47e72b0-d709-4b84-9ece-c6b7a638f517","local_time":"20190806124330","is_ascension_mode":true,"campfire_choices":[{"data":"Zap","floor":6,"key":"SMITH"},{"data":"Dualcast","floor":8,"key":"SMITH"},{"data":"Conserve Battery","floor":10,"key":"SMITH"},{"data":"Creative AI","floor":13,"key":"SMITH"},{"floor":15,"key":"REST"},{"data":"Go for the Eyes","floor":23,"key":"SMITH"}],"neow_cost":"NONE","seed_source_timestamp":12610132121695,"circlet_count":0,"master_deck":["AscendersBane","Strike_B","Strike_B","Strike_B","Defend_B","Defend_B","Defend_B","Zap+1","Dualcast+1","Conserve Battery+1","Gash","BootSequence","Melter","Creative AI+1","Self Repair","Amplify","Self Repair+1","Gash","Go for the Eyes+1"],"relics":["Cracked Core","NeowsBlessing","Mummified Hand","Cables","Runic Pyramid"],"potions_floor_usage":[12,12,16],"damage_taken":[{"damage":0,"enemies":"Jaw Worm","floor":1,"turns":1},{"damage":0,"enemies":"Small Slimes","floor":2,"turns":1},{"damage":0,"enemies":"Cultist","floor":5,"turns":1},{"damage":4,"enemies":"Blue Slaver","floor":7,"turns":3},{"damage":1,"enemies":"Exordium Wildlife","floor":11,"turns":4},{"damage":20,"enemies":"3 Sentries","floor":12,"turns":6},{"damage":7,"enemies":"3 Louse","floor":14,"turns":3},{"damage":41,"enemies":"Hexaghost","floor":16,"turns":8},{"damage":16,"enemies":"3 Byrds","floor":18,"turns":3},{"damage":64,"enemies":"Gremlin Leader","floor":24,"turns":4}],"seed_played":"-5126031346979934713","potions_obtained":[{"floor":1,"key":"Swift Potion"},{"floor":7,"key":"Fire Potion"},{"floor":14,"key":"Strength Potion"}],"is_trial":false,"path_per_floor":["M","M","?","?","M","R","M","R","T","R","M","E","R","M","R","B",null,"M","?","?","?","$","R","E"],"character_chosen":"DEFECT","items_purchased":["Go for the Eyes"],"campfire_rested":1,"item_purchase_floors":[22],"current_hp_per_floor":[64,64,53,53,53,53,49,49,49,49,48,28,28,21,42,8,55,53,53,53,53,53,53,0],"gold":257,"neow_bonus":"THREE_ENEMY_KILL","is_prod":false,"is_daily":false,"chose_seed":false,"campfire_upgraded":5,"win_rate":0,"timestamp":1565063010,"path_taken":["M","M","?","?","M","R","M","R","T","R","M","E","R","?","R","BOSS","M","?","?","?","$","R","E"],"build_version":"2019-07-17","purchased_purges":1,"victory":false,"max_hp_per_floor":[71,71,71,71,71,71,71,71,71,71,71,71,71,71,71,71,71,71,71,71,71,71,71,71],"card_choices":[{"not_picked":["Storm","Leap","Barrage"],"picked":"SKIP","floor":1},{"not_picked":["Scrape","Hologram"],"picked":"Conserve Battery","floor":2},{"not_picked":["Compile Driver","Redo"],"picked":"Gash","floor":5},{"not_picked":["Rebound","Conserve Battery"],"picked":"BootSequence","floor":7},{"not_picked":["Sunder","Tempest"],"picked":"Melter","floor":11},{"not_picked":["Glacier","Coolheaded"],"picked":"Creative AI","floor":12},{"not_picked":["Undo","Streamline"],"picked":"Self Repair","floor":14},{"not_picked":["Creative AI","Reboot"],"picked":"Amplify","floor":16},{"not_picked":["Coolheaded","Compile Driver"],"picked":"Self Repair+1","floor":18}],"player_experience":253568,"relics_obtained":[{"floor":9,"key":"Mummified Hand"},{"floor":12,"key":"Cables"}],"event_choices":[{"damage_healed":0,"gold_gain":75,"player_choice":"Gather Gold","damage_taken":11,"max_hp_gain":0,"max_hp_loss":0,"event_name":"World of Goop","floor":3,"gold_loss":0},{"cards_removed":["Defend_B"],"damage_healed":0,"gold_gain":0,"player_choice":"Purged","damage_taken":0,"max_hp_gain":0,"max_hp_loss":0,"event_name":"Purifier","floor":4,"gold_loss":0},{"damage_healed":0,"gold_gain":0,"player_choice":"Ignored","damage_taken":0,"max_hp_gain":0,"max_hp_loss":0,"event_name":"Vampires","floor":19,"gold_loss":0},{"damage_healed":0,"gold_gain":0,"player_choice":"Ignored","damage_taken":0,"max_hp_gain":0,"max_hp_loss":0,"event_name":"Ghosts","floor":20,"gold_loss":0},{"damage_healed":0,"gold_gain":0,"player_choice":"Copied","damage_taken":0,"max_hp_gain":0,"max_hp_loss":0,"event_name":"Duplicator","floor":21,"gold_loss":0,"cards_obtained":["Gash"]}],"is_beta":false,"boss_relics":[{"not_picked":["Sozu","Velvet Choker"],"picked":"Runic Pyramid"}],"items_purged_floors":[22],"is_endless":false,"potions_floor_spawned":[1,7,14],"killed_by":"Gremlin Leader","ascension_level":18}