{"gold_per_floor":[113,131,131,81,6,6,41,58,82,114,114,132,43,72,72,171,171,184,197,211,66,0,0,33,33,33,132,132],"floor_reached":28,"playtime":1433,"items_purged":["Strike_B"],"score":267,"play_id":"4c23e9bf-9844-4de6-be4b-84779f036548","local_time":"20190808175125","is_ascension_mode":true,"campfire_choices":[{"data":"Conserve Battery","floor":6,"key":"SMITH"},{"floor":11,"key":"REST"},{"floor":15,"key":"REST"},{"floor":23,"key":"REST"}],"neow_cost":"NONE","seed_source_timestamp":90958678580870,"circlet_count":0,"master_deck":["Strike_B","Strike_B","Strike_B","Defend_B","Defend_B","Defend_B","Zap","Dualcast","Conserve Battery+1","Beam Cell","Rebound","Sweeping Beam","Mind Blast","Gash","Coolheaded+1","Compile Driver","Conserve Battery+1","Decay","Doubt"],"relics":["Snecko Eye","Boot","Art of War","Orichalcum","Incense Burner","Prayer Wheel","Cursed Key","Vajra","Juzu Bracelet","Regal Pillow"],"potions_floor_usage":[10,10,24,24],"damage_taken":[{"damage":8,"enemies":"Jaw Worm","floor":1,"turns":7},{"damage":2,"enemies":"2 Louse","floor":2,"turns":3},{"damage":21,"enemies":"Lagavulin","floor":7,"turns":9},{"damage":1,"enemies":"Cultist","floor":8,"turns":3},{"damage":15,"enemies":"Gremlin Nob","floor":10,"turns":5},{"damage":1,"enemies":"3 Louse","floor":12,"turns":6},{"damage":12,"enemies":"3 Sentries","floor":14,"turns":5},{"damage":34,"enemies":"The Guardian","floor":16,"turns":11},{"damage":17,"enemies":"Spheric Guardian","floor":18,"turns":4},{"damage":31,"enemies":"2 Thieves","floor":19,"turns":5},{"damage":4,"enemies":"Centurion and Healer","floor":20,"turns":7},{"damage":42,"enemies":"Gremlin Leader","floor":24,"turns":11},{"damage":0,"enemies":"Shelled Parasite and Fungi","floor":28,"turns":2}],"seed_played":"-5031256650444411208","potions_obtained":[{"floor":2,"key":"Block Potion"},{"floor":8,"key":"SteroidPotion"},{"floor":12,"key":"FearPotion"},{"floor":14,"key":"SkillPotion"},{"floor":19,"key":"Energy Potion"}],"is_trial":false,"path_per_floor":["M","M","?","?","$","R","E","M","T","E","R","M","$","E","R","B",null,"M","M","M","$","?","R","E","?","T","?","M"],"character_chosen":"DEFECT","items_purchased":["Mind Blast","Vajra"],"campfire_rested":3,"item_purchase_floors":[13,21],"current_hp_per_floor":[67,65,47,47,47,47,26,25,25,10,32,31,31,19,41,7,75,58,27,23,23,23,45,3,3,3,3,3],"gold":132,"neow_bonus":"BOSS_RELIC","is_prod":false,"is_daily":false,"chose_seed":false,"campfire_upgraded":1,"win_rate":0,"timestamp":1565254285,"path_taken":["M","M","?","?","$","R","E","M","T","E","R","M","?","E","R","BOSS","M","M","M","$","?","R","E","?","T","?","M"],"build_version":"2019-07-17","purchased_purges":1,"victory":false,"max_hp_per_floor":[75,75,75,75,75,75,75,75,75,75,75,75,75,75,75,75,75,75,75,75,75,75,75,75,75,75,75,75],"card_choices":[{"not_picked":["Redo","Barrage"],"picked":"Conserve Battery","floor":1},{"not_picked":["Sunder","Fusion","Barrage"],"picked":"SKIP","floor":2},{"not_picked":["Capacitor","Rip and Tear","Steam"],"picked":"SKIP","floor":7},{"not_picked":["Steam Power","Go for the Eyes"],"picked":"Beam Cell","floor":8},{"not_picked":["BootSequence","Hello World"],"picked":"Rebound","floor":10},{"not_picked":["Compile Driver","Auto Shields"],"picked":"Sweeping Beam","floor":12},{"not_picked":["Meteor Strike","Rebound"],"picked":"Gash","floor":14},{"not_picked":["Redo+1","Conserve Battery"],"picked":"Coolheaded+1","floor":18},{"not_picked":["Turbo","Tempest"],"picked":"Compile Driver","floor":18},{"not_picked":["Rebound+1","Hologram"],"picked":"Conserve Battery+1","floor":19},{"not_picked":["Beam Cell","Leap","Fission"],"picked":"SKIP","floor":19},{"not_picked":["Fusion","Sweeping Beam","Turbo"],"picked":"SKIP","floor":20},{"not_picked":["Static Discharge+1","Compile Driver","Stack"],"picked":"SKIP","floor":20},{"not_picked":["Static Discharge","Barrage","Machine Learning"],"picked":"SKIP","floor":24}],"player_experience":310517,"relics_obtained":[{"floor":7,"key":"Art of War"},{"floor":9,"key":"Orichalcum"},{"floor":10,"key":"Incense Burner"},{"floor":14,"key":"Prayer Wheel"},{"floor":24,"key":"Juzu Bracelet"},{"floor":26,"key":"Regal Pillow"}],"event_choices":[{"damage_healed":0,"gold_gain":0,"player_choice":"Success","damage_taken":18,"relics_obtained":["Boot"],"max_hp_gain":0,"max_hp_loss":0,"event_name":"Scrap Ooze","floor":3,"gold_loss":0},{"cards_removed":["Defend_B"],"damage_healed":0,"gold_gain":0,"player_choice":"Card Removal","damage_taken":0,"max_hp_gain":0,"max_hp_loss":0,"event_name":"The Cleric","floor":4,"gold_loss":50},{"damage_healed":0,"gold_gain":0,"player_choice":"Paid Fearfully","damage_taken":0,"max_hp_gain":0,"max_hp_loss":0,"event_name":"Masked Bandits","floor":22,"gold_loss":66},{"damage_healed":0,"gold_gain":0,"player_choice":"Smashed Altar","damage_taken":0,"max_hp_gain":0,"max_hp_loss":0,"event_name":"Forgotten Altar","floor":25,"gold_loss":0,"cards_obtained":["Decay"]},{"damage_healed":0,"gold_gain":99,"player_choice":"Stole From Cult","damage_taken":0,"max_hp_gain":0,"max_hp_loss":0,"event_name":"Nest","floor":27,"gold_loss":0}],"is_beta":false,"boss_relics":[{"not_picked":["Eternal Feather","White Beast Statue"],"picked":"Cursed Key"}],"items_purged_floors":[5],"is_endless":false,"potions_floor_spawned":[2,8,12,14,19,20],"killed_by":"Shelled Parasite and Fungi","ascension_level":1}