{"gold_per_floor":[209,219,7,23,23,23,55,55,55,55,68,99,118,118,118,118],"floor_reached":16,"playtime":1025,"items_purged":["Strike_R"],"score":220,"play_id":"daf5e999-d323-4a39-9c8c-08710b8e641b","local_time":"20190731015126","is_ascension_mode":true,"campfire_choices":[{"data":"Uppercut","floor":6.0,"key":"SMITH"},{"data":"Bash","floor":8.0,"key":"SMITH"},{"data":"Clothesline","floor":10.0,"key":"SMITH"},{"data":"Evolve","floor":15.0,"key":"SMITH"}],"neow_cost":"NONE","seed_source_timestamp":960207010133802,"circlet_count":0,"master_deck":["AscendersBane","Strike_R","Strike_R","Strike_R","Strike_R","Defend_R","Defend_R","Defend_R","Defend_R","Bash+1","Uppercut+1","Clothesline+1","Metallicize","Shrug It Off","Shrug It Off","Evolve+1","Shrug It Off","Wild Strike+1","Corruption"],"special_seed":0,"relics":["Burning Blood","Meat on the Bone","Molten Egg 2","PreservedInsect","Bottled Lightning","Turnip"],"potions_floor_usage":[16,16],"damage_taken":[{"damage":10.0,"enemies":"Small Slimes","floor":1.0,"turns":4.0},{"damage":7.0,"enemies":"Jaw Worm","floor":2.0,"turns":3.0},{"damage":1.0,"enemies":"Cultist","floor":4.0,"turns":4.0},{"damage":31.0,"enemies":"Gremlin Nob","floor":7.0,"turns":5.0},{"damage":6.0,"enemies":"Looter","floor":11.0,"turns":4.0},{"damage":4.0,"enemies":"3 Sentries","floor":12.0,"turns":14.0},{"damage":6.0,"enemies":"Blue Slaver","floor":13.0,"turns":5.0},{"damage":52,"enemies":"Hexaghost","floor":16,"turns":12}],"seed_played":"6755691057901393930","potions_obtained":[{"floor":1.0,"key":"Strength Potion"},{"floor":4.0,"key":"Regen Potion"},{"floor":11.0,"key":"SkillPotion"}],"is_trial":false,"path_per_floor":["M","M","$","M","?","R","E","R","T","R","M","E","M","T","R","B"],"character_chosen":"IRONCLAD","items_purchased":["Metallicize","Shrug It Off"],"campfire_rested":0,"item_purchase_floors":[3,3],"current_hp_per_floor":[64,63,63,68,50,50,37,37,37,37,49,51,51,51,51,0],"gold":118,"neow_bonus":"HUNDRED_GOLD","is_prod":false,"is_daily":false,"chose_seed":false,"campfire_upgraded":4,"win_rate":0,"timestamp":1564527086,"path_taken":["M","M","$","M","?","R","E","R","T","R","M","E","M","?","R","BOSS"],"build_version":"2019-07-17","purchased_purges":1,"victory":false,"max_hp_per_floor":[75,75,75,75,75,75,75,75,75,75,75,75,75,75,75,75],"card_choices":[{"not_picked":["Shockwave","Ghostly Armor"],"picked":"Uppercut","floor":1.0},{"not_picked":["Twin Strike","Headbutt"],"picked":"Clothesline","floor":2.0},{"not_picked":["Perfected Strike","Clash"],"picked":"Shrug It Off","floor":4.0},{"not_picked":["Fire Breathing","Body Slam"],"picked":"Evolve","floor":7.0},{"not_picked":["Armaments","Combust"],"picked":"Shrug It Off","floor":11.0},{"not_picked":["Hemokinesis+1","Rage"],"picked":"Wild Strike+1","floor":12.0},{"not_picked":["Burning Pact","True Grit"],"picked":"Corruption","floor":13.0}],"player_experience":1120935,"relics_obtained":[{"floor":7.0,"key":"Molten Egg 2"},{"floor":9.0,"key":"PreservedInsect"},{"floor":12.0,"key":"Bottled Lightning"},{"floor":14.0,"key":"Turnip"}],"event_choices":[{"damage_healed":0.0,"max_hp_gain":0.0,"max_hp_loss":0.0,"gold_gain":0.0,"event_name":"Scrap Ooze","player_choice":"Success","floor":5.0,"gold_loss":0.0,"damage_taken":18.0,"relics_obtained":["Meat on the Bone"]}],"is_beta":false,"boss_relics":[],"items_purged_floors":[3],"is_endless":false,"potions_floor_spawned":[1,4,11,12,13],"killed_by":"Hexaghost","ascension_level":20}