{"gold_per_floor":[109,126,126,126,141,171,190,190,213,213,233,257,292,292,292,397,397,415,429,443,458,470,470,115,115,139,159,59,71,71,13,13,109,109,127,147,22,32,48,48,48,80,105,105,120,151,151,151,151,151],"floor_reached":51,"playtime":2916,"items_purged":["Parasite","Strike_G","Venomology"],"score":734,"play_id":"070f1b31-9704-4407-807c-20b6e8be3ba9","local_time":"20190810034654","is_ascension_mode":false,"campfire_choices":[{"floor":6.0,"key":"DIG"},{"floor":8.0,"key":"DIG"},{"floor":10.0,"key":"DIG"},{"floor":15.0,"key":"DIG"},{"floor":23.0,"key":"DIG"},{"data":"Footwork","floor":25.0,"key":"SMITH"},{"data":"Burst","floor":32.0,"key":"SMITH"},{"data":"Catalyst","floor":40.0,"key":"SMITH"},{"floor":44.0,"key":"REST"},{"data":"Catalyst","floor":49.0,"key":"SMITH"}],"neow_cost":"CURSE","seed_source_timestamp":89383677589964,"circlet_count":0,"master_deck":["Survivor+1","Neutralize+1","Dash","Acrobatics","PiercingWail","Dagger Throw","Catalyst+1","Poisoned Stab","Burst+1","Footwork+1","Dodge and Roll","Wraith Form v2","Dodge and Roll","Well Laid Plans","Corpse Explosion","Catalyst+1","Glass Knife","Caltrops","Bouncing Flask","Slice","Heel Hook","Distraction","Footwork","Prepared","Grand Finale","Noxious Fumes","Backflip+1","Writhe"],"special_seed":0,"relics":["Ring of the Snake","Shovel","Tiny Chest","Ninja Scroll","Blood Vial","Incense Burner","Strawberry","Whetstone","Lantern","Philosopher\u0027s Stone","Unceasing Top","Lee\u0027s Waffle","Dream Catcher","Mercury Hourglass","Pandora\u0027s Box","Gremlin Horn","Vajra","Juzu Bracelet","Kunai"],"potions_floor_usage":[50,50],"damage_taken":[{"damage":2.0,"enemies":"Cultist","floor":1.0,"turns":4.0},{"damage":0.0,"enemies":"2 Louse","floor":2.0,"turns":4.0},{"damage":1.0,"enemies":"Jaw Worm","floor":5.0,"turns":4.0},{"damage":0.0,"enemies":"Large Slime","floor":7.0,"turns":9.0},{"damage":0.0,"enemies":"Lots of Slimes","floor":11.0,"turns":5.0},{"damage":19.0,"enemies":"Gremlin Nob","floor":13.0,"turns":5.0},{"damage":45.0,"enemies":"Slime Boss","floor":16.0,"turns":16.0},{"damage":2.0,"enemies":"3 Byrds","floor":18.0,"turns":7.0},{"damage":17.0,"enemies":"Spheric Guardian","floor":19.0,"turns":6.0},{"damage":26.0,"enemies":"Snake Plant","floor":20.0,"turns":7.0},{"damage":9.0,"enemies":"Centurion and Healer","floor":21.0,"turns":8.0},{"damage":4.0,"enemies":"Chosen and Byrds","floor":22.0,"turns":8.0},{"damage":11.0,"enemies":"3 Cultists","floor":27.0,"turns":9.0},{"damage":18.0,"enemies":"Snake Plant","floor":29.0,"turns":4.0},{"damage":29.0,"enemies":"Collector","floor":33.0,"turns":6.0},{"damage":3.0,"enemies":"3 Shapes","floor":35.0,"turns":4.0},{"damage":10.0,"enemies":"Orb Walker","floor":36.0,"turns":3.0},{"damage":0.0,"enemies":"Transient","floor":38.0,"turns":5.0},{"damage":13.0,"enemies":"Spire Growth","floor":39.0,"turns":2.0},{"damage":56.0,"enemies":"Nemesis","floor":42.0,"turns":5.0},{"damage":0.0,"enemies":"Jaw Worm Horde","floor":45.0,"turns":3.0},{"damage":9.0,"enemies":"Giant Head","floor":46.0,"turns":7.0},{"damage":22,"enemies":"Donu and Deca","floor":50,"turns":5}],"seed_played":"6855087256962000780","potions_obtained":[{"floor":7.0,"key":"SpeedPotion"},{"floor":11.0,"key":"GhostInAJar"},{"floor":13.0,"key":"GhostInAJar"},{"floor":14.0,"key":"Strength Potion"},{"floor":14.0,"key":"EntropicBrew"},{"floor":16.0,"key":"Regen Potion"},{"floor":18.0,"key":"Poison Potion"},{"floor":38.0,"key":"Fruit Juice"},{"floor":42.0,"key":"LiquidBronze"},{"floor":45.0,"key":"EntropicBrew"}],"is_trial":false,"path_per_floor":["M","M","?","?","M","R","M","R","T","R","M","T","E","?","R","B",null,"M","M","M","M","M","R","$","R","T","M","$","M","?","?","R","B",null,"M","M","$","M","M","R","$","E","T","R","M","E","T","?","R","B",null],"character_chosen":"THE_SILENT","items_purchased":["Well Laid Plans","Lee\u0027s Waffle"],"campfire_rested":1,"item_purchase_floors":[24,24],"current_hp_per_floor":[68,68,54,54,53,53,53,53,53,53,55,62,45,45,45,2,77,75,60,36,29,27,27,81,81,81,70,70,54,54,54,54,27,81,78,70,70,72,61,61,61,12,12,37,39,32,32,54,54,34],"gold":151,"neow_bonus":"ONE_RARE_RELIC","is_prod":false,"is_daily":false,"chose_seed":false,"campfire_upgraded":4,"win_rate":0,"timestamp":1565434014,"path_taken":["M","M","?","?","?","R","M","R","T","R","M","?","E","?","R","BOSS","M","M","M","?","M","R","$","R","T","M","?","M","?","?","R","BOSS","M","M","$","M","?","R","$","E","T","R","M","E","?","?","R","BOSS"],"build_version":"2019-07-18","purchased_purges":3,"victory":true,"max_hp_per_floor":[70,70,70,70,70,70,70,70,70,70,70,77,77,77,77,77,77,77,77,77,77,77,77,81,81,81,81,81,81,81,81,81,81,81,81,81,81,81,81,81,81,86,86,86,86,86,86,86,86,86],"card_choices":[{"not_picked":["Sucker Punch","Leg Sweep"],"picked":"Dash","floor":1.0},{"not_picked":["Quick Slash","Masterful Stab"],"picked":"Acrobatics","floor":2.0},{"not_picked":["Distraction","Quick Slash"],"picked":"PiercingWail","floor":5.0},{"not_picked":["Concentrate","Skewer"],"picked":"Dagger Throw","floor":7.0},{"not_picked":["All Out Attack","Deflect"],"picked":"Catalyst","floor":11.0},{"not_picked":["Phantasmal Killer","Quick Slash"],"picked":"Poisoned Stab","floor":13.0},{"not_picked":["A Thousand Cuts","Night Terror"],"picked":"Burst","floor":16.0},{"not_picked":["Acrobatics","Eviscerate","Dagger Throw"],"picked":"SKIP","floor":18.0},{"not_picked":["PiercingWail+1","Cloak And Dagger"],"picked":"Footwork","floor":19.0},{"not_picked":["Slice","Dagger Throw+1"],"picked":"Dodge and Roll","floor":20.0},{"not_picked":["Catalyst","Eviscerate+1"],"picked":"Wraith Form v2","floor":21.0},{"not_picked":["Dagger Throw","Slice"],"picked":"Dodge and Roll","floor":22.0},{"not_picked":["Slice","Bane","Sucker Punch"],"picked":"SKIP","floor":27.0},{"not_picked":["Cloak And Dagger+1","Deflect"],"picked":"Corpse Explosion","floor":29.0},{"not_picked":["Die Die Die","Envenom"],"picked":"Glass Knife","floor":33.0},{"not_picked":["Concentrate","Quick Slash"],"picked":"Noxious Fumes","floor":35.0},{"not_picked":["Quick Slash+1","Catalyst","Blade Dance+1"],"picked":"SKIP","floor":36.0},{"not_picked":["Accuracy+1","Poisoned Stab+1","Dagger Throw+1"],"picked":"SKIP","floor":38.0},{"not_picked":["Cloak And Dagger","Blade Dance+1","PiercingWail"],"picked":"SKIP","floor":39.0},{"not_picked":["Footwork","Expertise","All Out Attack+1"],"picked":"SKIP","floor":42.0},{"not_picked":["PiercingWail+1","Calculated Gamble+1"],"picked":"Backflip+1","floor":44.0},{"not_picked":["Expertise","Infinite Blades+1","Deflect"],"picked":"SKIP","floor":45.0},{"not_picked":["Deadly Poison","Backstab","Distraction"],"picked":"SKIP","floor":46.0}],"player_experience":421881,"relics_obtained":[{"floor":6.0,"key":"Tiny Chest"},{"floor":8.0,"key":"Ninja Scroll"},{"floor":9.0,"key":"Blood Vial"},{"floor":10.0,"key":"Incense Burner"},{"floor":12.0,"key":"Strawberry"},{"floor":13.0,"key":"Whetstone"},{"floor":15.0,"key":"Lantern"},{"floor":23.0,"key":"Unceasing Top"},{"floor":26.0,"key":"Dream Catcher"},{"floor":42.0,"key":"Gremlin Horn"},{"floor":43.0,"key":"Vajra"},{"floor":46.0,"key":"Juzu Bracelet"},{"floor":47.0,"key":"Kunai"}],"event_choices":[{"damage_healed":0.0,"max_hp_gain":0.0,"max_hp_loss":0.0,"gold_gain":0.0,"event_name":"Shining Light","player_choice":"Entered Light","floor":3.0,"gold_loss":0.0,"damage_taken":14.0,"cards_upgraded":["Survivor","Defend_G"]},{"damage_healed":0.0,"max_hp_gain":0.0,"max_hp_loss":0.0,"gold_gain":0.0,"event_name":"Upgrade Shrine","player_choice":"Upgraded","floor":4.0,"gold_loss":0.0,"damage_taken":0.0,"cards_upgraded":["Neutralize"]},{"damage_healed":0.0,"max_hp_gain":0.0,"max_hp_loss":0.0,"gold_gain":0.0,"event_name":"Lab","player_choice":"Got Potions","floor":14.0,"gold_loss":0.0,"damage_taken":0.0},{"damage_healed":0.0,"max_hp_gain":0.0,"max_hp_loss":0.0,"gold_gain":0.0,"event_name":"The Library","player_choice":"Read","floor":30.0,"gold_loss":0.0,"damage_taken":0.0,"cards_obtained":["Catalyst"]},{"damage_healed":0.0,"max_hp_gain":0.0,"max_hp_loss":0.0,"gold_gain":0.0,"event_name":"WeMeetAgain","player_choice":"Paid Gold","floor":31.0,"gold_loss":58.0,"damage_taken":0.0,"relics_obtained":["Mercury Hourglass"]},{"damage_healed":22.0,"max_hp_gain":0.0,"max_hp_loss":0.0,"gold_gain":0.0,"event_name":"Winding Halls","player_choice":"Writhe","floor":48.0,"gold_loss":0.0,"damage_taken":0.0,"cards_obtained":["Writhe"]}],"is_beta":true,"boss_relics":[{"not_picked":["Tiny House","Calling Bell"],"picked":"Philosopher\u0027s Stone"},{"not_picked":["Eternal Feather","HoveringKite"],"picked":"Pandora\u0027s Box"}],"items_purged_floors":[24,28,37],"is_endless":false,"potions_floor_spawned":[7,11,13,16,18,20,22,36,38,42,45],"ascension_level":0}