{"gold_per_floor":[114,130,147,147,222,222,257,257,334,345,377,377,387,387,387,464,464,476,23,23,23,49,65,81,81,81,81,113,132,132,145,145,224,224,243,261,161,161,181,181,193,221,246,275,275,293,320,5,5,5,5,5,5,5,37,37],"floor_reached":57,"playtime":2346,"items_purged":["Scrape","Gash"],"score":2965,"play_id":"bec6663a-3476-44e5-b356-79d68c511a0e","local_time":"20190728180200","is_ascension_mode":true,"campfire_choices":[{"data":"Hologram","floor":6.0,"key":"SMITH"},{"data":"Ball Lightning","floor":8.0,"key":"SMITH"},{"data":"Conserve Battery","floor":12.0,"key":"SMITH"},{"data":"Ball Lightning","floor":15.0,"key":"SMITH"},{"floor":25.0,"key":"REST"},{"data":"Biased Cognition","floor":27.0,"key":"SMITH"},{"data":"Defragment","floor":30.0,"key":"SMITH"},{"data":"Capacitor","floor":32.0,"key":"SMITH"},{"data":"Biased Cognition","floor":40.0,"key":"SMITH"},{"data":"Electrodynamics","floor":45,"key":"SMITH"},{"floor":49,"key":"RECALL"},{"data":"Doom and Gloom","floor":53,"key":"SMITH"}],"neow_cost":"NONE","seed_source_timestamp":1293616445625,"circlet_count":0,"master_deck":["AscendersBane","Zap+1","Dualcast","Self Repair+1","Conserve Battery+1","Hologram+1","Ball Lightning+1","Redo+1","Ball Lightning+1","Biased Cognition+1","Doom and Gloom+1","Amplify+1","Coolheaded+1","Biased Cognition+1","Capacitor+1","Auto Shields+1","Coolheaded+1","Fusion+1","Cold Snap","Recycle+1","Leap+1","Undo+1","Electrodynamics+1","Defragment+1","Hologram+1","Core Surge","Coolheaded+1","Leap+1","Undo+1","Core Surge","Coolheaded+1","Hologram+1"],"special_seed":0,"relics":["Cracked Core","NeowsBlessing","DataDisk","Toxic Egg 2","Happy Flower","Pandora\u0027s Box","ClockworkSouvenir","Red Mask","Shuriken","Art of War","Coffee Dripper","Mercury Hourglass","Omamori","Bottled Lightning","Incense Burner","Vajra"],"potions_floor_usage":[56,56],"damage_taken":[{"damage":0.0,"enemies":"Small Slimes","floor":1.0,"turns":1.0},{"damage":0.0,"enemies":"2 Louse","floor":2.0,"turns":1.0},{"damage":0.0,"enemies":"Jaw Worm","floor":3.0,"turns":1.0},{"damage":21.0,"enemies":"3 Sentries","floor":7.0,"turns":10.0},{"damage":4.0,"enemies":"Exordium Wildlife","floor":10.0,"turns":3.0},{"damage":7.0,"enemies":"Lagavulin","floor":11.0,"turns":5.0},{"damage":7.0,"enemies":"Looter","floor":13.0,"turns":3.0},{"damage":27.0,"enemies":"Slime Boss","floor":16.0,"turns":10.0},{"damage":44.0,"enemies":"2 Thieves","floor":18.0,"turns":3.0},{"damage":17.0,"enemies":"Masked Bandits","floor":22.0,"turns":5.0},{"damage":10.0,"enemies":"Shell Parasite","floor":23.0,"turns":3.0},{"damage":0.0,"enemies":"Centurion and Healer","floor":24.0,"turns":6.0},{"damage":11.0,"enemies":"Slavers","floor":28.0,"turns":6.0},{"damage":0.0,"enemies":"Chosen and Byrds","floor":29.0,"turns":3.0},{"damage":0.0,"enemies":"Sentry and Sphere","floor":31.0,"turns":5.0},{"damage":0.0,"enemies":"Collector","floor":33.0,"turns":8.0},{"damage":9.0,"enemies":"3 Darklings","floor":35.0,"turns":2.0},{"damage":19.0,"enemies":"3 Shapes","floor":36.0,"turns":4.0},{"damage":0.0,"enemies":"Spire Growth","floor":39.0,"turns":6.0},{"damage":27.0,"enemies":"Writhing Mass","floor":41.0,"turns":5.0},{"damage":0.0,"enemies":"Giant Head","floor":42.0,"turns":10.0},{"damage":23,"enemies":"Reptomancer","floor":44,"turns":5},{"damage":0,"enemies":"Maw","floor":46,"turns":6},{"damage":6,"enemies":"Giant Head","floor":47,"turns":8},{"damage":0,"enemies":"Donu and Deca","floor":50,"turns":7},{"damage":30,"enemies":"Time Eater","floor":51,"turns":16},{"damage":22,"enemies":"Shield and Spear","floor":55,"turns":4},{"damage":50,"enemies":"The Heart","floor":56,"turns":12}],"seed_played":"-1963353451658716686","potions_obtained":[{"floor":1.0,"key":"Block Potion"},{"floor":7.0,"key":"SkillPotion"},{"floor":11.0,"key":"Ancient Potion"},{"floor":13.0,"key":"Poison Potion"},{"floor":18.0,"key":"AttackPotion"},{"floor":24.0,"key":"SteroidPotion"},{"floor":31.0,"key":"Ancient Potion"}],"is_trial":false,"path_per_floor":["M","M","M","?","?","R","E","R","T","M","E","R","M","?","R","B",null,"M","$","?","?","?","M","M","R","T","R","E","M","R","M","R","B",null,"M","M","$","?","M","R","M","E","T","E","R","M","E","$","R","B","B",null,"R","$","E","B",null],"character_chosen":"DEFECT","items_purchased":["ClockworkSouvenir","Fusion+1","Cold Snap","Incense Burner"],"campfire_rested":1,"item_purchase_floors":[19,19,19,48],"current_hp_per_floor":[64,64,71,50,39,39,28,28,28,34,37,37,40,40,40,23,59,25,25,25,25,18,18,28,49,49,49,38,38,38,48,48,58,68,71,52,52,52,62,62,45,55,55,42,42,62,66,66,66,67,57,65,65,65,53,13],"gold":37,"neow_bonus":"THREE_ENEMY_KILL","is_prod":false,"is_daily":false,"chose_seed":false,"campfire_upgraded":10,"win_rate":0,"timestamp":1564329720,"path_taken":["M","M","M","?","?","R","E","R","T","M","E","R","M","?","R","BOSS","M","$","?","?","?","M","M","R","T","R","E","M","R","M","R","BOSS","M","M","$","?","M","R","M","E","T","E","R","M","E","$","R","BOSS","BOSS","R","$","E","BOSS"],"build_version":"2019-07-18","purchased_purges":2,"victory":true,"max_hp_per_floor":[71,71,71,71,71,71,71,71,71,71,71,71,71,71,71,71,71,71,71,71,71,71,71,71,71,71,71,71,71,71,71,71,71,71,71,71,71,67,67,67,67,67,67,67,67,67,67,67,67,67,67,67,67,67,67,67],"card_choices":[{"not_picked":["Storm","Sweeping Beam"],"picked":"Self Repair","floor":1.0},{"not_picked":["Go for the Eyes","Rebound"],"picked":"Conserve Battery","floor":2.0},{"not_picked":["Reprogram","Capacitor"],"picked":"Hologram","floor":3.0},{"not_picked":["Darkness","Redo"],"picked":"Ball Lightning","floor":7.0},{"not_picked":["Rebound","Stack+1"],"picked":"Gash","floor":10.0},{"not_picked":["Meteor Strike","Rebound"],"picked":"Redo+1","floor":11.0},{"not_picked":["Barrage","Blizzard"],"picked":"Ball Lightning","floor":13.0},{"not_picked":["Machine Learning","Seek+1"],"picked":"Biased Cognition","floor":16.0},{"not_picked":["Beam Cell","Blizzard"],"picked":"Coolheaded+1","floor":18.0},{"not_picked":["Go for the Eyes","Barrage"],"picked":"Recycle+1","floor":22.0},{"not_picked":["Aggregate+1","Streamline"],"picked":"Leap+1","floor":23.0},{"not_picked":["Compile Driver","Meteor Strike"],"picked":"Undo+1","floor":24.0},{"not_picked":["Reinforced Body+1","Sunder"],"picked":"Electrodynamics","floor":28.0},{"not_picked":["Beam Cell","Reinforced Body+1"],"picked":"Defragment","floor":29.0},{"not_picked":["Tempest+1","Go for the Eyes"],"picked":"Hologram+1","floor":31.0},{"not_picked":["Multi-Cast+1","Hyperbeam"],"picked":"Core Surge","floor":33.0},{"not_picked":["Sweeping Beam","Turbo+1","Rip and Tear"],"picked":"SKIP","floor":35.0},{"not_picked":["BootSequence+1","Stack+1"],"picked":"Coolheaded+1","floor":36.0},{"not_picked":["Rip and Tear+1","Self Repair+1"],"picked":"Leap+1","floor":39.0},{"not_picked":["Rebound","Leap+1"],"picked":"Undo+1","floor":41.0},{"not_picked":["Scrape","Beam Cell","Steam+1"],"picked":"SKIP","floor":42.0},{"not_picked":["Storm+1","Go for the Eyes+1"],"picked":"Core Surge","floor":44},{"not_picked":["White Noise+1","Self Repair"],"picked":"Coolheaded+1","floor":46},{"not_picked":["Leap+1","Ball Lightning","Beam Cell"],"picked":"SKIP","floor":47},{"not_picked":["Steam+1","Reprogram+1"],"picked":"Hologram+1","floor":55}],"player_experience":1928915,"relics_obtained":[{"floor":7.0,"key":"DataDisk"},{"floor":9.0,"key":"Toxic Egg 2"},{"floor":11.0,"key":"Happy Flower"},{"floor":22.0,"key":"Red Mask"},{"floor":26.0,"key":"Shuriken"},{"floor":28.0,"key":"Art of War"},{"floor":42.0,"key":"Mercury Hourglass"},{"floor":44,"key":"Omamori"},{"floor":47,"key":"Bottled Lightning"},{"floor":55,"key":"Vajra"}],"event_choices":[{"damage_healed":0.0,"max_hp_gain":0.0,"max_hp_loss":0.0,"gold_gain":0.0,"event_name":"Shining Light","player_choice":"Entered Light","floor":4.0,"gold_loss":0.0,"damage_taken":21.0,"cards_upgraded":["Self Repair","Zap"]},{"damage_healed":0.0,"max_hp_gain":0.0,"max_hp_loss":0.0,"gold_gain":75.0,"event_name":"World of Goop","player_choice":"Gather Gold","floor":5.0,"gold_loss":0.0,"damage_taken":11.0},{"damage_healed":0.0,"max_hp_gain":0.0,"max_hp_loss":0.0,"gold_gain":0.0,"event_name":"Liars Game","player_choice":"Ignored","floor":14.0,"gold_loss":0.0,"damage_taken":0.0},{"cards_removed":["Barrage"],"damage_healed":0.0,"max_hp_gain":0.0,"max_hp_loss":0.0,"gold_gain":0.0,"event_name":"Back to Basics","player_choice":"Elegance","floor":20.0,"gold_loss":0.0,"damage_taken":0.0},{"damage_healed":0.0,"max_hp_gain":0.0,"max_hp_loss":0.0,"gold_gain":0.0,"event_name":"Vampires","player_choice":"Ignored","floor":21.0,"gold_loss":0.0,"damage_taken":0.0},{"damage_healed":0.0,"max_hp_gain":0.0,"max_hp_loss":0.0,"gold_gain":0.0,"event_name":"Masked Bandits","player_choice":"Fought Bandits","floor":22.0,"gold_loss":0.0,"damage_taken":0.0},{"damage_healed":0.0,"max_hp_gain":0.0,"max_hp_loss":4.0,"gold_gain":0.0,"event_name":"Winding Halls","player_choice":"Max HP","floor":38.0,"gold_loss":0.0,"damage_taken":0.0}],"is_beta":true,"boss_relics":[{"not_picked":["FrozenCore","Astrolabe"],"picked":"Pandora\u0027s Box"},{"not_picked":["Tiny House","Eternal Feather"],"picked":"Coffee Dripper"}],"items_purged_floors":[19,37],"is_endless":false,"potions_floor_spawned":[1,7,11,13,18,24,31,35,41,44],"ascension_level":20}