{"gold_per_floor":[115,115,127,77,92,92,92,127,198,223,122,122,122,422,422,520,570,580,596,428,448,12,12,24,24,24,24,24,39,59,71,71,167,167,186,91,109,120,120,120,120,120,195,195,209,50,60,60,60,60],"floor_reached":50,"playtime":3060,"items_purged":["Defend_Br","Strike_Br","Strike_Br"],"score":450,"play_id":"da33889a-4dde-48e4-8f87-fc4f95d87753","local_time":"20190731100212","is_ascension_mode":false,"campfire_choices":[{"data":"SecondHand","floor":6,"key":"SMITH"},{"floor":13,"key":"REST"},{"data":"OldTimer","floor":15,"key":"SMITH"},{"data":"LockedCalendar","floor":23,"key":"SMITH"},{"data":"ResonantCall","floor":25,"key":"SMITH"},{"data":"Echoward","floor":32,"key":"SMITH"},{"floor":40,"key":"REST"},{"data":"Echoward","floor":42,"key":"SMITH"},{"floor":49,"key":"RECALL"}],"neow_cost":"NONE","seed_source_timestamp":107659654266453,"circlet_count":0,"master_deck":["SecondHand+1","PatternShift","BlueShift","CrunchTime","ResonantCall+1","OldTimer+1","HandsUpB","Accruing+1","Echoward+1","TickedOff","Analog+1","BiteCommand+1","BackFourSeconds","Accruing","LockedAnchor","Echoward+1","Goo","Echoward+1","BlueShift","OracleForm","LockedAnchor"],"relics":["Chronometer","Vajra","Kunai","Torii","Old Coin","Tiny House","Calipers","Pandora\u0027s Box","StoneCalendar","Shuriken"],"potions_floor_usage":[8,8,19,33,45,50],"damage_taken":[{"damage":0,"enemies":"Small Slimes","floor":1,"turns":6},{"damage":1,"enemies":"Jaw Worm","floor":3,"turns":7},{"damage":3,"enemies":"2 Louse","floor":5,"turns":5},{"damage":58,"enemies":"Gremlin Nob","floor":8,"turns":8},{"damage":2,"enemies":"Lagavulin","floor":10,"turns":10},{"damage":1,"enemies":"Slime Boss","floor":16,"turns":13},{"damage":1,"enemies":"Chosen","floor":18,"turns":2},{"damage":1,"enemies":"3 Byrds","floor":19,"turns":3},{"damage":0,"enemies":"3 Cultists","floor":21,"turns":3},{"damage":12,"enemies":"Snecko","floor":24,"turns":7},{"damage":0,"enemies":"Centurion and Healer","floor":29,"turns":3},{"damage":0,"enemies":"3 Cultists","floor":30,"turns":2},{"damage":0,"enemies":"Cultist and Chosen","floor":31,"turns":3},{"damage":35,"enemies":"Collector","floor":33,"turns":7},{"damage":22,"enemies":"Orb Walker","floor":35,"turns":6},{"damage":7,"enemies":"3 Darklings","floor":37,"turns":5},{"damage":16,"enemies":"Spire Growth","floor":38,"turns":5},{"damage":43,"enemies":"Transient","floor":45,"turns":5},{"damage":16,"enemies":"Jaw Worm Horde","floor":47,"turns":7},{"damage":19,"enemies":"Donu and Deca","floor":50,"turns":5}],"seed_played":"1364592987578564311","potions_obtained":[{"floor":1,"key":"Weak Potion"},{"floor":3,"key":"EssenceOfSteel"},{"floor":17,"key":"Swift Potion"},{"floor":19,"key":"FairyPotion"},{"floor":24,"key":"AttackPotion"},{"floor":31,"key":"Strength Potion"},{"floor":37,"key":"GamblersBrew"},{"floor":47,"key":"Weak Potion"}],"is_trial":false,"path_per_floor":["M","?","M","?","M","R","?","E","T","E","$","?","R","T","R","B",null,"M","M","$","M","$","R","M","R","T","?","$","M","M","M","R","B",null,"M","$","M","M","?","R","?","R","T","?","M","$","M","?","R","B"],"character_chosen":"CHRONO_CLASS","items_purchased":["HandsUpB","TickedOff","Calipers","BlueShift","Goo","OracleForm"],"campfire_rested":2,"item_purchase_floors":[11,20,22,36,36,46],"current_hp_per_floor":[65,65,64,64,61,61,61,3,3,1,1,1,20,20,20,19,70,69,68,68,68,68,68,56,56,56,56,56,56,56,56,56,21,70,48,48,44,36,29,50,50,50,50,50,15,15,7,12,12,0],"gold":60,"neow_bonus":"TRANSFORM_CARD","is_prod":false,"is_daily":false,"chose_seed":false,"campfire_upgraded":6,"win_rate":0.0,"timestamp":1564534932,"path_taken":["M","?","M","?","M","R","?","E","T","E","$","?","R","?","R","BOSS","M","M","$","M","$","R","M","R","T","?","?","M","M","M","R","BOSS","M","$","M","M","?","R","?","R","T","?","M","?","?","?","R","BOSS"],"build_version":"2019-07-17","purchased_purges":3,"victory":false,"max_hp_per_floor":[65,65,65,65,65,65,65,65,65,65,65,65,65,65,65,65,70,70,70,70,70,70,70,70,70,70,70,70,70,70,70,70,70,70,70,70,70,70,70,70,70,70,70,70,70,70,70,70,70,70],"card_choices":[{"not_picked":["Goo","Parity"],"picked":"CrunchTime","floor":1},{"not_picked":["LockedScales","LockedBlood"],"picked":"ResonantCall","floor":3},{"not_picked":["LockedOrichalcum","BeatsPerMinute","Parity"],"picked":"SKIP","floor":5},{"not_picked":["Parity","BlueShift"],"picked":"OldTimer","floor":8},{"not_picked":["DaylightSavings","Parity"],"picked":"HandsUpB","floor":10},{"not_picked":["LockedBell","LockedFlame"],"picked":"LockedCalendar","floor":16},{"not_picked":["WakeUpCall+1","Cuckoo"],"picked":"Accruing+1","floor":18},{"not_picked":["LockedBlood+1","ShortSighted"],"picked":"Echoward","floor":19},{"not_picked":["Facsimile","HandsUpB+1","FormalWear"],"picked":"SKIP","floor":21},{"not_picked":["EscortCommand","Engulf","Cuckoo"],"picked":"SKIP","floor":24},{"not_picked":["LockedMercury","LockedScales+1"],"picked":"Analog+1","floor":29},{"not_picked":["BiteCommand+1","Backlash+1","Cuckoo"],"picked":"SKIP","floor":30},{"not_picked":["LockedUrn","Parity+1"],"picked":"BiteCommand+1","floor":31},{"not_picked":["LockedAstrolabe","LockedLightning"],"picked":"BackFourSeconds","floor":33},{"not_picked":["Recurrance","Goo"],"picked":"Echoward+1","floor":35},{"not_picked":["Parity+1","ReapSow"],"picked":"Echoward","floor":37},{"not_picked":["LockedWhetstone+1","SlimeSpray","CrunchTime+1"],"picked":"SKIP","floor":38},{"not_picked":["LockedMawBank","Backlash+1"],"picked":"BlueShift","floor":45},{"not_picked":["LockedMedicine+1","LockedBlood+1"],"picked":"LockedAnchor","floor":47}],"player_experience":212052,"relics_obtained":[{"floor":8,"key":"Vajra"},{"floor":9,"key":"Kunai"},{"floor":10,"key":"Torii"},{"floor":14,"key":"Old Coin"},{"floor":43,"key":"Shuriken"}],"event_choices":[{"damage_healed":0,"gold_gain":0,"player_choice":"Ignored","damage_taken":0,"max_hp_gain":0,"max_hp_loss":0,"event_name":"Liars Game","floor":2,"gold_loss":0},{"cards_removed":["Defend_Br"],"damage_healed":0,"gold_gain":0,"player_choice":"Card Removal","damage_taken":0,"max_hp_gain":0,"max_hp_loss":0,"event_name":"The Cleric","floor":4,"gold_loss":50},{"cards_removed":["Defend_Br"],"damage_healed":0,"gold_gain":0,"player_choice":"Forget","damage_taken":0,"max_hp_gain":0,"max_hp_loss":0,"event_name":"Living Wall","floor":7,"gold_loss":0},{"damage_healed":0,"gold_gain":0,"player_choice":"Ignored","damage_taken":0,"max_hp_gain":0,"max_hp_loss":0,"event_name":"Golden Wing","floor":12,"gold_loss":0},{"damage_healed":0,"gold_gain":0,"player_choice":"Ignored","damage_taken":0,"max_hp_gain":0,"max_hp_loss":0,"event_name":"The Mausoleum","floor":27,"gold_loss":0},{"cards_removed":["BlueShift"],"damage_healed":0,"gold_gain":0,"player_choice":"Removed Skill","damage_taken":0,"max_hp_gain":0,"max_hp_loss":0,"event_name":"Falling","floor":41,"gold_loss":0},{"damage_healed":0,"gold_gain":0,"player_choice":"Ignored","damage_taken":0,"max_hp_gain":0,"max_hp_loss":0,"event_name":"Mysterious Sphere","floor":44,"gold_loss":0},{"cards_removed":["HandsUpB"],"damage_healed":5,"gold_gain":0,"player_choice":"Offered Common","damage_taken":0,"max_hp_gain":0,"max_hp_loss":0,"event_name":"Bonfire Elementals","floor":48,"gold_loss":0},{"cards_removed":["HandsUpB"],"damage_healed":5,"gold_gain":0,"player_choice":"Offered Special","damage_taken":0,"max_hp_gain":0,"max_hp_loss":0,"event_name":"Bonfire Elementals","floor":48,"gold_loss":0}],"is_beta":false,"boss_relics":[{"not_picked":["Cursed Key","Ectoplasm"],"picked":"Tiny House"},{"not_picked":["Snecko Eye","Fusion Hammer"],"picked":"Pandora\u0027s Box"}],"items_purged_floors":[11,20,22],"is_endless":false,"potions_floor_spawned":[1,3,19,24,31,37,47],"killed_by":"Donu and Deca","ascension_level":0}