{"gold_per_floor":[115,125,125,135,155,155,183,183,207,228,258,4,4,28,28,124,124,124],"floor_reached":18,"playtime":467,"items_purged":["Strike_B"],"score":324,"play_id":"8e773187-ae50-444e-9f6e-60c3a44c6906","local_time":"20190622005710","is_ascension_mode":true,"campfire_choices":[{"data":"Streamline","floor":6.0,"key":"SMITH"},{"data":"Coolheaded","floor":13.0,"key":"SMITH"},{"floor":15.0,"key":"REST"}],"neow_cost":"NONE","seed_source_timestamp":0,"circlet_count":0,"master_deck":["AscendersBane","Strike_B","Strike_B","Defend_B","Defend_B","Defend_B","Defend_B","Zap","Dualcast","Streamline+1","Ball Lightning","Conserve Battery","Static Discharge","Coolheaded+1","Echo Form","BootSequence","Hyperbeam"],"special_seed":0,"relics":["Cracked Core","Orichalcum","Golden Idol","Lantern","White Beast Statue"],"potions_floor_usage":[],"damage_taken":[{"damage":0.0,"enemies":"Cultist","floor":1.0,"turns":4.0},{"damage":4.0,"enemies":"Jaw Worm","floor":2.0,"turns":4.0},{"damage":5.0,"enemies":"Small Slimes","floor":4.0,"turns":2.0},{"damage":13.0,"enemies":"2 Fungi Beasts","floor":5.0,"turns":3.0},{"damage":24.0,"enemies":"Gremlin Nob","floor":7.0,"turns":4.0},{"damage":9.0,"enemies":"Exordium Wildlife","floor":10.0,"turns":4.0},{"damage":9.0,"enemies":"Exordium Thugs","floor":14.0,"turns":7.0},{"damage":26.0,"enemies":"The Guardian","floor":16.0,"turns":15.0},{"damage":0,"enemies":"3 Byrds","floor":18,"turns":2}],"seed_played":"5359683345691580084","potions_obtained":[{"floor":5.0,"key":"Ancient Potion"},{"floor":7.0,"key":"EssenceOfSteel"},{"floor":16.0,"key":"FairyPotion"}],"is_trial":false,"path_per_floor":["M","M","?","M","M","R","E","?","T","M","?","$","R","M","R","B",null,"M"],"character_chosen":"DEFECT","items_purchased":["Echo Form"],"campfire_rested":1,"item_purchase_floors":[12],"current_hp_per_floor":[71,67,67,62,49,49,25,25,25,16,16,16,16,7,28,2,54,54],"gold":124,"neow_bonus":"TEN_PERCENT_HP_BONUS","is_prod":false,"is_daily":false,"chose_seed":false,"campfire_upgraded":2,"win_rate":0,"timestamp":1561157830,"path_taken":["M","M","?","M","?","R","E","?","T","M","?","$","R","M","R","BOSS","M"],"build_version":"2019-06-21","purchased_purges":1,"victory":false,"max_hp_per_floor":[78,78,78,78,78,78,78,71,71,71,71,71,71,71,71,71,71,71],"card_choices":[{"not_picked":["Barrage","Hologram"],"picked":"Streamline","floor":1.0},{"not_picked":["Turbo","White Noise"],"picked":"Ball Lightning","floor":2.0},{"not_picked":["Hologram","Storm","Turbo"],"picked":"SKIP","floor":4.0},{"not_picked":["Rebound","Consume"],"picked":"Conserve Battery","floor":5.0},{"not_picked":["Ball Lightning","Reboot"],"picked":"Static Discharge","floor":7.0},{"not_picked":["Streamline","Doom and Gloom"],"picked":"Coolheaded","floor":10.0},{"not_picked":["Leap","Stack"],"picked":"BootSequence","floor":14.0},{"not_picked":["Fission","Amplify"],"picked":"Hyperbeam","floor":16.0}],"player_experience":1753477,"relics_obtained":[{"floor":7.0,"key":"Orichalcum"},{"floor":9.0,"key":"Lantern"}],"event_choices":[{"cards_removed":["Strike_B"],"damage_healed":0.0,"max_hp_gain":0.0,"max_hp_loss":0.0,"gold_gain":0.0,"event_name":"Bonfire Elementals","player_choice":"Offered Basic","floor":3.0,"gold_loss":0.0,"damage_taken":0.0},{"damage_healed":0.0,"max_hp_gain":0.0,"max_hp_loss":7.0,"gold_gain":0.0,"event_name":"Golden Idol","player_choice":"Lose Max HP","floor":8.0,"gold_loss":0.0,"damage_taken":0.0,"relics_obtained":["Golden Idol"]},{"damage_healed":0.0,"max_hp_gain":0.0,"max_hp_loss":0.0,"gold_gain":30.0,"event_name":"Dead Adventurer","player_choice":"Searched \u00271\u0027 times","floor":11.0,"gold_loss":0.0,"damage_taken":0.0}],"is_beta":true,"boss_relics":[{"not_picked":["Velvet Choker","Runic Dome"],"picked":"White Beast Statue"}],"items_purged_floors":[12],"is_endless":false,"potions_floor_spawned":[5,7,16],"killed_by":"3 Byrds","ascension_level":20}