{"gold_per_floor":[114,124,124,140,157,137,171,183,183,17,17,42,42,77,77,154,154,166,184,200,220,220,220,252,252,252,91,91,91,91,123,123,195,195,208,218,218,218,24,24,52,52,78,78,110,26,26,42,42,42,42],"floor_reached":51,"playtime":1998,"items_purged":["Strike_B"],"score":1593,"play_id":"d63e56b4-c0d9-4979-8f3c-6f11e9374b0a","local_time":"20190620035235","is_ascension_mode":true,"campfire_choices":[{"data":"Barrage","floor":11,"key":"SMITH"},{"data":"Rainbow","floor":13,"key":"SMITH"},{"data":"Zap","floor":15,"key":"SMITH"},{"data":"Ghostly","floor":23,"key":"SMITH"},{"data":"Ghostly","floor":29,"key":"SMITH"},{"data":"Ghostly","floor":32,"key":"SMITH"},{"data":"Apotheosis","floor":40,"key":"SMITH"},{"data":"Machine Learning","floor":42,"key":"SMITH"},{"floor":44,"key":"REST"},{"data":"Madness","floor":49,"key":"SMITH"}],"neow_cost":"NONE","seed_source_timestamp":21812400782229,"circlet_count":0,"master_deck":["AscendersBane","Strike_B","Defend_B","Defend_B","Defend_B","Defend_B","Zap+1","Dualcast","Glacier","Rebound","Barrage+1","Writhe","Rainbow+1","Chill","Echo Form","Parasite","Turbo","Recycle","Glacier","Ghostly+1","Ghostly+1","Ghostly+1","Self Repair","Clumsy","Shame","Doom and Gloom+1","Machine Learning+1","Electrodynamics","Glacier","Echo Form","Doubt","Apotheosis+1","White Noise","Parasite","Capacitor","Madness","Madness+1","Chill+1"],"relics":["Cursed Key","Anchor","Bag of Preparation","DataDisk","Omamori","Molten Egg 2","Calling Bell","Bronze Scales","Mercury Hourglass","Dead Branch","Oddly Smooth Stone","Calipers","Blue Candle","Pear","Black Star","Letter Opener","PreservedInsect","Regal Pillow","Potion Belt","Smiling Mask","Ancient Tea Set"],"potions_floor_usage":[7,7,16,51],"damage_taken":[{"damage":2,"enemies":"Jaw Worm","floor":1,"turns":3},{"damage":0,"enemies":"Cultist","floor":2,"turns":4},{"damage":3,"enemies":"Small Slimes","floor":4,"turns":3},{"damage":0,"enemies":"Looter","floor":5,"turns":4},{"damage":27,"enemies":"Gremlin Nob","floor":7,"turns":5},{"damage":2,"enemies":"Exordium Wildlife","floor":8,"turns":4},{"damage":2,"enemies":"3 Sentries","floor":12,"turns":7},{"damage":8,"enemies":"Lagavulin","floor":14,"turns":5},{"damage":10,"enemies":"The Guardian","floor":16,"turns":11},{"damage":0,"enemies":"3 Byrds","floor":18,"turns":3},{"damage":1,"enemies":"2 Thieves","floor":19,"turns":3},{"damage":14,"enemies":"3 Cultists","floor":20,"turns":5},{"damage":5,"enemies":"Centurion and Healer","floor":21,"turns":4},{"damage":6,"enemies":"Book of Stabbing","floor":24,"turns":6},{"damage":3,"enemies":"Slavers","floor":31,"turns":3},{"damage":17,"enemies":"Collector","floor":33,"turns":10},{"damage":5,"enemies":"Orb Walker","floor":35,"turns":5},{"damage":1,"enemies":"3 Shapes","floor":36,"turns":3},{"damage":4,"enemies":"Giant Head","floor":41,"turns":8},{"damage":12,"enemies":"Reptomancer","floor":45,"turns":8},{"damage":1,"enemies":"Maw","floor":48,"turns":9},{"damage":37,"enemies":"Awakened One","floor":50,"turns":14},{"damage":12,"enemies":"Time Eater","floor":51,"turns":6}],"seed_played":"-865603287219028825","potions_obtained":[{"floor":2,"key":"GamblersBrew"},{"floor":6,"key":"FocusPotion"},{"floor":7,"key":"FearPotion"},{"floor":12,"key":"Poison Potion"},{"floor":18,"key":"PowerPotion"},{"floor":45,"key":"SteroidPotion"}],"is_trial":false,"path_per_floor":["M","M","?","M","M","?","E","M","T","$","R","E","R","E","R","B",null,"M","M","M","M","?","R","E","T","T","$","?","R","$","E","R","B",null,"M","M","?","T","$","R","E","R","T","R","E","$","?","M","R","B","B"],"character_chosen":"DEFECT","items_purchased":["DataDisk","Doom and Gloom+1","Apotheosis","Capacitor"],"campfire_rested":1,"item_purchase_floors":[10,27,39,46],"current_hp_per_floor":[62,62,62,59,59,59,32,30,30,30,30,28,28,20,20,10,56,56,55,41,36,35,35,29,29,29,29,29,29,29,36,36,19,39,41,40,40,40,40,40,36,36,36,45,33,33,25,44,44,7,0],"gold":42,"neow_bonus":"BOSS_RELIC","is_prod":false,"is_daily":false,"chose_seed":false,"campfire_upgraded":9,"win_rate":0,"timestamp":1560995555,"path_taken":["M","M","?","M","M","?","E","M","T","$","R","E","R","E","R","BOSS","M","M","?","M","?","R","E","?","T","$","?","R","$","E","R","BOSS","M","M","?","?","$","R","E","R","T","R","E","$","?","M","R","BOSS","BOSS"],"build_version":"2019-06-18","purchased_purges":1,"victory":false,"max_hp_per_floor":[71,71,71,71,71,71,71,71,71,71,71,71,71,71,71,71,71,71,71,71,71,35,35,35,35,35,35,35,35,35,45,45,45,45,45,45,45,45,45,45,45,45,45,45,45,45,45,45,45,45,45],"card_choices":[{"not_picked":["Beam Cell","Fusion"],"picked":"Sweeping Beam","floor":1},{"not_picked":["Turbo","Stack"],"picked":"Glacier","floor":2},{"not_picked":["Beam Cell","Recycle"],"picked":"Rebound","floor":4},{"not_picked":["Barrage","Stack","Leap"],"picked":"SKIP","floor":5},{"not_picked":["Stack","Leap"],"picked":"Barrage","floor":5},{"not_picked":["Turbo","Leap","Rebound"],"picked":"SKIP","floor":8},{"not_picked":["Stack","Go for the Eyes"],"picked":"Rainbow","floor":12},{"not_picked":["Lockon","Coolheaded"],"picked":"Chill","floor":14},{"not_picked":["Hyperbeam+1","Amplify"],"picked":"Echo Form","floor":16},{"not_picked":["Redo","Leap"],"picked":"Turbo","floor":18},{"not_picked":["Steam","Go for the Eyes+1"],"picked":"Recycle","floor":19},{"not_picked":["Redo","Ball Lightning+1","Stack+1"],"picked":"SKIP","floor":20},{"not_picked":["Lockon+1","Turbo"],"picked":"Glacier","floor":21},{"not_picked":["Thunder Strike+1","Static Discharge"],"picked":"Self Repair","floor":24},{"not_picked":["Storm","FTL+1"],"picked":"Glacier","floor":31},{"not_picked":["Reboot","Thunder Strike+1"],"picked":"Echo Form","floor":33},{"not_picked":["Coolheaded","Beam Cell+1","Consume"],"picked":"SKIP","floor":35},{"not_picked":["Chaos","Stack","Steam"],"picked":"SKIP","floor":36},{"not_picked":["Compile Driver+1","Sweeping Beam+1"],"picked":"White Noise","floor":41},{"not_picked":["Steam+1","Cold Snap+1","Darkness"],"picked":"SKIP","floor":45},{"not_picked":["Hologram","Rip and Tear+1"],"picked":"Chill+1","floor":48}],"player_experience":1738844,"relics_obtained":[{"floor":7,"key":"Anchor"},{"floor":9,"key":"Bag of Preparation"},{"floor":12,"key":"Omamori"},{"floor":14,"key":"Molten Egg 2"},{"floor":17,"key":"Bronze Scales"},{"floor":17,"key":"Mercury Hourglass"},{"floor":17,"key":"Dead Branch"},{"floor":24,"key":"Oddly Smooth Stone"},{"floor":25,"key":"Calipers"},{"floor":26,"key":"Blue Candle"},{"floor":31,"key":"Pear"},{"floor":38,"key":"Letter Opener"},{"floor":41,"key":"PreservedInsect"},{"floor":41,"key":"Regal Pillow"},{"floor":43,"key":"Potion Belt"},{"floor":45,"key":"Smiling Mask"},{"floor":45,"key":"Ancient Tea Set"}],"event_choices":[{"damage_healed":0,"gold_gain":0,"player_choice":"Ignored","damage_taken":0,"max_hp_gain":0,"max_hp_loss":0,"event_name":"Liars Game","floor":3,"gold_loss":0},{"damage_healed":0,"gold_gain":0,"player_choice":"Bought 1 Potion","damage_taken":0,"max_hp_gain":0,"max_hp_loss":0,"event_name":"The Woman in Blue","floor":6,"gold_loss":0},{"damage_healed":0,"gold_gain":0,"player_choice":"Became a Ghost","damage_taken":0,"max_hp_gain":0,"max_hp_loss":36,"event_name":"Ghosts","floor":22,"gold_loss":0,"cards_obtained":["Ghostly","Ghostly","Ghostly"]},{"damage_healed":0,"gold_gain":0,"cards_transformed":["Strike_B","Strike_B"],"player_choice":"Became Test Subject","damage_taken":0,"max_hp_gain":0,"max_hp_loss":0,"event_name":"Drug Dealer","floor":28,"gold_loss":0,"cards_obtained":["Machine Learning","Electrodynamics"]},{"cards_removed":["Sweeping Beam"],"damage_healed":0,"gold_gain":0,"player_choice":"Removed Attack","damage_taken":0,"max_hp_gain":0,"max_hp_loss":0,"event_name":"Falling","floor":37,"gold_loss":0},{"damage_healed":0,"gold_gain":0,"player_choice":"Embrace Madness","damage_taken":8,"max_hp_gain":0,"max_hp_loss":0,"event_name":"Winding Halls","floor":47,"gold_loss":0,"cards_obtained":["Madness","Madness"]}],"is_beta":true,"boss_relics":[{"not_picked":["Velvet Choker","Nuclear Battery"],"picked":"Calling Bell"},{"not_picked":["Tiny House","Eternal Feather"],"picked":"Black Star"}],"items_purged_floors":[27],"is_endless":false,"potions_floor_spawned":[2,7,12,14,18,20,24,33,45],"killed_by":"Time Eater","ascension_level":20}