{"gold_per_floor":[109,126,126,141,158,191,201,201,225,192,50,50,65,96,96,197,197,208,108,128,138,148,148,148,111,111,111,123,134,134,166,166,263,263,279,299,299,315,334,334,352,367,436,436,446,446,446,459,459,459],"floor_reached":51,"playtime":4765,"items_purged":["Strike_G+1","Strike_G"],"score":693,"play_id":"f95b1929-7033-47c4-9271-0047b9db25cc","local_time":"20190722050105","is_ascension_mode":true,"campfire_choices":[{"data":"Caltrops","floor":8.0,"key":"SMITH"},{"floor":12,"key":"REST"},{"data":"Footwork","floor":15,"key":"SMITH"},{"data":"Deadly Poison","floor":23,"key":"SMITH"},{"data":"Noxious Fumes","floor":27,"key":"SMITH"},{"data":"Deadly Poison","floor":32,"key":"SMITH"},{"data":"Wraith Form v2","floor":40,"key":"SMITH"},{"data":"Noxious Fumes","floor":44,"key":"SMITH"},{"data":"Dodge and Roll","floor":46,"key":"SMITH"},{"data":"Backflip","floor":49,"key":"SMITH"}],"neow_cost":"NONE","seed_source_timestamp":374547614705887,"circlet_count":0,"master_deck":["Strike_G","Strike_G+1","Defend_G","Defend_G","Defend_G","Defend_G","Defend_G","Survivor","Neutralize+1","Deadly Poison+1","Dodge and Roll+1","Wraith Form v2+1","Backflip+1","Caltrops+1","Footwork+1","Dash","Bullet Time","Deadly Poison+1","Noxious Fumes+1","Blur+1","Footwork+1","Night Terror","Poisoned Stab","Bouncing Flask+1","Footwork+1","Noxious Fumes+1"],"special_seed":0,"relics":["Ring of the Snake","Whetstone","Pocketwatch","Centennial Puzzle","PreservedInsect","Snecko Eye","Pantograph","Tough Bandages","Ancient Tea Set","Eternal Feather","Frozen Egg 2"],"potions_floor_usage":[16,29,50],"damage_taken":[{"damage":0.0,"enemies":"2 Louse","floor":1.0,"turns":2.0},{"damage":0.0,"enemies":"Small Slimes","floor":2.0,"turns":3.0},{"damage":0.0,"enemies":"Jaw Worm","floor":4.0,"turns":3.0},{"damage":0.0,"enemies":"Blue Slaver","floor":5.0,"turns":4.0},{"damage":15.0,"enemies":"Gremlin Nob","floor":6.0,"turns":6.0},{"damage":4.0,"enemies":"Gremlin Gang","floor":7.0,"turns":6.0},{"damage":1,"enemies":"Red Slaver","floor":13,"turns":4},{"damage":2,"enemies":"Lagavulin","floor":14,"turns":8},{"damage":24,"enemies":"Slime Boss","floor":16,"turns":14},{"damage":5,"enemies":"Spheric Guardian","floor":18,"turns":6},{"damage":0,"enemies":"Shell Parasite","floor":20,"turns":4},{"damage":0,"enemies":"Snecko","floor":21,"turns":5},{"damage":6,"enemies":"Cultist and Chosen","floor":22,"turns":6},{"damage":0,"enemies":"Centurion and Healer","floor":28,"turns":7},{"damage":8,"enemies":"Sentry and Sphere","floor":29,"turns":8},{"damage":0,"enemies":"Gremlin Leader","floor":31,"turns":5},{"damage":27,"enemies":"Champ","floor":33,"turns":12},{"damage":8,"enemies":"3 Darklings","floor":35,"turns":6},{"damage":10,"enemies":"Orb Walker","floor":36,"turns":4},{"damage":0,"enemies":"Transient","floor":38,"turns":5},{"damage":0,"enemies":"Spire Growth","floor":39,"turns":5},{"damage":4,"enemies":"Maw","floor":41,"turns":8},{"damage":0,"enemies":"3 Darklings","floor":42,"turns":6},{"damage":0,"enemies":"Transient","floor":45,"turns":5},{"damage":0,"enemies":"4 Shapes","floor":48,"turns":5},{"damage":17,"enemies":"Time Eater","floor":50,"turns":11}],"seed_played":"7011765567629119651","potions_obtained":[{"floor":5.0,"key":"EssenceOfSteel"},{"floor":7.0,"key":"EssenceOfSteel"},{"floor":13,"key":"SteroidPotion"},{"floor":18,"key":"GhostInAJar"},{"floor":20,"key":"Block Potion"},{"floor":31,"key":"LiquidBronze"},{"floor":33,"key":"Swift Potion"}],"is_trial":false,"path_per_floor":["M","M","?","M","M","E","M","R","T","?","$","R","M","E","R","B",null,"M","$","M","M","M","R","T","$","T","R","M","M","?","E","R","B",null,"M","M","?","M","M","R","M","M","T","R","M","R","?","M","R","B",null],"character_chosen":"THE_SILENT","items_purchased":["Footwork","Noxious Fumes"],"campfire_rested":1,"item_purchase_floors":[11,25],"current_hp_per_floor":[70,70,70,70,70,55,51,51,51,51,51,70,69,67,67,43,70,65,65,65,65,59,59,59,59,59,59,59,51,70,70,70,43,70,62,52,52,52,52,67,63,63,63,70,70,70,70,70,70,53],"gold":459,"neow_bonus":"RANDOM_COMMON_RELIC","is_prod":false,"is_daily":false,"chose_seed":false,"campfire_upgraded":9,"win_rate":0,"timestamp":1563796865,"path_taken":["M","M","?","M","M","E","M","R","T","?","?","R","?","E","R","BOSS","M","$","?","M","M","R","?","$","T","R","M","?","?","E","R","BOSS","M","M","?","?","M","R","M","M","T","R","M","R","?","M","R","BOSS"],"build_version":"2019-07-05","purchased_purges":2,"victory":true,"max_hp_per_floor":[70,70,70,70,70,70,70,70,70,70,70,70,70,70,70,70,70,70,70,70,70,70,70,70,70,70,70,70,70,70,70,70,70,70,70,70,70,70,70,70,70,70,70,70,70,70,70,70,70,70],"card_choices":[{"not_picked":["Acrobatics","Dagger Spray"],"picked":"Deadly Poison","floor":1.0},{"not_picked":["Quick Slash","Bane"],"picked":"Dodge and Roll","floor":2.0},{"not_picked":["Underhanded Strike","PiercingWail"],"picked":"Wraith Form v2","floor":4.0},{"not_picked":["Endless Agony","PiercingWail"],"picked":"Backflip","floor":5.0},{"not_picked":["Die Die Die","Poisoned Stab"],"picked":"Caltrops","floor":6.0},{"not_picked":["Tactician","Dodge and Roll","Sucker Punch"],"picked":"SKIP","floor":7.0},{"not_picked":["Bane","Deadly Poison"],"picked":"Dash","floor":13},{"not_picked":["Flechettes","Riddle With Holes","Acrobatics"],"picked":"SKIP","floor":14},{"not_picked":["Tools of the Trade","Glass Knife"],"picked":"Bullet Time","floor":16},{"not_picked":["Dodge and Roll+1","Slice+1"],"picked":"Deadly Poison","floor":18},{"not_picked":["Underhanded Strike","Prepared+1","Backstab"],"picked":"SKIP","floor":20},{"not_picked":["Bane","Quick Slash","Poisoned Stab"],"picked":"SKIP","floor":21},{"not_picked":["Endless Agony","Deadly Poison","Quick Slash+1"],"picked":"SKIP","floor":22},{"not_picked":["Reflex","Deadly Poison"],"picked":"Blur+1","floor":28},{"not_picked":["Deadly Poison","Dagger Spray+1","Distraction"],"picked":"SKIP","floor":29},{"not_picked":["Die Die Die","Blade Dance"],"picked":"Footwork+1","floor":31},{"not_picked":["Wraith Form v2","Envenom"],"picked":"Night Terror","floor":33},{"not_picked":["PiercingWail","Distraction","Slice"],"picked":"SKIP","floor":35},{"not_picked":["Slice+1","Poisoned Stab+1","Reflex+1"],"picked":"SKIP","floor":36},{"not_picked":["Reflex","Prepared"],"picked":"Bouncing Flask+1","floor":38},{"not_picked":["Deflect","Underhanded Strike+1"],"picked":"Footwork+1","floor":39},{"not_picked":["Dagger Spray","Envenom","Poisoned Stab+1"],"picked":"SKIP","floor":41},{"not_picked":["Dagger Throw+1","Skewer+1"],"picked":"Noxious Fumes","floor":42},{"not_picked":["Dodge and Roll+1","Dagger Spray","Prepared"],"picked":"SKIP","floor":45},{"not_picked":["Dagger Spray","Distraction+1","Underhanded Strike+1"],"picked":"SKIP","floor":48}],"player_experience":109088,"relics_obtained":[{"floor":6.0,"key":"Pocketwatch"},{"floor":9.0,"key":"Centennial Puzzle"},{"floor":14,"key":"PreservedInsect"},{"floor":24,"key":"Pantograph"},{"floor":26,"key":"Tough Bandages"},{"floor":31,"key":"Ancient Tea Set"},{"floor":43,"key":"Frozen Egg 2"}],"event_choices":[{"damage_healed":0.0,"max_hp_gain":0.0,"max_hp_loss":0.0,"gold_gain":0.0,"event_name":"Living Wall","player_choice":"Grow","floor":3.0,"gold_loss":0.0,"damage_taken":0.0,"cards_upgraded":["Neutralize"]},{"damage_healed":0.0,"max_hp_gain":0.0,"max_hp_loss":0.0,"gold_gain":0.0,"event_name":"World of Goop","player_choice":"Left Gold","floor":10.0,"gold_loss":33.0,"damage_taken":0.0},{"damage_healed":23,"gold_gain":0,"player_choice":"Heal","damage_taken":0,"max_hp_gain":0,"max_hp_loss":0,"event_name":"The Library","floor":30,"gold_loss":0},{"damage_healed":0,"gold_gain":0,"cards_transformed":["Strike_G"],"player_choice":"Transformed","damage_taken":0,"max_hp_gain":0,"max_hp_loss":0,"event_name":"Transmorgrifier","floor":37,"gold_loss":0,"cards_obtained":["Poisoned Stab"]},{"damage_healed":0,"gold_gain":0,"player_choice":"Ignored","damage_taken":0,"max_hp_gain":0,"max_hp_loss":0,"event_name":"Mysterious Sphere","floor":47,"gold_loss":0}],"is_beta":false,"boss_relics":[{"not_picked":["Runic Dome","Ring of the Serpent"],"picked":"Snecko Eye"},{"not_picked":["Philosopher\u0027s Stone","HoveringKite"],"picked":"Eternal Feather"}],"items_purged_floors":[11,19],"is_endless":false,"potions_floor_spawned":[5,7,13,18,20,31,33,38,41,42,45],"ascension_level":1}