{"gold_per_floor":[114,114,63,77,95,95,125,135,135,135,167,182,182,198,198,275,275,289,372,86,136,136,161,161,187,241,272,292,302,328,347,347,418,418,435,455,474,202,212,245,245,273,349,51,51,51,65,100,100,100,100,100,100,43,71,71],"floor_reached":57,"playtime":2096,"items_purged":["Strike_G","Riddle With Holes+1"],"score":3764,"play_id":"ad8d49fd-d544-435c-bf54-e23768d80297","local_time":"20190807094556","is_ascension_mode":true,"campfire_choices":[{"data":"Acrobatics","floor":6.0,"key":"SMITH"},{"data":"Expertise","floor":10.0,"key":"SMITH"},{"data":"Well Laid Plans","floor":13.0,"key":"SMITH"},{"data":"Neutralize","floor":15.0,"key":"SMITH"},{"data":"Grand Finale","floor":24.0,"key":"SMITH"},{"data":"Acrobatics","floor":32.0,"key":"SMITH"},{"data":"Adrenaline","floor":41.0,"key":"SMITH"},{"data":"Tactician","floor":45.0,"key":"SMITH"},{"floor":49,"key":"RECALL"},{"data":"Reflex","floor":53,"key":"SMITH"}],"neow_cost":"CURSE","seed_source_timestamp":75045221236289,"circlet_count":0,"master_deck":["AscendersBane","Defend_G","Defend_G","Defend_G","Defend_G","Defend_G","Survivor","Neutralize+1","Grand Finale+1","Acrobatics+1","Acrobatics+1","Well Laid Plans+1","Expertise+1","Adrenaline+1","Expertise+1","Malaise+1","Tactician+1","Reflex+1"],"special_seed":0,"relics":["Ring of the Snake","Paper Crane","Black Star","Tiny Chest","Medical Kit","Juzu Bracelet","PreservedInsect","Art of War","Dodecahedron","Blood Vial","Blue Candle","Regal Pillow","Dream Catcher","Shuriken","Astrolabe","Lantern","Snake Skull","Kunai","Sundial","Strawberry","Question Card","TheAbacus","Centennial Puzzle","Happy Flower","Pen Nib","Mummified Hand"],"potions_floor_usage":[56,56],"damage_taken":[{"damage":0.0,"enemies":"2 Louse","floor":1.0,"turns":3.0},{"damage":0.0,"enemies":"Cultist","floor":4.0,"turns":4.0},{"damage":0.0,"enemies":"Jaw Worm","floor":5.0,"turns":6.0},{"damage":0.0,"enemies":"Gremlin Nob","floor":7.0,"turns":2.0},{"damage":0.0,"enemies":"Gremlin Gang","floor":8.0,"turns":2.0},{"damage":0.0,"enemies":"3 Sentries","floor":11.0,"turns":1.0},{"damage":0.0,"enemies":"Blue Slaver","floor":12.0,"turns":3.0},{"damage":0.0,"enemies":"Exordium Wildlife","floor":14.0,"turns":2.0},{"damage":0.0,"enemies":"The Guardian","floor":16.0,"turns":6.0},{"damage":0.0,"enemies":"Chosen","floor":18.0,"turns":4.0},{"damage":0.0,"enemies":"2 Thieves","floor":22.0,"turns":1.0},{"damage":8.0,"enemies":"Gremlin Leader","floor":23.0,"turns":5.0},{"damage":0.0,"enemies":"Book of Stabbing","floor":25.0,"turns":3.0},{"damage":0.0,"enemies":"Gremlin Leader","floor":27.0,"turns":3.0},{"damage":12.0,"enemies":"Snake Plant","floor":28.0,"turns":4.0},{"damage":0.0,"enemies":"3 Cultists","floor":29.0,"turns":2.0},{"damage":0.0,"enemies":"Book of Stabbing","floor":30.0,"turns":2.0},{"damage":19.0,"enemies":"Shelled Parasite and Fungi","floor":31.0,"turns":4.0},{"damage":6.0,"enemies":"Automaton","floor":33.0,"turns":6.0},{"damage":1.0,"enemies":"3 Darklings","floor":35.0,"turns":2.0},{"damage":0.0,"enemies":"3 Shapes","floor":36.0,"turns":2.0},{"damage":2.0,"enemies":"Jaw Worm Horde","floor":37.0,"turns":2.0},{"damage":15.0,"enemies":"Maw","floor":39.0,"turns":7.0},{"damage":1.0,"enemies":"Reptomancer","floor":40.0,"turns":2.0},{"damage":2.0,"enemies":"Giant Head","floor":42.0,"turns":5.0},{"damage":0.0,"enemies":"Writhing Mass","floor":47.0,"turns":3.0},{"damage":1,"enemies":"Nemesis","floor":48,"turns":3},{"damage":0,"enemies":"Donu and Deca","floor":50,"turns":3},{"damage":1,"enemies":"Awakened One","floor":51,"turns":6},{"damage":1,"enemies":"Shield and Spear","floor":55,"turns":3},{"damage":43,"enemies":"The Heart","floor":56,"turns":7}],"seed_played":"75723561395737862","potions_obtained":[{"floor":1.0,"key":"Poison Potion"},{"floor":4.0,"key":"Explosive Potion"},{"floor":8.0,"key":"Swift Potion"},{"floor":12.0,"key":"Energy Potion"},{"floor":14.0,"key":"SmokeBomb"},{"floor":23.0,"key":"FearPotion"},{"floor":27.0,"key":"LiquidBronze"},{"floor":28.0,"key":"GhostInAJar"},{"floor":35.0,"key":"Poison Potion"}],"is_trial":false,"path_per_floor":["M","?","$","M","M","R","E","M","T","R","E","M","R","M","R","B",null,"M","T","$","?","M","E","R","E","T","E","M","M","E","M","R","B",null,"M","M","M","$","M","E","R","E","T","$","R","$","M","E","R","B","B",null,"R","$","E","B",null],"character_chosen":"THE_SILENT","items_purchased":["Acrobatics","Medical Kit","Lantern","TheAbacus","Tactician","PowerPotion"],"campfire_rested":0,"item_purchase_floors":[3,20,38,44,44,54],"current_hp_per_floor":[59,59,59,59,59,59,59,59,59,59,59,59,59,59,59,59,64,64,64,64,64,64,56,56,56,56,58,48,50,52,35,35,31,57,58,60,60,60,47,48,48,55,55,55,55,55,57,58,58,60,61,70,70,70,71,30],"gold":71,"neow_bonus":"TRANSFORM_TWO_CARDS","is_prod":false,"is_daily":false,"chose_seed":false,"campfire_upgraded":9,"win_rate":0,"timestamp":1565138756,"path_taken":["M","?","$","M","?","R","E","M","T","R","E","M","R","M","R","BOSS","M","?","$","?","M","E","R","E","T","E","M","M","E","M","R","BOSS","M","M","M","$","M","E","R","E","T","$","R","$","M","E","R","BOSS","BOSS","R","$","E","BOSS"],"build_version":"2019-07-17","purchased_purges":2,"victory":true,"max_hp_per_floor":[66,66,66,66,66,66,66,66,66,66,66,66,66,66,66,66,66,66,66,66,66,66,66,66,66,66,66,66,66,66,66,66,66,66,66,66,66,66,66,66,66,73,73,73,73,73,73,73,73,73,73,73,73,73,73,73],"card_choices":[{"not_picked":["Setup","Quick Slash","Outmaneuver"],"picked":"SKIP","floor":1.0},{"not_picked":["Noxious Fumes","Deflect"],"picked":"Acrobatics","floor":4.0},{"not_picked":["Prepared","PiercingWail"],"picked":"Well Laid Plans","floor":5.0},{"not_picked":["Eviscerate","Slice"],"picked":"Expertise","floor":7.0},{"not_picked":["Prepared","Quick Slash","Flying Knee"],"picked":"SKIP","floor":8.0},{"not_picked":["Cloak And Dagger","Venomology","Deadly Poison"],"picked":"SKIP","floor":11.0},{"not_picked":["Blade Dance","Deflect","Dodge and Roll"],"picked":"SKIP","floor":12.0},{"not_picked":["Acrobatics","Poisoned Stab","Deflect"],"picked":"SKIP","floor":14.0},{"not_picked":["Deadly Poison","Acrobatics","Catalyst"],"picked":"SKIP","floor":18.0},{"not_picked":["Deflect","Finisher","Eviscerate+1"],"picked":"SKIP","floor":23.0},{"not_picked":["Poisoned Stab+1","Malaise","Dagger Throw"],"picked":"SKIP","floor":25.0},{"not_picked":["Catalyst","Cloak And Dagger","Flechettes"],"picked":"SKIP","floor":27.0},{"not_picked":["Flying Knee","Blade Dance","A Thousand Cuts"],"picked":"SKIP","floor":28.0},{"not_picked":["Acrobatics","Heel Hook","Quick Slash"],"picked":"SKIP","floor":29.0},{"not_picked":["Blade Dance","Endless Agony","Catalyst+1"],"picked":"SKIP","floor":30.0},{"not_picked":["Deadly Poison","PiercingWail","Deflect"],"picked":"SKIP","floor":31.0},{"not_picked":["Grand Finale","Bullet Time"],"picked":"Adrenaline","floor":33.0},{"not_picked":["Poisoned Stab","Crippling Poison","Cloak And Dagger+1"],"picked":"SKIP","floor":35.0},{"not_picked":["Bane","Poisoned Stab","Distraction"],"picked":"SKIP","floor":36.0},{"not_picked":["PiercingWail+1","Underhanded Strike","Outmaneuver"],"picked":"SKIP","floor":37.0},{"not_picked":["Sucker Punch","Poisoned Stab","Catalyst"],"picked":"SKIP","floor":39.0},{"not_picked":["Expertise","Dash+1","Distraction"],"picked":"SKIP","floor":40.0},{"not_picked":["Backflip","Malaise","Die Die Die"],"picked":"SKIP","floor":42.0},{"not_picked":["Cloak And Dagger","Dagger Spray+1","Poisoned Stab"],"picked":"Reflex","floor":47.0},{"not_picked":["Slice","Blade Dance","Deflect","Outmaneuver+1"],"picked":"SKIP","floor":48},{"not_picked":["Deflect","Leg Sweep","Dagger Spray+1","Acrobatics"],"picked":"SKIP","floor":55}],"player_experience":800299,"relics_obtained":[{"floor":11.0,"key":"Paper Crane"},{"floor":19.0,"key":"Tiny Chest"},{"floor":23.0,"key":"Juzu Bracelet"},{"floor":23.0,"key":"PreservedInsect"},{"floor":25.0,"key":"Art of War"},{"floor":25.0,"key":"Dodecahedron"},{"floor":26.0,"key":"Blood Vial"},{"floor":27.0,"key":"Blue Candle"},{"floor":27.0,"key":"Regal Pillow"},{"floor":30.0,"key":"Dream Catcher"},{"floor":30.0,"key":"Shuriken"},{"floor":40.0,"key":"Snake Skull"},{"floor":40.0,"key":"Kunai"},{"floor":42.0,"key":"Sundial"},{"floor":42.0,"key":"Strawberry"},{"floor":43.0,"key":"Question Card"},{"floor":48,"key":"Centennial Puzzle"},{"floor":48,"key":"Happy Flower"},{"floor":55,"key":"Pen Nib"},{"floor":55,"key":"Mummified Hand"}],"event_choices":[{"cards_removed":["Injury"],"damage_healed":0.0,"max_hp_gain":0.0,"max_hp_loss":0.0,"gold_gain":0.0,"event_name":"Purifier","player_choice":"Purged","floor":2.0,"gold_loss":0.0,"damage_taken":0.0},{"damage_healed":0.0,"max_hp_gain":0.0,"max_hp_loss":0.0,"gold_gain":100.0,"event_name":"The Joust","player_choice":"Bet on Murderer","floor":21.0,"gold_loss":50.0,"damage_taken":0.0}],"is_beta":false,"boss_relics":[{"not_picked":["Ring of the Serpent","Sozu"],"picked":"Black Star"},{"not_picked":["Runic Pyramid","Tiny House"],"picked":"Astrolabe"}],"items_purged_floors":[20,38],"is_endless":false,"potions_floor_spawned":[1,4,8,12,14,23,27,28,35,36,47,48,55],"ascension_level":20}