{"gold_per_floor":[114,134,134,150,75,133,152,152,152,152,231,231,246,279,279,405,405],"floor_reached":17,"playtime":1322,"items_purged":["Defend_Br"],"score":165,"play_id":"7fd5a4aa-6315-4909-bf74-84d04c64aaa5","local_time":"20190730072936","is_ascension_mode":false,"campfire_choices":[{"floor":10,"key":"REST"},{"floor":15,"key":"REST"}],"neow_cost":"NONE","seed_source_timestamp":13854718099514,"circlet_count":0,"master_deck":["Strike_Br","Strike_Br","Strike_Br","Strike_Br","Defend_Br","Defend_Br+1","SecondHand","PatternShift","ReapSow","AlternateTimeline+1","AlternateTimeline","LockedPlans","WindUp","Analog+1","TickedOff+1","Accruing","MasterKey+1"],"relics":["Chronometer","NeowsBlessing","Tiny Chest","Golden Idol","Regal Pillow","Toxic Egg 2","War Paint","Bag of Preparation","Ectoplasm"],"potions_floor_usage":[11,13,13,13],"damage_taken":[{"damage":0,"enemies":"Cultist","floor":1,"turns":1},{"damage":0,"enemies":"2 Louse","floor":2,"turns":1},{"damage":0,"enemies":"Small Slimes","floor":4,"turns":1},{"damage":38,"enemies":"3 Sentries","floor":6,"turns":10},{"damage":7,"enemies":"2 Fungi Beasts","floor":7,"turns":3},{"damage":16,"enemies":"Gremlin Nob","floor":11,"turns":4},{"damage":0,"enemies":"Large Slime","floor":13,"turns":6},{"damage":36,"enemies":"Gremlin Nob","floor":14,"turns":6},{"damage":29,"enemies":"Slime Boss","floor":16,"turns":12}],"seed_played":"-5552940993235958544","potions_obtained":[{"floor":4,"key":"PowerPotion"},{"floor":6,"key":"Regen Potion"},{"floor":7,"key":"Explosive Potion"},{"floor":11,"key":"Block Potion"},{"floor":13,"key":"Swift Potion"}],"is_trial":false,"path_per_floor":["M","M","?","M","$","E","M","?","T","R","?","T","M","E","R","B",null],"character_chosen":"CHRONO_CLASS","items_purchased":[],"campfire_rested":2,"item_purchase_floors":[],"current_hp_per_floor":[65,65,58,58,58,20,13,13,13,46,30,30,44,8,41,12,60],"gold":405,"neow_bonus":"THREE_ENEMY_KILL","is_prod":false,"is_daily":false,"chose_seed":false,"campfire_upgraded":0,"win_rate":0.0,"timestamp":1564439376,"path_taken":["M","?","?","M","$","E","M","?","T","R","?","?","M","E","R","BOSS"],"build_version":"2019-07-17","purchased_purges":1,"victory":false,"max_hp_per_floor":[65,65,65,65,65,65,65,60,60,60,60,60,60,60,60,60,60],"card_choices":[{"not_picked":["LockedTurtyl","LockedAnchor"],"picked":"ReapSow","floor":1},{"not_picked":["LockedMedicine","TickedOff"],"picked":"AlternateTimeline","floor":2},{"not_picked":["BiteCommand","ReapSow"],"picked":"AlternateTimeline","floor":4},{"not_picked":["MasterKey","LockedTornado"],"picked":"LockedPlans","floor":6},{"not_picked":["WakeUpCall","TiringSlam"],"picked":"WindUp","floor":7},{"not_picked":["LockedScales","ResonantCall"],"picked":"Analog","floor":11},{"not_picked":["BiteCommand","LockedBlood"],"picked":"TickedOff+1","floor":13},{"not_picked":["LockedTornado","ExoVibe+1"],"picked":"Accruing","floor":14},{"not_picked":["LockedFlame","Fragmentalize"],"picked":"MasterKey+1","floor":16}],"player_experience":186885,"relics_obtained":[{"floor":6,"key":"Tiny Chest"},{"floor":9,"key":"Regal Pillow"},{"floor":11,"key":"Toxic Egg 2"},{"floor":12,"key":"War Paint"},{"floor":14,"key":"Bag of Preparation"}],"event_choices":[{"cards_removed":["Defend_Br"],"damage_healed":0,"gold_gain":0,"player_choice":"Card Removal","damage_taken":7,"max_hp_gain":0,"max_hp_loss":0,"event_name":"Golden Wing","floor":3,"gold_loss":0},{"damage_healed":0,"gold_gain":0,"player_choice":"Lose Max HP","damage_taken":0,"relics_obtained":["Golden Idol"],"max_hp_gain":0,"max_hp_loss":5,"event_name":"Golden Idol","floor":8,"gold_loss":0},{"damage_healed":0,"gold_gain":0,"player_choice":"Searched \u00271\u0027 times","damage_taken":0,"max_hp_gain":0,"max_hp_loss":0,"event_name":"Dead Adventurer","floor":11,"gold_loss":0}],"is_beta":false,"boss_relics":[{"not_picked":["Fusion Hammer","Snecko Eye"],"picked":"Ectoplasm"}],"items_purged_floors":[5],"is_endless":false,"potions_floor_spawned":[4,6,7,11,13],"ascension_level":0}