{"gold_per_floor":[111,126,136,136,54,85,110,110,110,141,66,66,31,69,69,189,189,208,208,208,231,254,254,270,270,270,284,284,199,199],"floor_reached":30,"playtime":1383,"items_purged":[],"score":273,"play_id":"3f30fd83-3b12-4e0d-989d-3dff0d8b4ae0","local_time":"20190811015457","is_ascension_mode":false,"campfire_choices":[{"floor":8,"key":"REST"},{"floor":12,"key":"REST"},{"data":"Uppercut","floor":15,"key":"SMITH"},{"data":"True Grit","floor":23,"key":"SMITH"},{"floor":25,"key":"REST"},{"floor":28,"key":"REST"}],"neow_cost":"NONE","seed_source_timestamp":91452877611408,"circlet_count":0,"master_deck":["Defend_R","Defend_R","Defend_R","Defend_R","Bash","Fiend Fire","Cleave","Uppercut+1","Spot Weakness","Seeing Red","Seeing Red","Impervious","Shrug It Off","Demon Form","Heavy Blade+1","Feed+1","Brutality+1","Demon Form+1","Ghostly Armor+1","Bite+1","Bite+1","Bite+1","Bite+1","Bite+1","Sentinel+1","True Grit+1","Iron Wave+1","Fiend Fire+1"],"relics":["Burning Blood","Golden Idol","Paper Frog","Matryoshka","Molten Egg 2","Anchor","Astrolabe","Question Card","Ginger","Centennial Puzzle"],"potions_floor_usage":[10,18,18,27],"damage_taken":[{"damage":1,"enemies":"Cultist","floor":1,"turns":3},{"damage":0,"enemies":"Small Slimes","floor":2,"turns":2},{"damage":1,"enemies":"Jaw Worm","floor":3,"turns":3},{"damage":39,"enemies":"Lagavulin","floor":6,"turns":6},{"damage":0,"enemies":"2 Fungi Beasts","floor":7,"turns":2},{"damage":30,"enemies":"Gremlin Nob","floor":10,"turns":4},{"damage":18,"enemies":"Lagavulin","floor":14,"turns":5},{"damage":29,"enemies":"Slime Boss","floor":16,"turns":7},{"damage":47,"enemies":"2 Thieves","floor":18,"turns":5},{"damage":28,"enemies":"Shell Parasite","floor":21,"turns":5},{"damage":7,"enemies":"Centurion and Healer","floor":22,"turns":8},{"damage":40,"enemies":"Cultist and Chosen","floor":24,"turns":8},{"damage":48,"enemies":"Snake Plant","floor":27,"turns":6},{"damage":71,"enemies":"3 Cultists","floor":30,"turns":7}],"seed_played":"-6569002923510676916","potions_obtained":[{"floor":7,"key":"AttackPotion"},{"floor":10,"key":"SteroidPotion"},{"floor":14,"key":"FearPotion"},{"floor":24,"key":"Dexterity Potion"}],"is_trial":false,"path_per_floor":["M","M","M","?","$","E","M","R","T","E","$","R","?","E","R","B",null,"M","?","?","M","M","R","M","R","T","M","R","?","M"],"character_chosen":"IRONCLAD","items_purchased":["Seeing Red","Demon Form"],"campfire_rested":4,"item_purchase_floors":[5,11],"current_hp_per_floor":[80,80,80,60,60,27,33,57,57,33,33,57,77,65,65,42,80,39,39,39,32,49,49,36,52,52,22,38,38,0],"gold":199,"neow_bonus":"ONE_RANDOM_RARE_CARD","is_prod":false,"is_daily":false,"chose_seed":false,"campfire_upgraded":2,"win_rate":0,"timestamp":1565502897,"path_taken":["M","M","M","?","$","E","M","R","T","E","$","R","?","E","R","BOSS","M","?","?","M","M","R","?","R","T","M","R","?","M"],"build_version":"2019-07-17","purchased_purges":0,"victory":false,"max_hp_per_floor":[80,80,80,80,80,80,80,80,80,80,80,80,80,80,80,80,80,80,80,56,56,56,56,56,56,56,56,56,56,56],"card_choices":[{"not_picked":["Clash","Sword Boomerang"],"picked":"Cleave","floor":1},{"not_picked":["Clash","Twin Strike"],"picked":"Uppercut","floor":2},{"not_picked":["Infernal Blade","Iron Wave"],"picked":"Spot Weakness","floor":3},{"not_picked":["Hemokinesis","Rampage"],"picked":"Seeing Red","floor":6},{"not_picked":["Flex","Clash"],"picked":"Impervious","floor":7},{"not_picked":["Pommel Strike","Power Through"],"picked":"Shrug It Off","floor":10},{"not_picked":["Hemokinesis+1","Havoc"],"picked":"Heavy Blade+1","floor":14},{"not_picked":["Berserk","Juggernaut"],"picked":"Feed+1","floor":16},{"not_picked":["Rampage+1","Armaments","Searing Blow+1"],"picked":"SKIP","floor":18},{"not_picked":["Warcry","Perfected Strike+1"],"picked":"Sentinel+1","floor":21},{"not_picked":["Evolve","Infernal Blade+1"],"picked":"True Grit","floor":22},{"not_picked":["Intimidate+1","Flex"],"picked":"Iron Wave+1","floor":24},{"not_picked":["Flex","True Grit+1","Wild Strike+1"],"picked":"Fiend Fire+1","floor":27}],"player_experience":97320,"relics_obtained":[{"floor":6,"key":"Paper Frog"},{"floor":9,"key":"Matryoshka"},{"floor":10,"key":"Molten Egg 2"},{"floor":14,"key":"Anchor"},{"floor":26,"key":"Question Card"},{"floor":26,"key":"Ginger"}],"event_choices":[{"damage_healed":0,"gold_gain":0,"player_choice":"Take Damage","damage_taken":20,"relics_obtained":["Golden Idol"],"max_hp_gain":0,"max_hp_loss":0,"event_name":"Golden Idol","floor":4,"gold_loss":0},{"damage_healed":20,"gold_gain":0,"player_choice":"Healed","damage_taken":0,"max_hp_gain":0,"max_hp_loss":0,"event_name":"The Cleric","floor":13,"gold_loss":35},{"damage_healed":0,"gold_gain":0,"player_choice":"Ignored","damage_taken":0,"max_hp_gain":0,"max_hp_loss":0,"event_name":"Cursed Tome","floor":19,"gold_loss":0},{"damage_healed":0,"gold_gain":0,"player_choice":"Became a vampire","damage_taken":0,"max_hp_gain":0,"max_hp_loss":24,"event_name":"Vampires","floor":20,"gold_loss":0,"cards_obtained":["Bite","Bite","Bite","Bite","Bite"]},{"damage_healed":0,"gold_gain":0,"player_choice":"Obtained Relic","damage_taken":0,"relics_obtained":["Centennial Puzzle"],"max_hp_gain":0,"max_hp_loss":0,"event_name":"Addict","floor":29,"gold_loss":85}],"is_beta":false,"boss_relics":[{"not_picked":["Philosopher\u0027s Stone","Snecko Eye"],"picked":"Astrolabe"}],"items_purged_floors":[],"is_endless":false,"potions_floor_spawned":[7,10,14,24],"killed_by":"3 Cultists","ascension_level":0}