{"gold_per_floor":[111,111,125,1,1,34,34,48,73,73,104,118,147,147,147,244,244,258,16,16,115,133,160,184,219,219,219],"floor_reached":27,"playtime":3908,"items_purged":["Strike_B"],"score":307,"play_id":"250d1a2b-ca90-49b1-8c74-d4dcb6ade5d0","local_time":"20190809215327","is_ascension_mode":true,"campfire_choices":[{"data":"Loop","floor":7,"key":"SMITH"},{"data":"Glacier","floor":10,"key":"SMITH"},{"data":"Electrodynamics","floor":15,"key":"SMITH"}],"neow_cost":"NONE","seed_source_timestamp":0,"circlet_count":0,"master_deck":["Strike_B","Strike_B+1","Strike_B","Defend_B","Defend_B","Defend_B","Zap","Dualcast","Chill","Loop+1","Hologram","Glacier+1","Electrodynamics+1","Compile Driver+1","Genetic Algorithm","Echo Form","Coolheaded","Storm","Self Repair","Normality","Hologram","Decay"],"special_seed":0,"relics":["Coffee Dripper","Lantern","Regal Pillow","Bag of Preparation","Happy Flower","Dream Catcher","Cursed Key","Strawberry","Prayer Wheel","Ancient Tea Set","Whetstone","Ginger"],"potions_floor_usage":[27],"damage_taken":[{"damage":6.0,"enemies":"Jaw Worm","floor":1.0,"turns":4.0},{"damage":0.0,"enemies":"2 Louse","floor":3.0,"turns":4.0},{"damage":16.0,"enemies":"3 Sentries","floor":6.0,"turns":8.0},{"damage":0,"enemies":"Small Slimes","floor":8,"turns":2},{"damage":0,"enemies":"Lagavulin","floor":11,"turns":9},{"damage":2,"enemies":"Blue Slaver","floor":12,"turns":3},{"damage":15,"enemies":"Gremlin Nob","floor":13,"turns":3},{"damage":26,"enemies":"The Guardian","floor":16,"turns":15},{"damage":4,"enemies":"Chosen","floor":18,"turns":4},{"damage":10,"enemies":"2 Thieves","floor":22,"turns":2},{"damage":12,"enemies":"Book of Stabbing","floor":23,"turns":8},{"damage":32,"enemies":"Slavers","floor":25,"turns":5},{"damage":48,"enemies":"Book of Stabbing","floor":27,"turns":7}],"seed_played":"-4810807674886517105","potions_obtained":[{"floor":6,"key":"PowerPotion"},{"floor":16,"key":"EssenceOfSteel"},{"floor":18,"key":"Weak Potion"},{"floor":23,"key":"PowerPotion"},{"floor":25,"key":"AttackPotion"}],"is_trial":false,"path_per_floor":["M","?","M","$","?","E","R","M","T","R","E","M","E","?","R","B",null,"M","$","?","?","M","E","T","E","T","E"],"character_chosen":"DEFECT","items_purchased":["Hologram","Coolheaded","Storm","Strawberry"],"campfire_rested":0,"item_purchase_floors":[4,19,19,19],"current_hp_per_floor":[69,69,69,69,66,50,50,50,50,50,50,48,33,33,33,7,75,71,78,78,78,68,70,70,45,45,0],"gold":219,"neow_bonus":"BOSS_RELIC","is_prod":false,"is_daily":false,"chose_seed":false,"campfire_upgraded":3,"win_rate":0,"timestamp":1565402007,"path_taken":["M","?","M","$","?","E","R","M","T","R","E","M","E","?","R","BOSS","M","$","?","?","M","E","?","E","T","E"],"build_version":"2019-07-17","purchased_purges":1,"victory":false,"max_hp_per_floor":[75,75,75,75,75,75,75,75,75,75,75,75,75,75,75,75,75,75,82,82,82,82,82,82,82,82,82],"card_choices":[{"not_picked":["Redo","Coolheaded"],"picked":"Chill","floor":1.0},{"not_picked":["Go for the Eyes","Cold Snap"],"picked":"Loop","floor":3.0},{"not_picked":["Streamline","Hologram","Amplify"],"picked":"SKIP","floor":6},{"not_picked":["Stack","Storm"],"picked":"Glacier","floor":8},{"not_picked":["Scrape","Rainbow"],"picked":"Electrodynamics","floor":11},{"not_picked":["Conserve Battery","Rip and Tear"],"picked":"Compile Driver","floor":12},{"not_picked":["Thunder Strike","Conserve Battery"],"picked":"Genetic Algorithm","floor":13},{"not_picked":["Fission","Buffer"],"picked":"Echo Form","floor":16},{"not_picked":["Auto Shields","Redo","Gash+1"],"picked":"SKIP","floor":18},{"not_picked":["Skim","Leap"],"picked":"Self Repair","floor":22},{"not_picked":["Doom and Gloom+1","Redo","Melter"],"picked":"SKIP","floor":23},{"not_picked":["Gash+1","Rebound"],"picked":"Hologram","floor":25}],"player_experience":96742,"relics_obtained":[{"floor":6,"key":"Regal Pillow"},{"floor":9,"key":"Bag of Preparation"},{"floor":11,"key":"Happy Flower"},{"floor":13,"key":"Dream Catcher"},{"floor":23,"key":"Prayer Wheel"},{"floor":24,"key":"Ancient Tea Set"},{"floor":25,"key":"Whetstone"},{"floor":26,"key":"Ginger"}],"event_choices":[{"damage_healed":0.0,"max_hp_gain":0.0,"max_hp_loss":0.0,"gold_gain":0.0,"event_name":"The Cleric","player_choice":"Leave","floor":2.0,"gold_loss":0.0,"damage_taken":0.0},{"damage_healed":0.0,"max_hp_gain":0.0,"max_hp_loss":0.0,"gold_gain":0.0,"event_name":"Scrap Ooze","player_choice":"Success","floor":5.0,"gold_loss":0.0,"damage_taken":3.0,"relics_obtained":["Lantern"]},{"cards_removed":["Defend_B"],"damage_healed":0,"gold_gain":0,"player_choice":"Forget","damage_taken":0,"max_hp_gain":0,"max_hp_loss":0,"event_name":"Living Wall","floor":14,"gold_loss":0},{"damage_healed":0,"gold_gain":99,"player_choice":"Stole From Cult","damage_taken":0,"max_hp_gain":0,"max_hp_loss":0,"event_name":"Nest","floor":21,"gold_loss":0}],"is_beta":false,"boss_relics":[{"not_picked":["Nuclear Battery","Busted Crown"],"picked":"Cursed Key"}],"items_purged_floors":[4],"is_endless":false,"potions_floor_spawned":[6,16,18,23,25],"killed_by":"Book of Stabbing","ascension_level":1}