{"gold_per_floor":[116,126,74,74,35,66,41,41,118,136,164,181,181,216,216,216],"floor_reached":16,"playtime":373,"items_purged":[],"score":286,"play_id":"1fecad4e-0765-4ef0-934b-90b9af8930a4","local_time":"20190712231007","is_ascension_mode":true,"campfire_choices":[{"data":"Recycle","floor":8,"key":"SMITH"},{"floor":15,"key":"REST"}],"neow_cost":"NONE","seed_source_timestamp":9155020863970,"circlet_count":0,"master_deck":["AscendersBane","Strike_B","Strike_B","Strike_B","Defend_B","Defend_B","Defend_B","Defend_B","Zap","Dualcast","Sweeping Beam","Leap","Sweeping Beam","Self Repair","Recycle+1","Gash","Genetic Algorithm","Beam Cell+1","Beam Cell+1"],"relics":["Cracked Core","NeowsBlessing","GremlinMask","Shuriken","Molten Egg 2","Sundial","Bird Faced Urn"],"potions_floor_usage":[14,16],"damage_taken":[{"damage":0,"enemies":"Cultist","floor":1,"turns":1},{"damage":0,"enemies":"2 Louse","floor":2,"turns":1},{"damage":0,"enemies":"3 Sentries","floor":6,"turns":1},{"damage":2,"enemies":"Jaw Worm","floor":10,"turns":4},{"damage":31,"enemies":"Lagavulin","floor":11,"turns":8},{"damage":11,"enemies":"Looter","floor":12,"turns":3},{"damage":27,"enemies":"3 Sentries","floor":14,"turns":7},{"damage":43,"enemies":"Slime Boss","floor":16,"turns":6}],"seed_played":"-5324871965043630736","potions_obtained":[{"floor":11,"key":"FocusPotion"},{"floor":14,"key":"Strength Potion"}],"is_trial":false,"path_per_floor":["M","M","$","?","$","E","$","R","T","M","E","M","?","E","R","B"],"character_chosen":"DEFECT","items_purchased":["Sweeping Beam","Self Repair","Gash"],"campfire_rested":1,"item_purchase_floors":[3,5,7],"current_hp_per_floor":[64,64,64,64,64,71,71,71,71,71,47,36,36,16,37,0],"gold":216,"neow_bonus":"THREE_ENEMY_KILL","is_prod":false,"is_daily":false,"chose_seed":false,"campfire_upgraded":1,"win_rate":0,"timestamp":1562965807,"path_taken":["M","M","$","?","?","E","$","R","T","M","E","M","?","E","R","BOSS"],"build_version":"2019-07-10","purchased_purges":0,"victory":false,"max_hp_per_floor":[71,71,71,71,71,71,71,71,71,71,71,71,71,71,71,71],"card_choices":[{"not_picked":["Compile Driver","Steam Power"],"picked":"Sweeping Beam","floor":1},{"not_picked":["Compile Driver","Go for the Eyes"],"picked":"Leap","floor":2},{"not_picked":["Hello World","Leap"],"picked":"Recycle","floor":6},{"not_picked":["Steam","Rip and Tear+1"],"picked":"Genetic Algorithm","floor":10},{"not_picked":["Force Field","Turbo"],"picked":"Beam Cell+1","floor":11},{"not_picked":["Heatsinks","Creative AI"],"picked":"Beam Cell+1","floor":12},{"not_picked":["Streamline+1","Steam Power","Steam"],"picked":"SKIP","floor":14}],"player_experience":1844835,"relics_obtained":[{"floor":6,"key":"Shuriken"},{"floor":9,"key":"Molten Egg 2"},{"floor":11,"key":"Sundial"},{"floor":14,"key":"Bird Faced Urn"}],"event_choices":[{"damage_healed":0,"gold_gain":0,"player_choice":"Trade","damage_taken":0,"relics_obtained":["GremlinMask"],"max_hp_gain":0,"max_hp_loss":0,"event_name":"FaceTrader","floor":4,"gold_loss":0},{"cards_removed":["Strike_B"],"damage_healed":0,"gold_gain":0,"player_choice":"Offered Basic","damage_taken":0,"max_hp_gain":0,"max_hp_loss":0,"event_name":"Bonfire Elementals","floor":13,"gold_loss":0}],"is_beta":true,"boss_relics":[],"items_purged_floors":[],"is_endless":false,"potions_floor_spawned":[11,14],"killed_by":"Slime Boss","ascension_level":20}