{"gold_per_floor":[117,133,33,33,33,33,60,60,60,60,60,93,93,107,107,204,204,214,214,214,228,248,279,299,299,322,332,349,361,394,406,406,406],"floor_reached":33,"playtime":1926,"items_purged":["Strike_R"],"score":401,"play_id":"628e52b8-0e3e-4f3f-a068-ed33b02a59e3","local_time":"20190807161612","is_ascension_mode":true,"campfire_choices":[{"data":"Bash","floor":6,"key":"SMITH"},{"data":"Rampage","floor":8,"key":"SMITH"},{"floor":10,"key":"REST"},{"data":"Demon Form","floor":15,"key":"SMITH"},{"data":"Rampage","floor":25,"key":"SMITH"},{"data":"Seeing Red","floor":32,"key":"SMITH"}],"neow_cost":"NONE","seed_source_timestamp":149882947530137,"circlet_count":0,"master_deck":["Strike_R+1","Strike_R+1","Strike_R+1","Strike_R+1","Defend_R+1","Defend_R+1","Defend_R+1","Bash+1","Cleave","Metallicize","Clothesline","Rampage+1","Rampage+1","Demon Form+1","Immolate","Inflame+1","Sword Boomerang+1","Sword Boomerang+1","Seeing Red+1","Dual Wield","Cleave+1","Twin Strike+1"],"relics":["Burning Blood","Lantern","Darkstone Periapt","Anchor","Art of War","Kunai","Black Star","Ice Cream","Molten Egg 2","Regal Pillow","Pantograph","Calipers"],"potions_floor_usage":[16,23,27,29,29,31,33],"damage_taken":[{"damage":6,"enemies":"2 Louse","floor":1,"turns":3},{"damage":4,"enemies":"Jaw Worm","floor":2,"turns":4},{"damage":51,"enemies":"3 Sentries","floor":7,"turns":12},{"damage":24,"enemies":"Lagavulin","floor":12,"turns":5},{"damage":0,"enemies":"Small Slimes","floor":14,"turns":3},{"damage":27,"enemies":"Hexaghost","floor":16,"turns":7},{"damage":31,"enemies":"2 Thieves","floor":18,"turns":5},{"damage":0,"enemies":"Chosen","floor":21,"turns":4},{"damage":10,"enemies":"Snake Plant","floor":22,"turns":4},{"damage":22,"enemies":"Slavers","floor":23,"turns":3},{"damage":3,"enemies":"3 Cultists","floor":24,"turns":3},{"damage":34,"enemies":"Sentry and Sphere","floor":27,"turns":5},{"damage":15,"enemies":"Snecko","floor":28,"turns":5},{"damage":14,"enemies":"Centurion and Healer","floor":29,"turns":4},{"damage":18,"enemies":"Gremlin Leader","floor":30,"turns":4},{"damage":0,"enemies":"Chosen and Byrds","floor":31,"turns":3},{"damage":79,"enemies":"Collector","floor":33,"turns":6}],"seed_played":"-2830047481350289439","potions_obtained":[{"floor":2,"key":"BloodPotion"},{"floor":12,"key":"LiquidBronze"},{"floor":16,"key":"BloodPotion"},{"floor":21,"key":"Explosive Potion"},{"floor":24,"key":"Poison Potion"},{"floor":28,"key":"Regen Potion"},{"floor":29,"key":"Fruit Juice"},{"floor":30,"key":"AttackPotion"}],"is_trial":false,"path_per_floor":["M","M","$","?","T","R","E","R","T","R","$","E","$","M","R","B",null,"M","?","?","M","M","E","M","R","T","M","M","M","E","M","R","B"],"character_chosen":"IRONCLAD","items_purchased":["Clothesline"],"campfire_rested":1,"item_purchase_floors":[3],"current_hp_per_floor":[72,74,74,74,74,74,29,29,29,53,53,35,35,41,41,40,70,45,45,71,77,73,57,60,60,60,52,43,52,40,46,46,0],"gold":406,"neow_bonus":"RANDOM_COMMON_RELIC","is_prod":false,"is_daily":false,"chose_seed":false,"campfire_upgraded":5,"win_rate":0,"timestamp":1565219772,"path_taken":["M","M","$","?","?","R","E","R","T","R","?","E","?","M","R","BOSS","M","?","?","M","M","E","M","R","T","M","M","M","E","M","R","BOSS"],"build_version":"2019-07-17","purchased_purges":1,"victory":false,"max_hp_per_floor":[80,80,80,80,80,80,80,80,80,80,80,80,80,80,80,80,80,80,80,80,80,80,80,80,80,80,80,80,85,85,85,85,85],"card_choices":[{"not_picked":["Warcry","Iron Wave"],"picked":"Cleave","floor":1},{"not_picked":["Heavy Blade","Reckless Charge"],"picked":"Metallicize","floor":2},{"not_picked":["Body Slam","Blood for Blood"],"picked":"Rampage","floor":7},{"not_picked":["Ghostly Armor","Thunderclap"],"picked":"Rampage","floor":12},{"not_picked":["Seeing Red","Perfected Strike"],"picked":"Demon Form","floor":14},{"not_picked":["Impervious","Dark Embrace"],"picked":"Immolate","floor":16},{"not_picked":["Body Slam","Anger"],"picked":"Inflame+1","floor":18},{"not_picked":["Corruption","Inflame"],"picked":"Sword Boomerang+1","floor":21},{"not_picked":["Body Slam","Armaments"],"picked":"Sword Boomerang+1","floor":22},{"not_picked":["Hemokinesis","Iron Wave","True Grit"],"picked":"SKIP","floor":23},{"not_picked":["Thunderclap+1","Clash+1","Iron Wave+1"],"picked":"SKIP","floor":24},{"not_picked":["Sword Boomerang+1","Inflame"],"picked":"Seeing Red","floor":27},{"not_picked":["Demon Form","Armaments"],"picked":"Dual Wield","floor":28},{"not_picked":["Corruption","Flex"],"picked":"Cleave+1","floor":29},{"not_picked":["Warcry","Armaments"],"picked":"Twin Strike+1","floor":30},{"not_picked":["Cleave+1","Demon Form","Heavy Blade+1"],"picked":"SKIP","floor":31}],"player_experience":214807,"relics_obtained":[{"floor":5,"key":"Darkstone Periapt"},{"floor":7,"key":"Anchor"},{"floor":9,"key":"Art of War"},{"floor":12,"key":"Kunai"},{"floor":23,"key":"Ice Cream"},{"floor":23,"key":"Molten Egg 2"},{"floor":26,"key":"Regal Pillow"},{"floor":30,"key":"Pantograph"},{"floor":30,"key":"Calipers"}],"event_choices":[{"cards_removed":["Defend_R"],"damage_healed":0,"gold_gain":0,"player_choice":"Forget","damage_taken":0,"max_hp_gain":0,"max_hp_loss":0,"event_name":"Living Wall","floor":4,"gold_loss":0},{"damage_healed":0,"gold_gain":0,"player_choice":"Simplicity","damage_taken":0,"max_hp_gain":0,"max_hp_loss":0,"event_name":"Back to Basics","floor":19,"gold_loss":0,"cards_upgraded":["Strike_R","Strike_R","Strike_R","Strike_R","Defend_R","Defend_R","Defend_R"]},{"damage_healed":26,"gold_gain":0,"player_choice":"Heal","damage_taken":0,"max_hp_gain":0,"max_hp_loss":0,"event_name":"The Library","floor":20,"gold_loss":0}],"is_beta":false,"boss_relics":[{"not_picked":["Lizard Tail","Astrolabe"],"picked":"Black Star"}],"items_purged_floors":[3],"is_endless":false,"potions_floor_spawned":[2,12,16,21,24,28,29,30],"killed_by":"Collector","ascension_level":7}