{"gold_per_floor":[117,127,3,22,22,22,52,81,120,457,480,31,49,60,60,60],"floor_reached":16,"playtime":492,"items_purged":["Strike_B"],"score":228,"play_id":"6cbab518-6f94-4dba-bbb9-9c717bb17966","local_time":"20190712214532","is_ascension_mode":true,"campfire_choices":[{"data":"Sweeping Beam","floor":6,"key":"SMITH"},{"data":"Static Discharge","floor":15,"key":"SMITH"}],"neow_cost":"NONE","seed_source_timestamp":3961777920638,"circlet_count":0,"master_deck":["AscendersBane","Strike_B","Strike_B","Strike_B","Defend_B","Defend_B","Defend_B","Defend_B","Zap","Dualcast","Conserve Battery","Compile Driver","Sweeping Beam+1","Sweeping Beam","Ball Lightning","Seek","Reinforced Body","Static Discharge+1"],"relics":["Cracked Core","NeowsBlessing","Potion Belt","MawBank","Anchor","Old Coin","OrangePellets","Vajra"],"potions_floor_usage":[7,10,10,16,16],"damage_taken":[{"damage":0,"enemies":"Jaw Worm","floor":1,"turns":1},{"damage":0,"enemies":"Cultist","floor":2,"turns":1},{"damage":0,"enemies":"2 Louse","floor":4,"turns":1},{"damage":32,"enemies":"Gremlin Nob","floor":7,"turns":4},{"damage":8,"enemies":"Blue Slaver","floor":8,"turns":4},{"damage":3,"enemies":"3 Sentries","floor":10,"turns":4},{"damage":6,"enemies":"Exordium Thugs","floor":11,"turns":4},{"damage":0,"enemies":"2 Fungi Beasts","floor":13,"turns":2},{"damage":0,"enemies":"Looter","floor":14,"turns":2},{"damage":16,"enemies":"Hexaghost","floor":16,"turns":7}],"seed_played":"375631092659654011","potions_obtained":[{"floor":2,"key":"SteroidPotion"},{"floor":4,"key":"Swift Potion"},{"floor":8,"key":"Energy Potion"},{"floor":10,"key":"SkillPotion"},{"floor":14,"key":"Swift Potion"}],"is_trial":false,"path_per_floor":["M","M","?","M","$","R","E","M","T","E","M","$","M","M","R","B"],"character_chosen":"DEFECT","items_purchased":["OrangePellets","Vajra"],"campfire_rested":0,"item_purchase_floors":[12,12],"current_hp_per_floor":[64,64,64,64,64,64,32,24,24,21,15,15,15,15,15,0],"gold":60,"neow_bonus":"THREE_ENEMY_KILL","is_prod":false,"is_daily":false,"chose_seed":false,"campfire_upgraded":2,"win_rate":0,"timestamp":1562960732,"path_taken":["M","M","?","?","?","R","E","M","T","E","M","$","M","M","R","BOSS"],"build_version":"2019-07-10","purchased_purges":1,"victory":false,"max_hp_per_floor":[71,71,71,71,71,71,71,71,71,71,71,71,71,71,71,71],"card_choices":[{"not_picked":["Recycle","Hologram"],"picked":"Conserve Battery","floor":1},{"not_picked":["Rebound","Stack"],"picked":"Compile Driver","floor":2},{"not_picked":["Beam Cell","Melter"],"picked":"Sweeping Beam","floor":4},{"not_picked":["Redo","Stack","Reprogram"],"picked":"SKIP","floor":7},{"not_picked":["Turbo","Coolheaded"],"picked":"Sweeping Beam","floor":8},{"not_picked":["Force Field","Chill"],"picked":"Ball Lightning","floor":10},{"not_picked":["Beam Cell","Ball Lightning"],"picked":"Seek","floor":11},{"not_picked":["Self Repair","Barrage"],"picked":"Reinforced Body","floor":13},{"not_picked":["Gash","Leap"],"picked":"Static Discharge","floor":14}],"player_experience":1843051,"relics_obtained":[{"floor":7,"key":"MawBank"},{"floor":9,"key":"Anchor"},{"floor":10,"key":"Old Coin"}],"event_choices":[{"damage_healed":0,"gold_gain":0,"player_choice":"Paid Gold","damage_taken":0,"relics_obtained":["Potion Belt"],"max_hp_gain":0,"max_hp_loss":0,"event_name":"WeMeetAgain","floor":3,"gold_loss":124}],"is_beta":true,"boss_relics":[],"items_purged_floors":[12],"is_endless":false,"potions_floor_spawned":[2,4,8,10,14],"killed_by":"Hexaghost","ascension_level":20}