{"gold_per_floor":[118,135,85,85,100,100,116,134,134,144,158,186,186],"floor_reached":13,"playtime":1796,"items_purged":[],"score":89,"play_id":"86191e8e-7f14-4301-8054-5623e3e087a8","local_time":"20190302185146","is_ascension_mode":false,"campfire_choices":[{"data":"Tools of the Trade","floor":6,"key":"SMITH"}],"neow_cost":"NONE","seed_source_timestamp":141481006618439,"circlet_count":0,"master_deck":["Defend_G","Defend_G","Defend_G","Defend_G","Defend_G","Strike_G","Strike_G","Strike_G","Strike_G","Survivor","Neutralize","Backflip","Tactician","Tools of the Trade+1","Flying Knee","Prepared","Dagger Throw","Infinite Blades","Tactician"],"relics":["Ring of the Snake","Dodecahedron","Gremlin Horn","StoneCalendar"],"potions_floor_usage":[12,12,12],"damage_taken":[{"damage":0,"enemies":"Small Slimes","floor":1,"turns":3},{"damage":8,"enemies":"2 Louse","floor":2,"turns":3},{"damage":0,"enemies":"Cultist","floor":5,"turns":5},{"damage":14,"enemies":"Lots of Slimes","floor":7,"turns":8},{"damage":10,"enemies":"Large Slime","floor":8,"turns":9},{"damage":5,"enemies":"2 Fungi Beasts","floor":10,"turns":4},{"damage":9,"enemies":"3 Louse","floor":11,"turns":4},{"damage":16,"enemies":"Gremlin Nob","floor":12,"turns":5},{"damage":11,"enemies":"Red Slaver","floor":13,"turns":4}],"seed_played":"5369541466455570612","potions_obtained":[{"floor":0,"key":"Swift Potion"},{"floor":0,"key":"Swift Potion"},{"floor":0,"key":"EssenceOfSteel"},{"floor":5,"key":"LiquidBronze"},{"floor":7,"key":"SpeedPotion"}],"is_trial":false,"path_per_floor":["M","M","?","?","M","R","M","M","T","M","M","E","M"],"character_chosen":"THE_SILENT","items_purchased":[],"campfire_rested":0,"item_purchase_floors":[],"current_hp_per_floor":[70,62,62,62,62,62,48,38,38,33,24,8,0],"gold":186,"neow_bonus":"THREE_SMALL_POTIONS","is_prod":false,"is_daily":false,"chose_seed":false,"campfire_upgraded":1,"win_rate":0.0,"timestamp":1551581506,"path_taken":["M","M","?","?","M","R","M","M","T","?","M","E","M"],"build_version":"2019-01-23","purchased_purges":0,"victory":false,"max_hp_per_floor":[70,70,70,70,70,70,70,70,70,70,70,70,70],"card_choices":[{"not_picked":["Masterful Stab","Sucker Punch"],"picked":"Backflip","floor":1},{"not_picked":["Prepared","Deflect"],"picked":"Tactician","floor":2},{"not_picked":["PiercingWail","Prepared"],"picked":"Tools of the Trade","floor":5},{"not_picked":["Dagger Spray","Sucker Punch"],"picked":"Flying Knee","floor":7},{"not_picked":["Deflect","Backstab"],"picked":"Prepared","floor":8},{"not_picked":["Blade Dance","Deflect"],"picked":"Dagger Throw","floor":10},{"not_picked":["Acrobatics","Predator"],"picked":"Infinite Blades","floor":11},{"not_picked":["Bouncing Flask","Tools of the Trade"],"picked":"Tactician","floor":12}],"player_experience":50740,"relics_obtained":[{"floor":4,"key":"Dodecahedron"},{"floor":9,"key":"Gremlin Horn"},{"floor":12,"key":"StoneCalendar"}],"event_choices":[{"cards_removed":["Strike_G"],"damage_healed":0,"gold_gain":0,"player_choice":"Card Removal","damage_taken":0,"max_hp_gain":0,"max_hp_loss":0,"event_name":"The Cleric","floor":3,"gold_loss":50},{"damage_healed":0,"gold_gain":0,"player_choice":"Relic","damage_taken":0,"max_hp_gain":0,"max_hp_loss":0,"event_name":"Wheel of Change","floor":4,"gold_loss":0}],"is_beta":false,"boss_relics":[],"items_purged_floors":[],"is_endless":false,"potions_floor_spawned":[5,7],"killed_by":"Red Slaver","ascension_level":0}