{"gold_per_floor":[210,16,29,41,16,49,49,65,92,92,92,117,128,128],"floor_reached":14,"playtime":341,"items_purged":["Strike_B"],"score":200,"play_id":"259603ef-5247-4a33-91ae-4acc21b1a5f0","local_time":"20190706183908","is_ascension_mode":true,"campfire_choices":[{"floor":7,"key":"REST"},{"data":"Loop","floor":10,"key":"SMITH"}],"neow_cost":"NONE","seed_source_timestamp":17212796125836,"circlet_count":0,"master_deck":["AscendersBane","Strike_B","Strike_B","Strike_B","Defend_B","Defend_B","Defend_B","Defend_B","Zap","Dualcast","Ball Lightning","Static Discharge+1","BootSequence","Cold Snap","Compile Driver","Conserve Battery","Steam","Capacitor","Loop+1","Creative AI","Sweeping Beam"],"relics":["Cracked Core","Dream Catcher","Happy Flower","Blood Vial"],"potions_floor_usage":[14,14],"damage_taken":[{"damage":1,"enemies":"Cultist","floor":1,"turns":4},{"damage":6,"enemies":"Small Slimes","floor":3,"turns":3},{"damage":0,"enemies":"2 Louse","floor":4,"turns":2},{"damage":36,"enemies":"3 Sentries","floor":6,"turns":6},{"damage":0,"enemies":"Blue Slaver","floor":8,"turns":3},{"damage":29,"enemies":"Gremlin Nob","floor":12,"turns":4},{"damage":14,"enemies":"3 Louse","floor":13,"turns":3},{"damage":11,"enemies":"3 Sentries","floor":14,"turns":2}],"seed_played":"4578258436339616402","potions_obtained":[{"floor":3,"key":"LiquidBronze"},{"floor":6,"key":"FocusPotion"}],"is_trial":false,"path_per_floor":["M","$","M","M","$","E","R","M","T","R","?","E","M","E"],"character_chosen":"DEFECT","items_purchased":["Static Discharge","BootSequence","Conserve Battery"],"campfire_rested":1,"item_purchase_floors":[2,2,5],"current_hp_per_floor":[63,63,57,57,57,21,42,42,42,42,42,13,1,0],"gold":128,"neow_bonus":"HUNDRED_GOLD","is_prod":false,"is_daily":false,"chose_seed":false,"campfire_upgraded":1,"win_rate":0,"timestamp":1562431148,"path_taken":["M","$","M","M","?","E","R","?","T","R","?","E","M","E"],"build_version":"2019-07-03","purchased_purges":1,"victory":false,"max_hp_per_floor":[71,71,71,71,71,71,71,71,71,71,71,71,71,71],"card_choices":[{"not_picked":["Hologram","Steam"],"picked":"Ball Lightning","floor":1},{"not_picked":["Loop","Melter"],"picked":"Cold Snap","floor":3},{"not_picked":["Steam Power","Chaos"],"picked":"Compile Driver","floor":4},{"not_picked":["Melter","Barrage"],"picked":"Steam","floor":6},{"not_picked":["Turbo","Coolheaded"],"picked":"Capacitor","floor":7},{"not_picked":["Redo","Heatsinks"],"picked":"Loop","floor":8},{"not_picked":["Streamline","Go for the Eyes"],"picked":"Creative AI","floor":12},{"not_picked":["Turbo","Amplify"],"picked":"Sweeping Beam","floor":13}],"player_experience":1822225,"relics_obtained":[{"floor":6,"key":"Dream Catcher"},{"floor":9,"key":"Happy Flower"},{"floor":12,"key":"Blood Vial"}],"event_choices":[{"damage_healed":0,"gold_gain":0,"player_choice":"Upgraded","damage_taken":0,"max_hp_gain":0,"max_hp_loss":0,"event_name":"Upgrade Shrine","floor":11,"gold_loss":0,"cards_upgraded":["Static Discharge"]}],"is_beta":true,"boss_relics":[],"items_purged_floors":[2],"is_endless":false,"potions_floor_spawned":[3,6,12],"killed_by":"3 Sentries","ascension_level":20}