{"gold_per_floor":[119,119,137,66,89,89,89,89,89,89,108,128,128,143,143,266,266,282,282,301,76,97,97,97,97,97,22,22,22,40,61,61,190,190,208,208,231,41,41,41,41],"floor_reached":41,"playtime":8031,"items_purged":["Bite","PiercingWail+1"],"score":406,"play_id":"8aad04e2-a8d2-437d-923c-07e5cec3fc34","local_time":"20190709032535","is_ascension_mode":false,"campfire_choices":[{"data":"Masterful Stab","floor":6,"key":"SMITH"},{"floor":8,"key":"REST"},{"data":"PiercingWail","floor":10,"key":"SMITH"},{"floor":15,"key":"REST"},{"floor":23,"key":"REST"},{"data":"Noxious Fumes","floor":25,"key":"SMITH"},{"data":"Bite","floor":29,"key":"PURGE"},{"data":"Bite","floor":32,"key":"PURGE"},{"data":"Flechettes","floor":40,"key":"PURGE"}],"neow_cost":"NONE","seed_source_timestamp":5778309651454,"circlet_count":0,"master_deck":["Defend_G","Defend_G","Defend_G","Defend_G","Survivor","Neutralize+1","Deadly Poison","Masterful Stab+1","Crippling Poison","Caltrops","Prepared","Backflip","Tools of the Trade","Escape Plan+1","Dagger Spray+1","Footwork","Blur","Noxious Fumes+1","Ghostly","Ghostly","Ghostly","Ghostly","Ghostly","Burst","Wraith Form v2","Well Laid Plans+1","Enlightenment","Violence","Secret Technique+1","Dodge and Roll+1","Bandage Up"],"relics":["Ring of the Serpent","Golden Idol","Ginger","Kunai","Empty Cage","Peace Pipe"],"potions_floor_usage":[16,16,33],"damage_taken":[{"damage":2,"enemies":"Jaw Worm","floor":1,"turns":5},{"damage":7,"enemies":"Small Slimes","floor":3,"turns":4},{"damage":0,"enemies":"Cultist","floor":5,"turns":3},{"damage":0,"enemies":"Exordium Thugs","floor":11,"turns":5},{"damage":13,"enemies":"Lots of Slimes","floor":12,"turns":2},{"damage":0,"enemies":"Red Slaver","floor":14,"turns":3},{"damage":35,"enemies":"Hexaghost","floor":16,"turns":10},{"damage":20,"enemies":"Spheric Guardian","floor":18,"turns":6},{"damage":10,"enemies":"Shell Parasite","floor":20,"turns":5},{"damage":40,"enemies":"Snecko","floor":22,"turns":7},{"damage":0,"enemies":"Centurion and Healer","floor":30,"turns":7},{"damage":5,"enemies":"Snake Plant","floor":31,"turns":6},{"damage":15,"enemies":"Champ","floor":33,"turns":16},{"damage":10,"enemies":"3 Shapes","floor":35,"turns":6},{"damage":0,"enemies":"3 Darklings","floor":37,"turns":7},{"damage":12,"enemies":"Maw","floor":41,"turns":9}],"seed_played":"3678954120297423237","potions_obtained":[{"floor":5,"key":"Poison Potion"},{"floor":12,"key":"Ancient Potion"},{"floor":14,"key":"Energy Potion"},{"floor":18,"key":"Dexterity Potion"},{"floor":20,"key":"Poison Potion"}],"is_trial":false,"path_per_floor":["M","?","M","$","M","R","?","R","T","R","M","M","T","M","R","B",null,"M","?","M","$","M","R","?","R","T","?","?","R","M","M","R","B",null,"M","?","M","$","?","R","M"],"character_chosen":"THE_SILENT","items_purchased":["Crippling Poison","Footwork","Blur","Bandage Up"],"campfire_rested":3,"item_purchase_floors":[4,21,21,38],"current_hp_per_floor":[75,56,49,49,49,49,49,72,72,72,72,59,59,59,77,42,77,57,53,45,45,9,24,24,24,24,24,24,24,26,25,25,10,26,16,6,6,6,6,6,0],"gold":41,"neow_bonus":"TEN_PERCENT_HP_BONUS","is_prod":false,"is_daily":false,"chose_seed":false,"campfire_upgraded":3,"win_rate":0.0,"timestamp":1562657135,"path_taken":["M","?","M","$","M","R","?","R","T","R","M","?","?","?","R","BOSS","M","?","M","$","M","R","?","R","T","?","?","R","?","M","R","BOSS","M","?","M","$","?","R","?"],"build_version":"2019-07-05","purchased_purges":2,"victory":false,"max_hp_per_floor":[77,77,77,77,77,77,77,77,77,77,77,77,77,77,77,77,77,77,53,53,53,53,53,26,26,26,26,26,26,26,26,26,26,26,26,26,26,26,26,26,26],"card_choices":[{"not_picked":["Underhanded Strike","Dodge and Roll"],"picked":"Deadly Poison","floor":1},{"not_picked":["Reflex","Dagger Throw"],"picked":"Masterful Stab","floor":3},{"not_picked":["Sucker Punch","Tactician"],"picked":"PiercingWail","floor":5},{"not_picked":["Distraction","Quick Slash"],"picked":"Caltrops","floor":11},{"not_picked":["Deflect","Outmaneuver"],"picked":"Prepared","floor":12},{"not_picked":["PiercingWail","Deflect"],"picked":"Backflip","floor":14},{"not_picked":["Doppelganger","After Image"],"picked":"Tools of the Trade","floor":16},{"not_picked":["Outmaneuver","Poisoned Stab"],"picked":"Escape Plan+1","floor":18},{"not_picked":["Expertise","Slice+1"],"picked":"Dagger Spray+1","floor":20},{"not_picked":["Distraction","Bouncing Flask"],"picked":"Noxious Fumes","floor":22},{"not_picked":["Dagger Spray+1","Skewer"],"picked":"Flechettes","floor":30},{"not_picked":["PiercingWail","Skewer+1"],"picked":"Burst","floor":31},{"not_picked":["Night Terror","Malaise"],"picked":"Wraith Form v2","floor":33},{"not_picked":["Flying Knee","Outmaneuver+1"],"picked":"Well Laid Plans+1","floor":35},{"not_picked":["Good Instincts","Flash of Steel"],"picked":"Enlightenment","floor":36},{"not_picked":["PanicButton","HandOfGreed"],"picked":"Violence","floor":36},{"not_picked":["Apotheosis","Dramatic Entrance"],"picked":"Secret Technique","floor":36},{"not_picked":["Backflip","Reflex+1"],"picked":"Dodge and Roll+1","floor":37}],"player_experience":3680,"relics_obtained":[{"floor":9,"key":"Ginger"},{"floor":13,"key":"Kunai"},{"floor":26,"key":"Peace Pipe"}],"event_choices":[{"damage_healed":0,"gold_gain":0,"player_choice":"Take Damage","damage_taken":19,"relics_obtained":["Golden Idol"],"max_hp_gain":0,"max_hp_loss":0,"event_name":"Golden Idol","floor":2,"gold_loss":0},{"damage_healed":0,"gold_gain":0,"player_choice":"Upgraded","damage_taken":0,"max_hp_gain":0,"max_hp_loss":0,"event_name":"Upgrade Shrine","floor":7,"gold_loss":0,"cards_upgraded":["Neutralize"]},{"damage_healed":0,"gold_gain":0,"player_choice":"Became a vampire","damage_taken":0,"max_hp_gain":0,"max_hp_loss":24,"event_name":"Vampires","floor":19,"gold_loss":0,"cards_obtained":["Bite","Bite","Bite","Bite","Bite"]},{"damage_healed":0,"gold_gain":0,"player_choice":"Became a Ghost","damage_taken":0,"max_hp_gain":0,"max_hp_loss":27,"event_name":"Ghosts","floor":24,"gold_loss":0,"cards_obtained":["Ghostly","Ghostly","Ghostly","Ghostly","Ghostly"]},{"cards_removed":["Bite"],"damage_healed":0,"gold_gain":0,"player_choice":"Gave Gold","damage_taken":0,"max_hp_gain":0,"max_hp_loss":0,"event_name":"Beggar","floor":27,"gold_loss":75},{"cards_removed":["Bite"],"damage_healed":0,"gold_gain":0,"player_choice":"Purged","damage_taken":0,"max_hp_gain":0,"max_hp_loss":0,"event_name":"Purifier","floor":28,"gold_loss":0},{"damage_healed":0,"gold_gain":0,"player_choice":"Memory 3","damage_taken":10,"max_hp_gain":0,"max_hp_loss":0,"event_name":"SensoryStone","floor":36,"gold_loss":0},{"damage_healed":0,"gold_gain":0,"player_choice":"Forge","damage_taken":0,"max_hp_gain":0,"max_hp_loss":0,"event_name":"Accursed Blacksmith","floor":39,"gold_loss":0,"cards_upgraded":["Secret Technique"]}],"is_beta":false,"boss_relics":[{"not_picked":["Snecko Eye","Tiny House"],"picked":"Empty Cage"},{"not_picked":["Runic Pyramid","HoveringKite"],"picked":"Ring of the Serpent"}],"items_purged_floors":[21,38],"is_endless":false,"potions_floor_spawned":[5,12,14,18,20,30],"killed_by":"Maw","ascension_level":0}