{"gold_per_floor":[14,33,33,33,48,48,88,88,134,147,172,196,196,235,235,235],"floor_reached":16,"playtime":1410,"items_purged":[],"score":224,"play_id":"0ea4eb32-39ce-4908-ad1f-22b9f72cf5c5","local_time":"20190721225305","is_ascension_mode":true,"campfire_choices":[{"data":"Skewer","floor":6.0,"key":"SMITH"},{"floor":8.0,"key":"REST"},{"floor":13,"key":"REST"},{"floor":15,"key":"REST"}],"neow_cost":"NO_GOLD","seed_source_timestamp":171727889078459,"circlet_count":0,"master_deck":["AscendersBane","Strike_G","Strike_G","Strike_G","Strike_G","Defend_G","Defend_G","Defend_G","Defend_G","Defend_G","Survivor","Neutralize","Dagger Throw","Skewer+1","A Thousand Cuts","Crippling Poison","Catalyst","Deflect","Quick Slash"],"special_seed":0,"relics":["Ring of the Snake","The Specimen","Golden Idol","Pen Nib","Regal Pillow","Mercury Hourglass"],"potions_floor_usage":[11,16],"damage_taken":[{"damage":9.0,"enemies":"Jaw Worm","floor":1.0,"turns":9.0},{"damage":1.0,"enemies":"2 Louse","floor":2.0,"turns":3.0},{"damage":0.0,"enemies":"Cultist","floor":5.0,"turns":3.0},{"damage":37.0,"enemies":"3 Sentries","floor":7.0,"turns":9.0},{"damage":6.0,"enemies":"Gremlin Gang","floor":10.0,"turns":2.0},{"damage":7,"enemies":"Lots of Slimes","floor":11,"turns":3},{"damage":9,"enemies":"Blue Slaver","floor":12,"turns":4},{"damage":27,"enemies":"Lagavulin","floor":14,"turns":8},{"damage":53,"enemies":"Slime Boss","floor":16,"turns":7}],"seed_played":"-4724458555187267578","potions_obtained":[{"floor":2.0,"key":"PowerPotion"},{"floor":7.0,"key":"Poison Potion"},{"floor":10.0,"key":"SneckoOil"},{"floor":12,"key":"EssenceOfSteel"}],"is_trial":false,"path_per_floor":["M","M","?","?","M","R","E","R","T","M","M","M","R","E","R","B"],"character_chosen":"THE_SILENT","items_purchased":[],"campfire_rested":3,"item_purchase_floors":[],"current_hp_per_floor":[50,49,49,49,49,49,12,30,30,24,17,8,41,14,47,0],"gold":235,"neow_bonus":"ONE_RARE_RELIC","is_prod":false,"is_daily":false,"chose_seed":false,"campfire_upgraded":1,"win_rate":0,"timestamp":1563738785,"path_taken":["M","M","?","?","M","R","E","R","T","?","?","M","R","E","R","BOSS"],"build_version":"2019-07-17","purchased_purges":0,"victory":false,"max_hp_per_floor":[66,66,60,60,60,60,60,60,60,60,60,60,60,60,60,60],"card_choices":[{"not_picked":["Dodge and Roll","Acrobatics"],"picked":"Dagger Throw","floor":1.0},{"not_picked":["Dodge and Roll","Masterful Stab"],"picked":"Skewer","floor":2.0},{"not_picked":["Infinite Blades","Expertise"],"picked":"A Thousand Cuts","floor":5.0},{"not_picked":["Dodge and Roll","Deflect"],"picked":"Crippling Poison","floor":7.0},{"not_picked":["Blade Dance","Dodge and Roll"],"picked":"Catalyst","floor":10.0},{"not_picked":["Dagger Throw","All Out Attack"],"picked":"Deflect","floor":11},{"not_picked":["Blade Dance","Flying Knee"],"picked":"Quick Slash","floor":12},{"not_picked":["Concentrate","A Thousand Cuts","Flechettes"],"picked":"SKIP","floor":14}],"player_experience":874440,"relics_obtained":[{"floor":7.0,"key":"Pen Nib"},{"floor":9.0,"key":"Regal Pillow"},{"floor":14,"key":"Mercury Hourglass"}],"event_choices":[{"damage_healed":0.0,"max_hp_gain":0.0,"max_hp_loss":6.0,"gold_gain":0.0,"event_name":"Golden Idol","player_choice":"Lose Max HP","floor":3.0,"gold_loss":0.0,"damage_taken":0.0,"relics_obtained":["Golden Idol"]},{"cards_removed":["Strike_G"],"damage_healed":0.0,"max_hp_gain":0.0,"max_hp_loss":0.0,"gold_gain":0.0,"event_name":"Bonfire Elementals","player_choice":"Offered Basic","floor":4.0,"gold_loss":0.0,"damage_taken":0.0}],"is_beta":false,"boss_relics":[],"items_purged_floors":[],"is_endless":false,"potions_floor_spawned":[2,7,10,12],"killed_by":"Slime Boss","ascension_level":20}