{"gold_per_floor":[118,98,115,115,128,159,159,159,159,187,187,29,39,69,69,145,145,164,179,229,229,229,229,256,256,256,266,279,308,325,339,339,339],"floor_reached":33,"playtime":1178,"items_purged":[],"score":610,"play_id":"ba877000-d8ae-42d6-a285-105d4ad424cf","local_time":"20190803155941","is_ascension_mode":true,"campfire_choices":[{"data":"Hologram","floor":7.0,"key":"SMITH"},{"floor":15.0,"key":"REST"},{"floor":23.0,"key":"REST"},{"data":"Defragment","floor":32,"key":"SMITH"}],"neow_cost":"NONE","seed_source_timestamp":12708449287802,"circlet_count":0,"master_deck":["AscendersBane","Strike_B","Defend_B","Defend_B","Defend_B","Defend_B","Zap","Dualcast","FTL","Hologram+1","Seek","Genetic Algorithm","Reinforced Body","BootSequence","Cold Snap","Biased Cognition","Capacitor","Glacier+1","Conserve Battery","Rip and Tear","Auto Shields","Defragment+1","Melter","Sweeping Beam","Fusion","Sweeping Beam","Loop"],"special_seed":0,"relics":["Cracked Core","NeowsBlessing","Shuriken","Dodecahedron","Bronze Scales","Bag of Preparation","Sundial","Philosopher\u0027s Stone","Meat on the Bone","Pantograph","Regal Pillow"],"potions_floor_usage":[29,29,33],"damage_taken":[{"damage":0.0,"enemies":"Small Slimes","floor":1.0,"turns":1.0},{"damage":0.0,"enemies":"Cultist","floor":3.0,"turns":1.0},{"damage":0.0,"enemies":"2 Louse","floor":5.0,"turns":1.0},{"damage":10.0,"enemies":"Gremlin Nob","floor":6.0,"turns":3.0},{"damage":34.0,"enemies":"3 Sentries","floor":10.0,"turns":7.0},{"damage":10.0,"enemies":"Lots of Slimes","floor":13.0,"turns":4.0},{"damage":7.0,"enemies":"Lagavulin","floor":14.0,"turns":7.0},{"damage":14.0,"enemies":"The Guardian","floor":16.0,"turns":14.0},{"damage":6.0,"enemies":"Shell Parasite","floor":18.0,"turns":6.0},{"damage":11.0,"enemies":"Spheric Guardian","floor":19.0,"turns":4.0},{"damage":12.0,"enemies":"Slavers","floor":24.0,"turns":3.0},{"damage":8,"enemies":"Centurion and Healer","floor":27,"turns":15},{"damage":21,"enemies":"Chosen and Byrds","floor":28,"turns":9},{"damage":21,"enemies":"Book of Stabbing","floor":29,"turns":5},{"damage":0,"enemies":"Snake Plant","floor":30,"turns":5},{"damage":0,"enemies":"Sentry and Sphere","floor":31,"turns":4},{"damage":74,"enemies":"Collector","floor":33,"turns":10}],"seed_played":"4116179203127698890","potions_obtained":[{"floor":1.0,"key":"Poison Potion"},{"floor":2.0,"key":"Weak Potion"},{"floor":13.0,"key":"Energy Potion"},{"floor":16.0,"key":"PowerPotion"},{"floor":19.0,"key":"LiquidBronze"},{"floor":24.0,"key":"GamblersBrew"},{"floor":30,"key":"SkillPotion"}],"is_trial":false,"path_per_floor":["M","?","M","$","M","E","R","?","T","E","?","$","M","E","R","B",null,"M","M","?","?","?","R","E","?","T","M","M","E","M","M","R","B"],"character_chosen":"DEFECT","items_purchased":["Bag of Preparation"],"campfire_rested":2,"item_purchase_floors":[12],"current_hp_per_floor":[64,64,64,64,64,54,54,54,54,20,20,20,10,3,24,10,56,50,39,39,39,39,60,48,48,48,40,31,22,34,46,46,0],"gold":339,"neow_bonus":"THREE_ENEMY_KILL","is_prod":false,"is_daily":false,"chose_seed":false,"campfire_upgraded":2,"win_rate":0,"timestamp":1564840781,"path_taken":["M","?","?","$","?","E","R","?","T","E","?","$","?","E","R","BOSS","M","M","?","?","?","R","E","?","T","M","M","E","?","M","R","BOSS"],"build_version":"2019-07-18","purchased_purges":0,"victory":false,"max_hp_per_floor":[71,71,71,71,71,71,71,71,71,71,71,71,71,71,71,71,71,71,71,71,71,71,71,71,71,71,71,71,71,71,71,71,71],"card_choices":[{"not_picked":["Stack","Barrage"],"picked":"FTL","floor":1.0},{"not_picked":["Stack","Streamline"],"picked":"Hologram","floor":3.0},{"not_picked":["Beam Cell","Hologram"],"picked":"Seek","floor":5.0},{"not_picked":["Redo","Turbo"],"picked":"Genetic Algorithm","floor":6.0},{"not_picked":["Ball Lightning","Aggregate"],"picked":"Reinforced Body","floor":10.0},{"not_picked":["Reprogram","Multi-Cast"],"picked":"BootSequence","floor":13.0},{"not_picked":["Barrage","Streamline"],"picked":"Cold Snap","floor":14.0},{"not_picked":["Creative AI","Machine Learning"],"picked":"Biased Cognition","floor":16.0},{"not_picked":["Reprogram+1","Melter"],"picked":"Capacitor","floor":18.0},{"not_picked":["Barrage","Cold Snap"],"picked":"Glacier+1","floor":19.0},{"not_picked":["Steam","Turbo"],"picked":"Auto Shields","floor":24.0},{"not_picked":["Heatsinks+1","Auto Shields"],"picked":"Melter","floor":27},{"not_picked":["Chill+1","Steam"],"picked":"Sweeping Beam","floor":28},{"not_picked":["Hello World","Melter"],"picked":"Fusion","floor":29},{"not_picked":["Meteor Strike","Leap"],"picked":"Sweeping Beam","floor":30},{"not_picked":["Go for the Eyes","Melter+1"],"picked":"Loop","floor":31}],"player_experience":1949999,"relics_obtained":[{"floor":6.0,"key":"Shuriken"},{"floor":9.0,"key":"Dodecahedron"},{"floor":10.0,"key":"Bronze Scales"},{"floor":14.0,"key":"Sundial"},{"floor":24.0,"key":"Meat on the Bone"},{"floor":26.0,"key":"Pantograph"},{"floor":29,"key":"Regal Pillow"}],"event_choices":[{"damage_healed":0.0,"max_hp_gain":0.0,"max_hp_loss":0.0,"gold_gain":0.0,"event_name":"The Woman in Blue","player_choice":"Bought 1 Potion","floor":2.0,"gold_loss":0.0,"damage_taken":0.0},{"damage_healed":0.0,"max_hp_gain":0.0,"max_hp_loss":0.0,"gold_gain":0.0,"event_name":"Liars Game","player_choice":"Ignored","floor":8.0,"gold_loss":0.0,"damage_taken":0.0},{"cards_removed":["Strike_B"],"damage_healed":0.0,"max_hp_gain":0.0,"max_hp_loss":0.0,"gold_gain":0.0,"event_name":"Purifier","player_choice":"Purged","floor":11.0,"gold_loss":0.0,"damage_taken":0.0},{"damage_healed":0.0,"max_hp_gain":0.0,"max_hp_loss":0.0,"gold_gain":50.0,"event_name":"Nest","player_choice":"Stole From Cult","floor":20.0,"gold_loss":0.0,"damage_taken":0.0},{"damage_healed":0.0,"max_hp_gain":0.0,"max_hp_loss":0.0,"gold_gain":0.0,"event_name":"The Mausoleum","player_choice":"Ignored","floor":21.0,"gold_loss":0.0,"damage_taken":0.0},{"damage_healed":0.0,"max_hp_gain":0.0,"max_hp_loss":0.0,"gold_gain":0.0,"cards_transformed":["Strike_B","Strike_B"],"event_name":"Drug Dealer","player_choice":"Became Test Subject","floor":22.0,"gold_loss":0.0,"damage_taken":0.0,"cards_obtained":["Conserve Battery","Rip and Tear"]},{"damage_healed":0.0,"max_hp_gain":0.0,"max_hp_loss":0.0,"gold_gain":0.0,"event_name":"Match and Keep!","player_choice":"1 cards matched","floor":25.0,"gold_loss":0.0,"damage_taken":0.0,"cards_obtained":["Defragment"]}],"is_beta":true,"boss_relics":[{"not_picked":["Calling Bell","Fusion Hammer"],"picked":"Philosopher\u0027s Stone"}],"items_purged_floors":[],"is_endless":false,"potions_floor_spawned":[1,13,16,19,24,30],"killed_by":"Collector","ascension_level":20}