{"gold_per_floor":[217,229,19,74,130,195,195,195,195,240,297,297,357,400,400,477,477,517,107,140,57,57,115,115,115,115,115,131,131,168,199,199,297,297,307,327,267,282,137,191,202,255,255,255,290,310,410,410,410,410,435],"floor_reached":51,"playtime":5615,"items_purged":["Pain","Blade Dance"],"score":1661,"play_id":"4ab19936-29df-4801-bb63-b691a4ea0570","local_time":"20190802170325","is_ascension_mode":true,"campfire_choices":[{"data":"HandOfGreed","floor":7.0,"key":"SMITH"},{"floor":12.0,"key":"REST"},{"floor":15.0,"key":"REST"},{"floor":25.0,"key":"REST"},{"data":"Well Laid Plans","floor":27.0,"key":"SMITH"},{"floor":32.0,"key":"REST"},{"floor":44,"key":"RECALL"},{"floor":49,"key":"REST"}],"neow_cost":"NONE","seed_source_timestamp":0,"circlet_count":0,"master_deck":["AscendersBane","Strike_G+1","Strike_G+1","Strike_G+1","Strike_G+1","Strike_G+1","Defend_G+1","Defend_G+1","Defend_G+1","Defend_G+1","Defend_G+1","Survivor","Neutralize","Cloak And Dagger","Poisoned Stab","HandOfGreed+1","Dagger Throw","Deadly Poison","Blur","Envenom","A Thousand Cuts","Corpse Explosion","Crippling Poison+1","Blur+1","Noxious Fumes","Blur+1","Well Laid Plans+1","Backflip+1","After Image","Backflip+1","PiercingWail+1","Crippling Poison+1","Catalyst+1","Blur+1","Well Laid Plans","Noxious Fumes","Well Laid Plans"],"special_seed":0,"relics":["Ring of the Snake","Mummified Hand","Gremlin Horn","Darkstone Periapt","Vajra","Velvet Choker","Toxic Egg 2","Red Mask","The Courier","Question Card","WarpedTongs","Bronze Scales","Snecko Eye","The Specimen","Molten Egg 2","Letter Opener","Peace Pipe"],"potions_floor_usage":[45,50],"damage_taken":[{"damage":1.0,"enemies":"Cultist","floor":1.0,"turns":3.0},{"damage":0.0,"enemies":"Small Slimes","floor":2.0,"turns":4.0},{"damage":1.0,"enemies":"2 Louse","floor":4.0,"turns":4.0},{"damage":8.0,"enemies":"Exordium Wildlife","floor":5.0,"turns":5.0},{"damage":25.0,"enemies":"3 Sentries","floor":6.0,"turns":10.0},{"damage":0.0,"enemies":"2 Fungi Beasts","floor":10.0,"turns":3.0},{"damage":14.0,"enemies":"Lagavulin","floor":11.0,"turns":6.0},{"damage":12.0,"enemies":"3 Sentries","floor":13.0,"turns":8.0},{"damage":0.0,"enemies":"3 Louse","floor":14.0,"turns":3.0},{"damage":26.0,"enemies":"The Guardian","floor":16.0,"turns":11.0},{"damage":14.0,"enemies":"2 Thieves","floor":18.0,"turns":4.0},{"damage":7.0,"enemies":"Masked Bandits","floor":20.0,"turns":2.0},{"damage":43.0,"enemies":"Book of Stabbing","floor":23.0,"turns":6.0},{"damage":0.0,"enemies":"3 Byrds","floor":28.0,"turns":4.0},{"damage":16.0,"enemies":"Shelled Parasite and Fungi","floor":30.0,"turns":5.0},{"damage":10.0,"enemies":"Slavers","floor":31.0,"turns":2.0},{"damage":32.0,"enemies":"Champ","floor":33.0,"turns":12.0},{"damage":1.0,"enemies":"3 Darklings","floor":35.0,"turns":2.0},{"damage":7.0,"enemies":"Orb Walker","floor":36.0,"turns":3.0},{"damage":0.0,"enemies":"3 Darklings","floor":38.0,"turns":2.0},{"damage":7.0,"enemies":"Reptomancer","floor":40.0,"turns":7.0},{"damage":0,"enemies":"Sphere and 2 Shapes","floor":41,"turns":3},{"damage":0,"enemies":"Nemesis","floor":42,"turns":7},{"damage":7,"enemies":"Giant Head","floor":45,"turns":6},{"damage":0,"enemies":"Maw","floor":46,"turns":4},{"damage":0,"enemies":"Mind Bloom Boss Battle","floor":47,"turns":4},{"damage":33,"enemies":"Donu and Deca","floor":50,"turns":7},{"damage":22,"enemies":"Awakened One","floor":51,"turns":3}],"seed_played":"1825688746192337137","potions_obtained":[{"floor":4.0,"key":"Dexterity Potion"},{"floor":6.0,"key":"Dexterity Potion"},{"floor":8.0,"key":"FearPotion"},{"floor":8.0,"key":"Fire Potion"},{"floor":11.0,"key":"SteroidPotion"},{"floor":14.0,"key":"AttackPotion"},{"floor":16.0,"key":"SkillPotion"},{"floor":20.0,"key":"FairyPotion"},{"floor":30.0,"key":"Poison Potion"},{"floor":33.0,"key":"SneckoOil"},{"floor":38.0,"key":"PowerPotion"},{"floor":45,"key":"FearPotion"}],"is_trial":false,"path_per_floor":["M","M","$","M","M","E","R","?","T","M","E","R","E","M","R","B",null,"M","$","?","$","?","E","?","R","T","R","M","?","M","E","R","B",null,"M","M","$","M","$","E","M","E","T","R","E","M","?","?","R","B","B"],"character_chosen":"THE_SILENT","items_purchased":["HandOfGreed","Toxic Egg 2","Blur+1","Noxious Fumes","GhostInAJar","Crippling Poison+1"],"campfire_rested":5,"item_purchase_floors":[3,19,19,19,21,39],"current_hp_per_floor":[58,58,58,57,49,24,24,24,24,24,10,29,17,17,36,10,52,38,38,31,31,31,6,19,38,38,38,38,44,28,18,39,7,56,55,48,48,48,48,41,41,41,41,41,34,34,34,34,55,22,0],"gold":435,"neow_bonus":"HUNDRED_GOLD","is_prod":false,"is_daily":false,"chose_seed":false,"campfire_upgraded":2,"win_rate":0,"timestamp":1564790605,"path_taken":["M","M","$","?","M","E","R","?","T","?","E","R","E","M","R","BOSS","M","$","?","$","?","E","?","R","T","R","M","?","M","E","R","BOSS","M","?","$","M","$","E","M","E","T","R","E","?","?","?","R","BOSS","BOSS"],"build_version":"2019-07-17","purchased_purges":2,"victory":false,"max_hp_per_floor":[66,66,66,66,66,66,66,66,66,66,66,66,66,66,66,66,66,66,66,66,66,66,66,66,66,66,66,66,72,72,72,72,72,72,72,72,72,72,72,72,72,72,72,72,72,72,72,72,72,72,72],"card_choices":[{"not_picked":["Blade Dance","Outmaneuver"],"picked":"Cloak And Dagger","floor":1.0},{"not_picked":["Setup","Backflip"],"picked":"Poisoned Stab","floor":2.0},{"not_picked":["Riddle With Holes","Cloak And Dagger"],"picked":"Dagger Throw","floor":4.0},{"not_picked":["Cloak And Dagger","Quick Slash"],"picked":"Flying Knee","floor":5.0},{"not_picked":["Flying Knee","Terror"],"picked":"Deadly Poison","floor":6.0},{"not_picked":["Prepared","Flying Knee"],"picked":"Blur","floor":10.0},{"not_picked":["Tactician","Blade Dance"],"picked":"Envenom","floor":11.0},{"not_picked":["Terror","Blade Dance"],"picked":"A Thousand Cuts","floor":13.0},{"not_picked":["Dagger Throw","Bane"],"picked":"Blade Dance","floor":14.0},{"not_picked":["Die Die Die","Doppelganger"],"picked":"Corpse Explosion","floor":16.0},{"not_picked":["Concentrate+1","Underhanded Strike"],"picked":"Crippling Poison+1","floor":18.0},{"not_picked":["Outmaneuver+1","Bane"],"picked":"Blur+1","floor":20.0},{"not_picked":["All Out Attack","Endless Agony+1"],"picked":"Well Laid Plans","floor":23.0},{"not_picked":["Underhanded Strike","Flechettes","Backstab"],"picked":"Backflip+1","floor":28.0},{"not_picked":["Flying Knee","Heel Hook","Sucker Punch","Blade Dance+1"],"picked":"SKIP","floor":30.0},{"not_picked":["Dagger Spray","Infinite Blades+1","Skewer","Quick Slash"],"picked":"SKIP","floor":31.0},{"not_picked":["Bullet Time+1","Corpse Explosion+1","Unload"],"picked":"After Image","floor":33.0},{"not_picked":["Prepared+1","Slice","Heel Hook","Cloak And Dagger+1"],"picked":"SKIP","floor":35.0},{"not_picked":["Dodge and Roll+1","Flying Knee","Outmaneuver+1"],"picked":"Backflip+1","floor":36.0},{"not_picked":["Acrobatics+1","Caltrops+1","Sucker Punch+1"],"picked":"PiercingWail+1","floor":38.0},{"not_picked":["Unload","Bane+1","Slice","Escape Plan+1"],"picked":"SKIP","floor":40.0},{"not_picked":["Cloak And Dagger+1","Leg Sweep+1","Dagger Spray"],"picked":"Catalyst+1","floor":41},{"not_picked":["Cloak And Dagger+1","Skewer+1","Prepared+1"],"picked":"Blur+1","floor":42},{"not_picked":["Infinite Blades","Choke+1","Dagger Throw+1"],"picked":"Well Laid Plans","floor":45},{"not_picked":["Heel Hook+1","Flying Knee+1","Venomology+1"],"picked":"Noxious Fumes","floor":46},{"not_picked":["Acrobatics+1","Poisoned Stab+1","Backstab+1"],"picked":"Well Laid Plans","floor":47}],"player_experience":1164882,"relics_obtained":[{"floor":6.0,"key":"Mummified Hand"},{"floor":9.0,"key":"Gremlin Horn"},{"floor":11.0,"key":"Darkstone Periapt"},{"floor":13.0,"key":"Vajra"},{"floor":20.0,"key":"Red Mask"},{"floor":23.0,"key":"The Courier"},{"floor":26.0,"key":"Question Card"},{"floor":31.0,"key":"Bronze Scales"},{"floor":40.0,"key":"The Specimen"},{"floor":42,"key":"Molten Egg 2"},{"floor":45,"key":"Letter Opener"},{"floor":47,"key":"Peace Pipe"}],"event_choices":[{"damage_healed":0.0,"max_hp_gain":0.0,"max_hp_loss":0.0,"gold_gain":0.0,"event_name":"Lab","player_choice":"Got Potions","floor":8.0,"gold_loss":0.0,"damage_taken":0.0},{"damage_healed":0.0,"max_hp_gain":0.0,"max_hp_loss":0.0,"gold_gain":0.0,"event_name":"Masked Bandits","player_choice":"Fought Bandits","floor":20.0,"gold_loss":0.0,"damage_taken":0.0},{"damage_healed":0.0,"max_hp_gain":0.0,"max_hp_loss":0.0,"gold_gain":0.0,"event_name":"Back to Basics","player_choice":"Simplicity","floor":22.0,"gold_loss":0.0,"damage_taken":0.0,"cards_upgraded":["Strike_G","Strike_G","Strike_G","Strike_G","Strike_G","Defend_G","Defend_G","Defend_G","Defend_G","Defend_G"]},{"damage_healed":13.0,"max_hp_gain":0.0,"max_hp_loss":0.0,"gold_gain":0.0,"event_name":"The Library","player_choice":"Heal","floor":24.0,"gold_loss":0.0,"damage_taken":0.0},{"damage_healed":0.0,"max_hp_gain":0.0,"max_hp_loss":0.0,"gold_gain":0.0,"event_name":"Accursed Blacksmith","player_choice":"Rummage","floor":29.0,"gold_loss":0.0,"damage_taken":0.0,"relics_obtained":["WarpedTongs"],"cards_obtained":["Pain"]},{"damage_healed":0,"gold_gain":0,"player_choice":"Fight","damage_taken":0,"max_hp_gain":0,"max_hp_loss":0,"event_name":"MindBloom","floor":47,"gold_loss":0},{"cards_removed":["Flying Knee"],"damage_healed":0,"gold_gain":0,"player_choice":"Removed Attack","damage_taken":0,"max_hp_gain":0,"max_hp_loss":0,"event_name":"Falling","floor":48,"gold_loss":0}],"is_beta":false,"boss_relics":[{"not_picked":["Empty Cage","White Beast Statue"],"picked":"Velvet Choker"},{"not_picked":["Coffee Dripper","Cursed Key"],"picked":"Snecko Eye"}],"items_purged_floors":[37,39],"is_endless":false,"potions_floor_spawned":[4,6,10,11,14,16,20,30,33,38,45,46,47],"killed_by":"Awakened One","ascension_level":20}