{"gold_per_floor":[16,16,31,47,67,67,100,100,150,180,105,124,24,24,24,126,126,137,137,12,23,39,39,67,67,67,67,84,84,9,22,22,22],"floor_reached":33,"playtime":800,"items_purged":["Strike_B","Strike_B","Strike_B"],"score":314,"play_id":"585b5660-440e-44bc-a8b2-4022036f55ab","local_time":"20190808183850","is_ascension_mode":true,"campfire_choices":[{"data":"Zap","floor":6.0,"key":"SMITH"},{"data":"Dualcast","floor":8.0,"key":"SMITH"},{"floor":15.0,"key":"REST"},{"floor":23.0,"key":"REST"},{"data":"Strike_B","floor":25,"key":"PURGE"},{"floor":27,"key":"REST"},{"floor":32,"key":"REST"}],"neow_cost":"NO_GOLD","seed_source_timestamp":94423655226171,"circlet_count":0,"master_deck":["Defend_B","Zap+1","Dualcast+1","Gash","Gash","Consume+1"],"special_seed":0,"relics":["Cracked Core","Singing Bowl","Vajra","Dream Catcher","Emotion Chip","Runic Dome","Peace Pipe","Mummified Hand"],"potions_floor_usage":[],"damage_taken":[{"damage":7.0,"enemies":"2 Louse","floor":1.0,"turns":2.0},{"damage":0.0,"enemies":"Cultist","floor":3.0,"turns":2.0},{"damage":8.0,"enemies":"Small Slimes","floor":4.0,"turns":2.0},{"damage":11.0,"enemies":"2 Fungi Beasts","floor":5.0,"turns":3.0},{"damage":43.0,"enemies":"3 Sentries","floor":7.0,"turns":10.0},{"damage":26.0,"enemies":"Lagavulin","floor":10.0,"turns":4.0},{"damage":3.0,"enemies":"Red Slaver","floor":12.0,"turns":2.0},{"damage":25.0,"enemies":"Slime Boss","floor":16.0,"turns":8.0},{"damage":0.0,"enemies":"Spheric Guardian","floor":18.0,"turns":3.0},{"damage":15.0,"enemies":"2 Thieves","floor":21.0,"turns":3.0},{"damage":45.0,"enemies":"Shelled Parasite and Fungi","floor":22.0,"turns":5.0},{"damage":22.0,"enemies":"Gremlin Leader","floor":24.0,"turns":6.0},{"damage":21,"enemies":"Cultist and Chosen","floor":28,"turns":5},{"damage":42,"enemies":"Chosen and Byrds","floor":31,"turns":5},{"damage":45,"enemies":"Collector","floor":33,"turns":3}],"seed_played":"-7009370189477740006","potions_obtained":[{"floor":2.0,"key":"Regen Potion"},{"floor":2.0,"key":"EntropicBrew"},{"floor":2.0,"key":"AttackPotion"},{"floor":3.0,"key":"Regen Potion"},{"floor":7.0,"key":"PowerPotion"},{"floor":10.0,"key":"FearPotion"},{"floor":22.0,"key":"FearPotion"},{"floor":24.0,"key":"GamblersBrew"}],"is_trial":false,"path_per_floor":["M","?","M","M","M","R","E","R","T","E","$","M","$","?","R","B",null,"M","?","$","M","M","R","E","R","T","R","M","?","?","M","R","B"],"character_chosen":"DEFECT","items_purchased":[],"campfire_rested":4,"item_purchase_floors":[],"current_hp_per_floor":[68,68,68,60,49,49,40,40,40,16,16,13,13,13,38,15,81,83,83,83,70,27,55,35,35,35,64,45,45,45,5,36,0],"gold":22,"neow_bonus":"REMOVE_TWO","is_prod":false,"is_daily":false,"chose_seed":false,"campfire_upgraded":2,"win_rate":0,"timestamp":1565257130,"path_taken":["M","?","M","?","M","R","E","R","T","E","$","M","$","?","R","BOSS","M","?","$","M","M","R","E","R","T","R","?","?","?","M","R","BOSS"],"build_version":"2019-07-17","purchased_purges":3,"victory":false,"max_hp_per_floor":[75,75,75,75,75,75,75,75,75,77,77,77,77,77,79,81,81,83,83,83,85,87,89,91,91,91,93,95,95,95,97,99,99],"card_choices":[{"not_picked":["Cold Snap","Stack"],"picked":"Gash","floor":1.0},{"not_picked":["Chaos","Leap","Go for the Eyes"],"picked":"SKIP","floor":3.0},{"not_picked":["Coolheaded","Conserve Battery","Force Field"],"picked":"SKIP","floor":4.0},{"not_picked":["Reprogram","Streamline","Defragment"],"picked":"SKIP","floor":5.0},{"not_picked":["Echo Form","Blizzard"],"picked":"Gash","floor":7.0},{"not_picked":["Cold Snap","Heatsinks","Leap"],"picked":"Singing Bowl","floor":10.0},{"not_picked":["Reboot","Compile Driver"],"picked":"Consume","floor":12.0},{"not_picked":["Rebound","Force Field","Turbo"],"picked":"Singing Bowl","floor":15.0},{"not_picked":["Amplify","Multi-Cast","Core Surge"],"picked":"Singing Bowl","floor":16.0},{"not_picked":["Darkness","Scrape","Turbo"],"picked":"Singing Bowl","floor":18.0},{"not_picked":["Leap","Conserve Battery","Fusion+1"],"picked":"Singing Bowl","floor":21.0},{"not_picked":["Conserve Battery","Steam","Beam Cell"],"picked":"Singing Bowl","floor":22.0},{"not_picked":["Turbo","Doom and Gloom","Beam Cell+1"],"picked":"Singing Bowl","floor":23.0},{"not_picked":["Leap+1","Chaos","Core Surge"],"picked":"Singing Bowl","floor":24.0},{"not_picked":["Coolheaded","Barrage+1","Defragment+1"],"picked":"Singing Bowl","floor":27},{"not_picked":["Redo","Turbo+1","Compile Driver"],"picked":"Singing Bowl","floor":28},{"not_picked":["Storm","Beam Cell","Self Repair"],"picked":"Singing Bowl","floor":31},{"not_picked":["FTL","Rebound","Tempest"],"picked":"Singing Bowl","floor":32}],"player_experience":313932,"relics_obtained":[{"floor":7.0,"key":"Singing Bowl"},{"floor":9.0,"key":"Vajra"},{"floor":10.0,"key":"Dream Catcher"},{"floor":24.0,"key":"Peace Pipe"},{"floor":26,"key":"Mummified Hand"}],"event_choices":[{"damage_healed":0.0,"max_hp_gain":0.0,"max_hp_loss":0.0,"gold_gain":0.0,"event_name":"Lab","player_choice":"Got Potions","floor":2.0,"gold_loss":0.0,"damage_taken":0.0},{"damage_healed":0.0,"max_hp_gain":0.0,"max_hp_loss":0.0,"gold_gain":0.0,"event_name":"Dead Adventurer","player_choice":"Searched \u00272\u0027 times","floor":14.0,"gold_loss":0.0,"damage_taken":0.0,"relics_obtained":["Emotion Chip"]},{"damage_healed":0.0,"max_hp_gain":0.0,"max_hp_loss":0.0,"gold_gain":0.0,"event_name":"Accursed Blacksmith","player_choice":"Forge","floor":19.0,"gold_loss":0.0,"damage_taken":0.0,"cards_upgraded":["Consume"]},{"damage_healed":0,"gold_gain":0,"player_choice":"Ignored","damage_taken":0,"max_hp_gain":0,"max_hp_loss":0,"event_name":"The Mausoleum","floor":29,"gold_loss":0},{"cards_removed":["Defend_B"],"damage_healed":0,"gold_gain":0,"player_choice":"Gave Gold","damage_taken":0,"max_hp_gain":0,"max_hp_loss":0,"event_name":"Beggar","floor":30,"gold_loss":75}],"is_beta":false,"boss_relics":[{"not_picked":["Runic Pyramid","Calling Bell"],"picked":"Runic Dome"}],"items_purged_floors":[11,13,20],"is_endless":false,"potions_floor_spawned":[3,7,10,22,24],"killed_by":"Collector","ascension_level":1}