{"gold_per_floor":[111,130,130,147,165,165,41,72,126,126,146,163,163,173,173,277,277,287,298,318,122,122],"floor_reached":22,"playtime":2213,"items_purged":["Defend_B"],"score":209,"play_id":"c960e712-7af4-46ed-bc5f-86705006f7ac","local_time":"20190810221506","is_ascension_mode":true,"campfire_choices":[{"data":"Zap","floor":6,"key":"SMITH"},{"data":"Self Repair","floor":10,"key":"SMITH"},{"data":"Dualcast","floor":13,"key":"SMITH"},{"data":"Go for the Eyes","floor":15,"key":"SMITH"}],"neow_cost":"NONE","seed_source_timestamp":495414633228200,"circlet_count":0,"master_deck":["Defend_B","Defend_B","Defend_B","Zap+1","Dualcast+1","Ball Lightning","Beam Cell","Darkness","Self Repair+1","Stack","Barrage","Go for the Eyes+1","Loop","Coolheaded","Core Surge","Sunder+1","Conserve Battery+1","Aggregate+1","Ball Lightning","Lockon+1","Barrage"],"relics":["Cracked Core","Ancient Tea Set","Blue Candle","Omamori","Astrolabe","Membership Card"],"potions_floor_usage":[8,12],"damage_taken":[{"damage":4,"enemies":"Jaw Worm","floor":1,"turns":3},{"damage":1,"enemies":"Cultist","floor":2,"turns":3},{"damage":0,"enemies":"Small Slimes","floor":4,"turns":2},{"damage":9,"enemies":"2 Fungi Beasts","floor":5,"turns":4},{"damage":28,"enemies":"Gremlin Nob","floor":8,"turns":4},{"damage":19,"enemies":"Exordium Wildlife","floor":11,"turns":4},{"damage":0,"enemies":"Gremlin Gang","floor":12,"turns":3},{"damage":12,"enemies":"3 Louse","floor":14,"turns":3},{"damage":21,"enemies":"Slime Boss","floor":16,"turns":7},{"damage":18,"enemies":"2 Thieves","floor":18,"turns":3},{"damage":7,"enemies":"Chosen","floor":19,"turns":4},{"damage":52,"enemies":"Snecko","floor":20,"turns":5},{"damage":24,"enemies":"Centurion and Healer","floor":22,"turns":2}],"seed_played":"-2481129116915351214","potions_obtained":[{"floor":2,"key":"PowerPotion"},{"floor":11,"key":"GamblersBrew"},{"floor":12,"key":"Energy Potion"},{"floor":14,"key":"Ancient Potion"}],"is_trial":false,"path_per_floor":["M","M","?","M","M","R","$","E","T","R","M","M","R","M","R","B",null,"M","M","M","$","M"],"character_chosen":"DEFECT","items_purchased":["Barrage","Membership Card"],"campfire_rested":0,"item_purchase_floors":[7,21],"current_hp_per_floor":[71,70,70,70,68,68,68,47,47,47,38,48,48,46,46,35,75,67,70,18,18,0],"gold":122,"neow_bonus":"RANDOM_COMMON_RELIC","is_prod":false,"is_daily":false,"chose_seed":false,"campfire_upgraded":4,"win_rate":0,"timestamp":1565442906,"path_taken":["M","M","?","M","M","R","$","E","T","R","M","M","R","?","R","BOSS","M","M","?","$","?"],"build_version":"2019-07-17","purchased_purges":1,"victory":false,"max_hp_per_floor":[75,75,75,75,75,75,75,75,75,75,75,75,75,75,75,75,75,75,75,75,75,75],"card_choices":[{"not_picked":["Barrage","Blizzard"],"picked":"Ball Lightning","floor":1},{"not_picked":["Redo","Compile Driver"],"picked":"Beam Cell","floor":2},{"not_picked":["Capacitor","Reinforced Body"],"picked":"Self Repair","floor":4},{"not_picked":["Beam Cell","Compile Driver"],"picked":"Stack","floor":5},{"not_picked":["Compile Driver","Scrape","Stack"],"picked":"SKIP","floor":8},{"not_picked":["Aggregate","Barrage"],"picked":"Go for the Eyes","floor":11},{"not_picked":["Thunder Strike","Cold Snap"],"picked":"Loop","floor":12},{"not_picked":["Rip and Tear","Loop"],"picked":"Coolheaded","floor":14},{"not_picked":["Fission","Hyperbeam"],"picked":"Core Surge","floor":16},{"not_picked":["Gash","Beam Cell"],"picked":"Ball Lightning","floor":18},{"not_picked":["Sweeping Beam","Stack+1"],"picked":"Lockon+1","floor":19},{"not_picked":["Hello World","Turbo"],"picked":"Barrage","floor":20}],"player_experience":274789,"relics_obtained":[{"floor":8,"key":"Blue Candle"},{"floor":9,"key":"Omamori"}],"event_choices":[{"damage_healed":0,"gold_gain":0,"cards_transformed":["Strike_B"],"player_choice":"Transformed","damage_taken":0,"max_hp_gain":0,"max_hp_loss":0,"event_name":"Transmorgrifier","floor":3,"gold_loss":0,"cards_obtained":["Darkness"]}],"is_beta":false,"boss_relics":[{"not_picked":["Lizard Tail","Black Star"],"picked":"Astrolabe"}],"items_purged_floors":[7],"is_endless":false,"potions_floor_spawned":[2,11,12,14],"killed_by":"Centurion and Healer","ascension_level":2}