{"gold_per_floor":[116,135,153,5,5,5,180,180,180,180,197,226,226,2,2,106,106,120,136,146,146,165,198,198,225,225,225,260,260,276,308,308,405,405,423,439,183,194,204,234,234,254,279,310,321,321,321,333,333,333],"floor_reached":51,"playtime":7343,"items_purged":["Doubt","Strike_R"],"score":825,"play_id":"96c15d20-6828-49c1-b8ab-eef805340997","local_time":"20190711002849","is_ascension_mode":true,"campfire_choices":[{"data":"Demon Form","floor":6,"key":"SMITH"},{"data":"Bash","floor":10,"key":"SMITH"},{"data":"Body Slam","floor":13,"key":"SMITH"},{"data":"Iron Wave","floor":15,"key":"SMITH"},{"floor":24,"key":"REST"},{"data":"Evolve","floor":29,"key":"SMITH"},{"floor":32,"key":"REST"},{"data":"Heavy Blade","floor":41,"key":"SMITH"},{"floor":47,"key":"REST"},{"data":"Disarm","floor":49,"key":"SMITH"}],"neow_cost":"NONE","seed_source_timestamp":168651132762182,"circlet_count":0,"master_deck":["Strike_R","Strike_R","Strike_R","Strike_R+1","Defend_R","Defend_R","Defend_R","Defend_R","Bash+1","Iron Wave+1","Demon Form+1","Shrug It Off","Pommel Strike+1","Body Slam+1","Reaper","Disarm+1","Shrug It Off+1","Heavy Blade+1","Evolve+1","Heavy Blade+1","Double Tap","Shrug It Off+1","True Grit+1","Reaper","Violence","Shrug It Off+1"],"relics":["Burning Blood","Lantern","Regal Pillow","Orichalcum","Mercury Hourglass","Pantograph","Bronze Scales","Philosopher\u0027s Stone","Pen Nib","Ancient Tea Set","StoneCalendar","Blood Vial","Velvet Choker","Oddly Smooth Stone","Sundial","Whetstone","Bag of Preparation"],"potions_floor_usage":[28,31,31,40,44],"damage_taken":[{"damage":3,"enemies":"Jaw Worm","floor":1,"turns":5},{"damage":0,"enemies":"Small Slimes","floor":2,"turns":6},{"damage":3,"enemies":"Cultist","floor":3,"turns":5},{"damage":6,"enemies":"Gremlin Gang","floor":11,"turns":4},{"damage":7,"enemies":"3 Sentries","floor":12,"turns":6},{"damage":38,"enemies":"Slime Boss","floor":16,"turns":7},{"damage":6,"enemies":"Chosen","floor":18,"turns":3},{"damage":0,"enemies":"Spheric Guardian","floor":19,"turns":3},{"damage":12,"enemies":"Centurion and Healer","floor":20,"turns":6},{"damage":12,"enemies":"3 Cultists","floor":22,"turns":5},{"damage":56,"enemies":"Gremlin Leader","floor":23,"turns":7},{"damage":38,"enemies":"Book of Stabbing","floor":25,"turns":5},{"damage":15,"enemies":"Gremlin Leader","floor":28,"turns":7},{"damage":18,"enemies":"Snake Plant","floor":30,"turns":3},{"damage":19,"enemies":"Slavers","floor":31,"turns":6},{"damage":41,"enemies":"Champ","floor":33,"turns":8},{"damage":6,"enemies":"3 Shapes","floor":35,"turns":3},{"damage":11,"enemies":"Orb Walker","floor":36,"turns":3},{"damage":20,"enemies":"4 Shapes","floor":38,"turns":4},{"damage":5,"enemies":"Spire Growth","floor":39,"turns":4},{"damage":40,"enemies":"Reptomancer","floor":40,"turns":5},{"damage":20,"enemies":"3 Darklings","floor":42,"turns":4},{"damage":47,"enemies":"Nemesis","floor":44,"turns":5},{"damage":26,"enemies":"Transient","floor":45,"turns":5},{"damage":6,"enemies":"Jaw Worm Horde","floor":48,"turns":5},{"damage":44,"enemies":"Awakened One","floor":50,"turns":9}],"seed_played":"4035334589583932738","potions_obtained":[{"floor":2,"key":"BloodPotion"},{"floor":8,"key":"EssenceOfSteel"},{"floor":8,"key":"SmokeBomb"},{"floor":18,"key":"Weak Potion"},{"floor":20,"key":"FearPotion"},{"floor":28,"key":"Fire Potion"},{"floor":31,"key":"Dexterity Potion"},{"floor":36,"key":"Fruit Juice"},{"floor":44,"key":"FairyPotion"},{"floor":48,"key":"Energy Potion"}],"is_trial":false,"path_per_floor":["M","M","M","$","?","R","?","?","T","R","M","E","R","$","R","B",null,"M","M","M","?","M","E","R","E","T","?","E","R","M","E","R","B",null,"M","M","$","M","M","E","R","M","T","E","M","?","R","M","R","B",null],"character_chosen":"IRONCLAD","items_purchased":["Regal Pillow","Bronze Scales","Oddly Smooth Stone"],"campfire_rested":3,"item_purchase_floors":[4,14,37],"current_hp_per_floor":[80,80,80,80,77,77,77,77,77,77,77,76,76,76,76,48,80,80,80,80,80,74,30,69,37,37,37,40,40,28,25,64,77,80,80,75,75,63,76,49,49,49,49,32,18,18,58,62,62,69],"gold":333,"neow_bonus":"RANDOM_COMMON_RELIC","is_prod":false,"is_daily":false,"chose_seed":false,"campfire_upgraded":7,"win_rate":0,"timestamp":1562819329,"path_taken":["M","M","M","$","?","R","?","?","T","R","?","E","R","$","R","BOSS","M","M","?","?","M","E","R","E","T","?","E","R","M","E","R","BOSS","M","M","?","M","M","E","R","M","T","E","M","?","R","M","R","BOSS"],"build_version":"2019-07-05","purchased_purges":2,"victory":true,"max_hp_per_floor":[80,80,80,80,80,80,80,80,80,80,80,80,80,80,80,80,80,80,80,80,80,80,80,80,80,80,80,80,80,80,80,80,80,80,80,80,80,80,80,85,85,85,85,85,85,85,85,85,85,85],"card_choices":[{"not_picked":["Warcry","Anger"],"picked":"Iron Wave","floor":1},{"not_picked":["Pommel Strike","Clothesline"],"picked":"Demon Form","floor":2},{"not_picked":["Clash","Perfected Strike"],"picked":"Shrug It Off","floor":3},{"not_picked":["Iron Wave","Feel No Pain"],"picked":"Pommel Strike","floor":11},{"not_picked":["Clash","Anger"],"picked":"Body Slam","floor":12},{"not_picked":["Brutality","Barricade"],"picked":"Reaper","floor":16},{"not_picked":["Wild Strike+1","Twin Strike","Uppercut"],"picked":"SKIP","floor":18},{"not_picked":["Perfected Strike","Dropkick","Dual Wield"],"picked":"SKIP","floor":19},{"not_picked":["Metallicize+1","Iron Wave","Entrench"],"picked":"SKIP","floor":20},{"not_picked":["Thunderclap","Carnage"],"picked":"Shrug It Off+1","floor":22},{"not_picked":["Pummel","Flex"],"picked":"Heavy Blade","floor":23},{"not_picked":["Fiend Fire","Seeing Red","Perfected Strike"],"picked":"SKIP","floor":25},{"not_picked":["Infernal Blade","Warcry"],"picked":"Evolve","floor":28},{"not_picked":["Rage+1","Flex+1","True Grit"],"picked":"SKIP","floor":30},{"not_picked":["Anger+1","Flex"],"picked":"Heavy Blade+1","floor":31},{"not_picked":["Juggernaut","Reaper"],"picked":"Double Tap","floor":33},{"not_picked":["Clothesline+1","Shrug It Off","Wild Strike"],"picked":"SKIP","floor":35},{"not_picked":["Hemokinesis","Armaments"],"picked":"Shrug It Off+1","floor":36},{"not_picked":["Perfected Strike+1","Sword Boomerang","Fire Breathing"],"picked":"SKIP","floor":38},{"not_picked":["Inflame+1","Entrench","Twin Strike"],"picked":"SKIP","floor":39},{"not_picked":["Intimidate","Warcry","Dropkick+1"],"picked":"SKIP","floor":40},{"not_picked":["Double Tap","Inflame","Burning Pact"],"picked":"SKIP","floor":42},{"not_picked":["Wild Strike","Thunderclap"],"picked":"True Grit+1","floor":44},{"not_picked":["Thunderclap+1","Flex+1"],"picked":"Reaper","floor":45},{"not_picked":["Bandage Up","Purity"],"picked":"Violence","floor":46},{"not_picked":["Headbutt+1","Thunderclap"],"picked":"Shrug It Off+1","floor":48}],"player_experience":70624,"relics_obtained":[{"floor":9,"key":"Mercury Hourglass"},{"floor":12,"key":"Pantograph"},{"floor":23,"key":"Pen Nib"},{"floor":25,"key":"Ancient Tea Set"},{"floor":28,"key":"StoneCalendar"},{"floor":31,"key":"Blood Vial"},{"floor":40,"key":"Sundial"},{"floor":43,"key":"Whetstone"},{"floor":44,"key":"Bag of Preparation"}],"event_choices":[{"damage_healed":0,"gold_gain":0,"player_choice":"Success","damage_taken":3,"relics_obtained":["Orichalcum"],"max_hp_gain":0,"max_hp_loss":0,"event_name":"Scrap Ooze","floor":5,"gold_loss":0},{"damage_healed":0,"gold_gain":175,"player_choice":"AGREE","damage_taken":0,"max_hp_gain":0,"max_hp_loss":0,"event_name":"Liars Game","floor":7,"gold_loss":0,"cards_obtained":["Doubt"]},{"damage_healed":0,"gold_gain":0,"player_choice":"Got Potions","damage_taken":0,"max_hp_gain":0,"max_hp_loss":0,"event_name":"Lab","floor":8,"gold_loss":0},{"damage_healed":0,"gold_gain":0,"player_choice":"Read","damage_taken":0,"max_hp_gain":0,"max_hp_loss":0,"event_name":"The Library","floor":21,"gold_loss":0,"cards_obtained":["Disarm"]},{"damage_healed":0,"gold_gain":0,"player_choice":"Ignored","damage_taken":0,"max_hp_gain":0,"max_hp_loss":0,"event_name":"N\u0027loth","floor":27,"gold_loss":0},{"damage_healed":0,"gold_gain":0,"player_choice":"Memory 1","damage_taken":0,"max_hp_gain":0,"max_hp_loss":0,"event_name":"SensoryStone","floor":46,"gold_loss":0}],"is_beta":false,"boss_relics":[{"not_picked":["Runic Dome","Black Star"],"picked":"Philosopher\u0027s Stone"},{"not_picked":["Cursed Key","Black Blood"],"picked":"Velvet Choker"}],"items_purged_floors":[14,37],"is_endless":false,"potions_floor_spawned":[2,16,18,20,28,31,36,44,48],"ascension_level":1}