{"gold_per_floor":[10,10,25,37,56,56,84,84,157,217,230,249,249,259,259,336,336,354,372,372,385,385,385,385],"floor_reached":24,"playtime":867,"items_purged":[],"score":420,"play_id":"9ab9420f-9478-49da-8f47-7142e6066174","local_time":"20190803162149","is_ascension_mode":true,"campfire_choices":[{"data":"Zap","floor":6,"key":"SMITH"},{"floor":8,"key":"REST"},{"floor":13,"key":"REST"},{"floor":15,"key":"REST"},{"floor":23,"key":"REST"}],"neow_cost":"NO_GOLD","seed_source_timestamp":14463373968720,"circlet_count":0,"master_deck":["AscendersBane","Strike_B","Defend_B","Defend_B","Defend_B","Defend_B","Zap+1","Dualcast","Gash","Glacier","Gash","Genetic Algorithm","Hello World","Seek","Self Repair","Coolheaded","Echo Form","Darkness","Compile Driver"],"relics":["Cracked Core","Peace Pipe","Blue Candle","Tiny Chest","Inserter"],"potions_floor_usage":[7,14,16,16],"damage_taken":[{"damage":2,"enemies":"Jaw Worm","floor":1,"turns":3},{"damage":0,"enemies":"Cultist","floor":3,"turns":4},{"damage":3,"enemies":"2 Louse","floor":4,"turns":3},{"damage":10,"enemies":"2 Fungi Beasts","floor":5,"turns":4},{"damage":39,"enemies":"3 Sentries","floor":7,"turns":12},{"damage":6,"enemies":"Lagavulin","floor":10,"turns":6},{"damage":14,"enemies":"Red Slaver","floor":11,"turns":4},{"damage":12,"enemies":"Exordium Wildlife","floor":12,"turns":6},{"damage":34,"enemies":"Gremlin Gang","floor":14,"turns":6},{"damage":8,"enemies":"Hexaghost","floor":16,"turns":11},{"damage":15,"enemies":"Spheric Guardian","floor":18,"turns":8},{"damage":29,"enemies":"Chosen","floor":19,"turns":8},{"damage":29,"enemies":"Snake Plant","floor":21,"turns":6},{"damage":39,"enemies":"Book of Stabbing","floor":24,"turns":5}],"seed_played":"-4045392440752593805","potions_obtained":[{"floor":3,"key":"Regen Potion"},{"floor":7,"key":"Poison Potion"},{"floor":11,"key":"FocusPotion"},{"floor":14,"key":"EntropicBrew"},{"floor":16,"key":"Dexterity Potion"}],"is_trial":false,"path_per_floor":["M","?","M","M","M","R","E","R","T","E","M","M","R","M","R","B",null,"M","M","?","M","?","R","E"],"character_chosen":"DEFECT","items_purchased":[],"campfire_rested":4,"item_purchase_floors":[],"current_hp_per_floor":[62,62,62,59,49,49,25,46,46,40,26,14,35,8,29,28,60,59,44,40,18,18,39,0],"gold":385,"neow_bonus":"REMOVE_TWO","is_prod":false,"is_daily":false,"chose_seed":false,"campfire_upgraded":1,"win_rate":0,"timestamp":1564842109,"path_taken":["M","?","M","?","M","R","E","R","T","E","M","M","R","M","R","BOSS","M","M","?","?","?","R","E"],"build_version":"2019-07-18","purchased_purges":0,"victory":false,"max_hp_per_floor":[71,71,71,71,71,71,71,71,71,71,71,71,71,71,71,71,71,71,71,71,71,71,71,71],"card_choices":[{"not_picked":["Leap","Stack"],"picked":"Gash","floor":1},{"not_picked":["Stack","BootSequence"],"picked":"Gash","floor":3},{"not_picked":["Steam","Consume","Beam Cell"],"picked":"SKIP","floor":4},{"not_picked":["Streamline","Aggregate"],"picked":"Genetic Algorithm","floor":5},{"not_picked":["Rebound","Turbo"],"picked":"Hello World","floor":7},{"not_picked":["Barrage","Turbo","Fusion"],"picked":"SKIP","floor":10},{"not_picked":["Conserve Battery","Redo"],"picked":"Seek","floor":11},{"not_picked":["Streamline","Gash"],"picked":"Self Repair","floor":12},{"not_picked":["Go for the Eyes","Conserve Battery"],"picked":"Coolheaded","floor":14},{"not_picked":["Machine Learning","Seek"],"picked":"Echo Form","floor":16},{"not_picked":["Reinforced Body","Redo"],"picked":"Darkness","floor":18},{"not_picked":["Streamline","Turbo","Hologram"],"picked":"SKIP","floor":19},{"not_picked":["Stack+1","Hologram"],"picked":"Compile Driver","floor":21}],"player_experience":1951621,"relics_obtained":[{"floor":7,"key":"Peace Pipe"},{"floor":9,"key":"Blue Candle"},{"floor":10,"key":"Tiny Chest"}],"event_choices":[{"damage_healed":0,"gold_gain":0,"cards_transformed":["Strike_B"],"player_choice":"Transformed","damage_taken":0,"max_hp_gain":0,"max_hp_loss":0,"event_name":"Transmorgrifier","floor":2,"gold_loss":0,"cards_obtained":["Glacier"]},{"damage_healed":0,"gold_gain":0,"player_choice":"Bought 0 Potions","damage_taken":0,"max_hp_gain":0,"max_hp_loss":0,"event_name":"The Woman in Blue","floor":20,"gold_loss":0},{"damage_healed":0,"gold_gain":0,"player_choice":"Ignored","damage_taken":0,"max_hp_gain":0,"max_hp_loss":0,"event_name":"The Mausoleum","floor":22,"gold_loss":0}],"is_beta":true,"boss_relics":[{"not_picked":["Calling Bell","Lizard Tail"],"picked":"Inserter"}],"items_purged_floors":[],"is_endless":false,"potions_floor_spawned":[3,7,11,14,16,21],"killed_by":"Book of Stabbing","ascension_level":20}