{"gold_per_floor":[12,27,39,56,76,76,76,104,104,104,122,141,141,161,161,238,238,255,275,58,74,74,74,101,81,81,81,112,126,142,142],"floor_reached":31,"playtime":1203,"items_purged":["Strike_B"],"score":612,"play_id":"c9ee8d5e-87ec-4ea0-be88-a8b333a6bef0","local_time":"20190706162415","is_ascension_mode":true,"campfire_choices":[{"data":"Fission","floor":6.0,"key":"SMITH"},{"data":"Buffer","floor":10.0,"key":"SMITH"},{"data":"Barrage","floor":13.0,"key":"SMITH"},{"data":"Consume","floor":15.0,"key":"SMITH"},{"floor":23.0,"key":"REST"},{"floor":27.0,"key":"REST"}],"neow_cost":"NO_GOLD","seed_source_timestamp":8178702444462,"circlet_count":0,"master_deck":["AscendersBane","Strike_B+1","Defend_B","Defend_B","Defend_B","Defend_B","Zap","Dualcast","Buffer+1","Glacier","Loop+1","Streamline","BootSequence","Fission+1","Reinforced Body","Barrage+1","Auto Shields","Consume+1","Echo Form","Sweeping Beam","Capacitor","Cold Snap+1","Rebound","Blizzard","Sweeping Beam","Defragment","Self Repair"],"special_seed":0,"relics":["Cracked Core","Lantern","Pantograph","Nuclear Battery","Ornamental Fan","Shuriken","Letter Opener"],"potions_floor_usage":[31,31],"damage_taken":[{"damage":0.0,"enemies":"Cultist","floor":1.0,"turns":3.0},{"damage":1.0,"enemies":"Jaw Worm","floor":2.0,"turns":5.0},{"damage":3.0,"enemies":"2 Louse","floor":3.0,"turns":5.0},{"damage":12.0,"enemies":"2 Fungi Beasts","floor":4.0,"turns":4.0},{"damage":0.0,"enemies":"Red Slaver","floor":5.0,"turns":5.0},{"damage":0.0,"enemies":"Gremlin Nob","floor":8.0,"turns":4.0},{"damage":0.0,"enemies":"Lots of Slimes","floor":11.0,"turns":6.0},{"damage":4.0,"enemies":"Exordium Wildlife","floor":12.0,"turns":5.0},{"damage":0.0,"enemies":"Large Slime","floor":14.0,"turns":7.0},{"damage":24.0,"enemies":"The Guardian","floor":16.0,"turns":10.0},{"damage":0.0,"enemies":"Spheric Guardian","floor":18.0,"turns":6.0},{"damage":11.0,"enemies":"3 Byrds","floor":19.0,"turns":7.0},{"damage":30.0,"enemies":"Snake Plant","floor":21.0,"turns":8.0},{"damage":12.0,"enemies":"Slavers","floor":24.0,"turns":10.0},{"damage":25.0,"enemies":"Book of Stabbing","floor":28.0,"turns":5.0},{"damage":8.0,"enemies":"Centurion and Healer","floor":29.0,"turns":6.0},{"damage":0.0,"enemies":"Snecko","floor":30.0,"turns":7.0},{"damage":23,"enemies":"Cultist and Chosen","floor":31,"turns":9}],"seed_played":"8191775243469443431","potions_obtained":[{"floor":1.0,"key":"Poison Potion"},{"floor":2.0,"key":"Block Potion"},{"floor":11.0,"key":"EssenceOfSteel"},{"floor":19.0,"key":"LiquidBronze"},{"floor":24.0,"key":"Strength Potion"},{"floor":29.0,"key":"Dexterity Potion"},{"floor":30.0,"key":"GamblersBrew"}],"is_trial":false,"path_per_floor":["M","M","M","M","M","R","?","E","T","R","M","M","R","M","R","B",null,"M","M","$","M","?","R","E","?","T","R","E","M","M","M"],"character_chosen":"DEFECT","items_purchased":["Capacitor","Fire Potion"],"campfire_rested":2,"item_purchase_floors":[20,20],"current_hp_per_floor":[64,63,60,48,48,48,27,27,27,27,27,23,23,23,23,24,59,59,48,48,18,18,39,27,27,27,48,23,15,15,0],"gold":142,"neow_bonus":"THREE_RARE_CARDS","is_prod":false,"is_daily":false,"chose_seed":false,"campfire_upgraded":4,"win_rate":0,"timestamp":1562423055,"path_taken":["M","?","M","?","M","R","?","E","T","R","M","M","R","M","R","BOSS","M","M","$","M","?","R","E","?","T","R","E","?","M","M"],"build_version":"2019-07-03","purchased_purges":1,"victory":false,"max_hp_per_floor":[71,71,71,71,71,71,71,71,71,71,71,71,71,71,71,71,71,71,71,71,71,71,71,71,71,71,71,71,71,71,71],"card_choices":[{"not_picked":["Amplify","Meteor Strike"],"picked":"Buffer","floor":0.0},{"not_picked":["Aggregate","Streamline"],"picked":"Glacier","floor":1.0},{"not_picked":["Barrage","Hologram"],"picked":"Loop","floor":2.0},{"not_picked":["Turbo","Undo"],"picked":"Streamline","floor":3.0},{"not_picked":["Compile Driver","Beam Cell"],"picked":"BootSequence","floor":4.0},{"not_picked":["Chaos","Beam Cell"],"picked":"Fission","floor":5.0},{"not_picked":["Leap","Chaos"],"picked":"Reinforced Body","floor":8.0},{"not_picked":["Beam Cell","Rebound"],"picked":"Barrage","floor":11.0},{"not_picked":["Coolheaded","Gash"],"picked":"Auto Shields","floor":12.0},{"not_picked":["Steam Power","Reprogram"],"picked":"Consume","floor":14.0},{"not_picked":["Meteor Strike","Amplify"],"picked":"Echo Form","floor":16.0},{"not_picked":["Beam Cell","Hologram"],"picked":"Sweeping Beam","floor":18.0},{"not_picked":["Thunder Strike","Streamline","Lockon"],"picked":"SKIP","floor":19.0},{"not_picked":["Gash","Steam"],"picked":"Cold Snap+1","floor":21.0},{"not_picked":["Cold Snap","Hello World+1"],"picked":"Sweeping Beam","floor":24.0},{"not_picked":["Barrage","Steam Power","Consume"],"picked":"SKIP","floor":28.0},{"not_picked":["Auto Shields","Aggregate"],"picked":"Defragment","floor":29.0},{"not_picked":["Gash","Rebound"],"picked":"Self Repair","floor":30.0}],"player_experience":1818657,"relics_obtained":[{"floor":8.0,"key":"Lantern"},{"floor":9.0,"key":"Pantograph"},{"floor":24.0,"key":"Ornamental Fan"},{"floor":26.0,"key":"Shuriken"},{"floor":28.0,"key":"Letter Opener"}],"event_choices":[{"damage_healed":0.0,"max_hp_gain":0.0,"max_hp_loss":0.0,"gold_gain":0.0,"event_name":"Shining Light","player_choice":"Entered Light","floor":7.0,"gold_loss":0.0,"damage_taken":21.0,"cards_upgraded":["Loop","Strike_B"]},{"damage_healed":0.0,"max_hp_gain":0.0,"max_hp_loss":0.0,"gold_gain":0.0,"cards_transformed":["Strike_B","Strike_B"],"event_name":"Drug Dealer","player_choice":"Became Test Subject","floor":22.0,"gold_loss":0.0,"damage_taken":0.0,"cards_obtained":["Rebound","Blizzard"]},{"damage_healed":0.0,"max_hp_gain":0.0,"max_hp_loss":0.0,"gold_gain":0.0,"event_name":"The Woman in Blue","player_choice":"Bought 1 Potion","floor":25.0,"gold_loss":0.0,"damage_taken":0.0}],"is_beta":true,"boss_relics":[{"not_picked":["Runic Dome","Busted Crown"],"picked":"Nuclear Battery"}],"items_purged_floors":[20],"is_endless":false,"potions_floor_spawned":[1,2,4,5,11,19,21,24,29,30],"killed_by":"Cultist and Chosen","ascension_level":20}