{"gold_per_floor":[116,18,93,93,113,113,144,144,144,197,229,229,264,278,278,278],"floor_reached":16,"playtime":460,"items_purged":[],"score":232,"play_id":"050359e2-36c2-4ecf-88ae-2a7b3be2ad85","local_time":"20190811164955","is_ascension_mode":true,"campfire_choices":[{"data":"Zap","floor":6.0,"key":"SMITH"},{"floor":12.0,"key":"REST"},{"floor":15.0,"key":"REST"}],"neow_cost":"NONE","seed_source_timestamp":16446423427838,"circlet_count":0,"master_deck":["AscendersBane","Zap+1","Dualcast","Storm","Self Repair","Rebound","Genetic Algorithm","Genetic Algorithm","FTL","Streamline","Capacitor","Dramatic Entrance","Cold Snap","Leap","Seek","Conserve Battery+1","Compile Driver"],"special_seed":0,"relics":["Pandora\u0027s Box","Sundial","Frozen Egg 2","Art of War","Toxic Egg 2"],"potions_floor_usage":[16],"damage_taken":[{"damage":11.0,"enemies":"Jaw Worm","floor":1.0,"turns":3.0},{"damage":8.0,"enemies":"Small Slimes","floor":5.0,"turns":3.0},{"damage":18.0,"enemies":"3 Sentries","floor":7.0,"turns":6.0},{"damage":55.0,"enemies":"Gremlin Nob","floor":11.0,"turns":5.0},{"damage":28.0,"enemies":"3 Sentries","floor":13.0,"turns":11.0},{"damage":9.0,"enemies":"Cultist","floor":14.0,"turns":4.0},{"damage":47,"enemies":"Slime Boss","floor":16,"turns":10}],"seed_played":"7854717190983415025","potions_obtained":[{"floor":4.0,"key":"Fire Potion"},{"floor":4.0,"key":"FocusPotion"},{"floor":11.0,"key":"Ancient Potion"},{"floor":14.0,"key":"Regen Potion"}],"is_trial":false,"path_per_floor":["M","$","?","?","M","R","E","?","T","?","E","R","E","M","R","B"],"character_chosen":"DEFECT","items_purchased":["Dramatic Entrance"],"campfire_rested":2,"item_purchase_floors":[2],"current_hp_per_floor":[60,60,49,49,48,48,37,60,60,60,12,33,12,10,31,0],"gold":278,"neow_bonus":"BOSS_RELIC","is_prod":false,"is_daily":false,"chose_seed":false,"campfire_upgraded":1,"win_rate":0,"timestamp":1565534995,"path_taken":["M","$","?","?","?","R","E","?","T","?","E","R","E","M","R","BOSS"],"build_version":"2019-07-18","purchased_purges":0,"victory":false,"max_hp_per_floor":[71,71,71,71,71,71,71,71,71,71,71,71,71,71,71,71],"card_choices":[{"not_picked":["Stack","Capacitor","Beam Cell"],"picked":"SKIP","floor":1.0},{"not_picked":["Beam Cell","Steam"],"picked":"Cold Snap","floor":5.0},{"not_picked":["Lockon","Streamline"],"picked":"Leap","floor":7.0},{"not_picked":["Barrage","Redo"],"picked":"Seek","floor":11.0},{"not_picked":["Coolheaded","Force Field"],"picked":"Conserve Battery","floor":13.0},{"not_picked":["Reprogram+1","Go for the Eyes"],"picked":"Compile Driver","floor":14.0}],"player_experience":1983780,"relics_obtained":[{"floor":7.0,"key":"Sundial"},{"floor":9.0,"key":"Frozen Egg 2"},{"floor":11.0,"key":"Art of War"},{"floor":13.0,"key":"Toxic Egg 2"}],"event_choices":[{"damage_healed":0.0,"max_hp_gain":0.0,"max_hp_loss":0.0,"gold_gain":75.0,"event_name":"World of Goop","player_choice":"Gather Gold","floor":3.0,"gold_loss":0.0,"damage_taken":11.0},{"damage_healed":0.0,"max_hp_gain":0.0,"max_hp_loss":0.0,"gold_gain":0.0,"event_name":"Lab","player_choice":"Got Potions","floor":4.0,"gold_loss":0.0,"damage_taken":0.0},{"damage_healed":23.0,"max_hp_gain":0.0,"max_hp_loss":0.0,"gold_gain":0.0,"event_name":"Big Fish","player_choice":"Banana","floor":8.0,"gold_loss":0.0,"damage_taken":0.0},{"damage_healed":0.0,"max_hp_gain":0.0,"max_hp_loss":0.0,"gold_gain":53.0,"event_name":"Golden Wing","player_choice":"Gained Gold","floor":10.0,"gold_loss":0.0,"damage_taken":0.0}],"is_beta":true,"boss_relics":[],"items_purged_floors":[],"is_endless":false,"potions_floor_spawned":[5,11,14],"killed_by":"Slime Boss","ascension_level":20}