{"gold_per_floor":[112,112,124,49,49,77,77,88,88,101,117,130,161,161,161,161],"floor_reached":16,"playtime":522,"items_purged":["Pain"],"score":226,"play_id":"2a116cda-2c95-438f-8b3a-70ae9aaf2107","local_time":"20190804160245","is_ascension_mode":true,"campfire_choices":[{"data":"Zap","floor":7.0,"key":"SMITH"},{"data":"Multi-Cast","floor":15,"key":"SMITH"}],"neow_cost":"NONE","seed_source_timestamp":89338839965997,"circlet_count":0,"master_deck":["AscendersBane","Strike_B","Strike_B","Strike_B","Defend_B","Defend_B","Defend_B","Defend_B","Zap+1","Dualcast","Cold Snap","Hologram","Multi-Cast+1","Recycle"],"special_seed":0,"relics":["Cracked Core","NeowsBlessing","WarpedTongs","Matryoshka","Blue Candle","Dream Catcher","Anchor"],"potions_floor_usage":[11,13,13],"damage_taken":[{"damage":0.0,"enemies":"Jaw Worm","floor":1.0,"turns":1.0},{"damage":0.0,"enemies":"Cultist","floor":3.0,"turns":1.0},{"damage":0.0,"enemies":"Gremlin Nob","floor":6.0,"turns":1.0},{"damage":0.0,"enemies":"2 Louse","floor":8.0,"turns":2.0},{"damage":9,"enemies":"Red Slaver","floor":10,"turns":2},{"damage":0,"enemies":"Blue Slaver","floor":11,"turns":3},{"damage":11,"enemies":"Gremlin Gang","floor":12,"turns":5},{"damage":13,"enemies":"3 Sentries","floor":13,"turns":7},{"damage":41,"enemies":"Hexaghost","floor":16,"turns":11}],"seed_played":"5444782568655007864","potions_obtained":[{"floor":3.0,"key":"SmokeBomb"},{"floor":5.0,"key":"Block Potion"},{"floor":6.0,"key":"AttackPotion"},{"floor":12,"key":"Dexterity Potion"}],"is_trial":false,"path_per_floor":["M","?","M","$","?","E","R","M","T","M","M","M","E","?","R","B"],"character_chosen":"DEFECT","items_purchased":[],"campfire_rested":0,"item_purchase_floors":[],"current_hp_per_floor":[68,68,68,68,68,68,68,68,68,59,59,48,35,35,35,0],"gold":161,"neow_bonus":"THREE_ENEMY_KILL","is_prod":false,"is_daily":false,"chose_seed":false,"campfire_upgraded":2,"win_rate":0,"timestamp":1564902165,"path_taken":["M","?","?","$","?","E","R","?","T","M","M","M","E","?","R","BOSS"],"build_version":"2019-07-17","purchased_purges":1,"victory":false,"max_hp_per_floor":[75,75,75,75,75,75,75,75,75,75,75,75,75,75,75,75],"card_choices":[{"not_picked":["Sweeping Beam","Steam"],"picked":"Cold Snap","floor":1.0},{"not_picked":["Conserve Battery","Rebound"],"picked":"Hologram","floor":3.0},{"not_picked":["Beam Cell","Leap"],"picked":"Multi-Cast","floor":6.0},{"not_picked":["Redo","Beam Cell","Compile Driver"],"picked":"SKIP","floor":8},{"not_picked":["Turbo","Cold Snap"],"picked":"Recycle","floor":10},{"not_picked":["Static Discharge","Storm","FTL"],"picked":"SKIP","floor":11},{"not_picked":["Conserve Battery","Go for the Eyes","Beam Cell"],"picked":"SKIP","floor":12},{"not_picked":["Steam Power","Leap","Rainbow"],"picked":"SKIP","floor":13}],"player_experience":222259,"relics_obtained":[{"floor":6.0,"key":"Matryoshka"},{"floor":9,"key":"Blue Candle"},{"floor":9,"key":"Dream Catcher"},{"floor":13,"key":"Anchor"}],"event_choices":[{"damage_healed":0.0,"max_hp_gain":0.0,"max_hp_loss":0.0,"gold_gain":0.0,"event_name":"Accursed Blacksmith","player_choice":"Rummage","floor":2.0,"gold_loss":0.0,"damage_taken":0.0,"relics_obtained":["WarpedTongs"],"cards_obtained":["Pain"]},{"damage_healed":0.0,"max_hp_gain":0.0,"max_hp_loss":0.0,"gold_gain":0.0,"event_name":"Lab","player_choice":"Got Potions","floor":5.0,"gold_loss":0.0,"damage_taken":0.0},{"cards_removed":["Strike_B"],"damage_healed":0,"gold_gain":0,"player_choice":"Purged","damage_taken":0,"max_hp_gain":0,"max_hp_loss":0,"event_name":"Purifier","floor":14,"gold_loss":0}],"is_beta":false,"boss_relics":[],"items_purged_floors":[4],"is_endless":false,"potions_floor_spawned":[3,6,8,12],"killed_by":"Hexaghost","ascension_level":13}