{"gold_per_floor":[215,227,247,11,23,23,49,49,94,144,155,155,175,210,210,284,284,294,108,124,136,152,177,177,207,232,263,282,282,282,300,300,373,373,390,401,28,28,43,70,70,96,123,173,198,217,244,254,254,254,254,254,254,45,79,79],"floor_reached":57,"playtime":10478,"items_purged":["Anger","Strike_R+1","Strike_R+1"],"score":3013,"play_id":"0a333d15-abf0-40b8-bebf-711a42d3267f","local_time":"20190726123720","is_ascension_mode":true,"campfire_choices":[{"data":"Bash","floor":6.0,"key":"SMITH"},{"floor":8.0,"key":"REST"},{"data":"Feel No Pain","floor":12.0,"key":"SMITH"},{"data":"Demon Form","floor":15.0,"key":"SMITH"},{"data":"Clothesline","floor":24.0,"key":"SMITH"},{"data":"Disarm","floor":32.0,"key":"SMITH"},{"floor":41.0,"key":"RECALL"},{"data":"Disarm","floor":49,"key":"SMITH"},{"data":"Offering","floor":53,"key":"SMITH"}],"neow_cost":"NONE","seed_source_timestamp":557554416745585,"circlet_count":0,"master_deck":["AscendersBane","Strike_R+1","Strike_R+1","Defend_R+1","Defend_R+1","Defend_R+1","Defend_R+1","Bash+1","Headbutt","Thunderclap","Feel No Pain+1","Feed","Cleave","Corruption","Headbutt","Exhume","Demon Form+1","Reaper","Clothesline+1","Havoc+1","Sentinel","Sentinel","Heavy Blade+1","Disarm+1","Limit Break","Offering+1","Shrug It Off","Disarm+1","True Grit+1","Body Slam","Sentinel"],"special_seed":0,"relics":["Burning Blood","Singing Bowl","PreservedInsect","Boot","Snecko Eye","Blue Candle","Mercury Hourglass","War Paint","Bottled Lightning","Velvet Choker","Pantograph","Centennial Puzzle","Bottled Flame","Regal Pillow","Sundial","Ice Cream"],"potions_floor_usage":[45,56],"damage_taken":[{"damage":14.0,"enemies":"Jaw Worm","floor":1.0,"turns":4.0},{"damage":8.0,"enemies":"Cultist","floor":2.0,"turns":5.0},{"damage":4.0,"enemies":"Small Slimes","floor":3.0,"turns":3.0},{"damage":19.0,"enemies":"Blue Slaver","floor":5.0,"turns":5.0},{"damage":30.0,"enemies":"Lagavulin","floor":7.0,"turns":6.0},{"damage":16.0,"enemies":"Exordium Thugs","floor":11.0,"turns":4.0},{"damage":6.0,"enemies":"3 Louse","floor":13.0,"turns":3.0},{"damage":8.0,"enemies":"Gremlin Nob","floor":14.0,"turns":3.0},{"damage":41.0,"enemies":"The Guardian","floor":16.0,"turns":8.0},{"damage":25.0,"enemies":"Shell Parasite","floor":18.0,"turns":4.0},{"damage":24.0,"enemies":"Spheric Guardian","floor":20.0,"turns":5.0},{"damage":7.0,"enemies":"3 Cultists","floor":21.0,"turns":4.0},{"damage":27.0,"enemies":"Shelled Parasite and Fungi","floor":22.0,"turns":4.0},{"damage":28.0,"enemies":"Slavers","floor":23.0,"turns":4.0},{"damage":0.0,"enemies":"Gremlin Leader","floor":25.0,"turns":5.0},{"damage":22.0,"enemies":"Book of Stabbing","floor":27.0,"turns":5.0},{"damage":20.0,"enemies":"Chosen and Byrds","floor":28.0,"turns":5.0},{"damage":6.0,"enemies":"Snake Plant","floor":31.0,"turns":3.0},{"damage":19.0,"enemies":"Automaton","floor":33.0,"turns":6.0},{"damage":58.0,"enemies":"3 Darklings","floor":35.0,"turns":5.0},{"damage":11.0,"enemies":"3 Shapes","floor":36.0,"turns":5.0},{"damage":62.0,"enemies":"Sphere and 2 Shapes","floor":39.0,"turns":6.0},{"damage":0.0,"enemies":"Nemesis","floor":40.0,"turns":3.0},{"damage":13.0,"enemies":"Giant Head","floor":42.0,"turns":6.0},{"damage":21,"enemies":"Reptomancer","floor":45,"turns":6},{"damage":6,"enemies":"4 Shapes","floor":46,"turns":5},{"damage":25,"enemies":"Nemesis","floor":47,"turns":8},{"damage":13,"enemies":"Transient","floor":48,"turns":6},{"damage":82,"enemies":"Awakened One","floor":50,"turns":9},{"damage":45,"enemies":"Time Eater","floor":51,"turns":11},{"damage":103,"enemies":"Shield and Spear","floor":55,"turns":7},{"damage":76,"enemies":"The Heart","floor":56,"turns":8}],"seed_played":"5664411615520204895","potions_obtained":[{"floor":5.0,"key":"SkillPotion"},{"floor":11.0,"key":"Fire Potion"},{"floor":13.0,"key":"FairyPotion"},{"floor":16.0,"key":"SpeedPotion"},{"floor":23.0,"key":"SkillPotion"},{"floor":25.0,"key":"LiquidBronze"},{"floor":35.0,"key":"Fire Potion"},{"floor":45,"key":"FearPotion"}],"is_trial":false,"path_per_floor":["M","M","M","$","M","R","E","R","T","?","M","R","M","E","R","B",null,"M","$","M","M","M","E","R","E","T","E","M","?","?","M","R","B",null,"M","M","$","?","M","E","R","E","T","?","E","M","E","M","R","B","B",null,"R","$","E","B",null],"character_chosen":"IRONCLAD","items_purchased":["Feel No Pain","Feed","Havoc","AttackPotion","Pantograph","Sentinel"],"campfire_rested":1,"item_purchase_floors":[4,4,19,19,37,54],"current_hp_per_floor":[60,58,60,60,50,50,29,53,53,53,46,46,49,47,47,12,68,67,67,56,95,92,75,75,81,81,77,87,87,87,97,97,87,105,82,98,98,98,84,93,93,116,116,104,122,140,142,142,142,120,123,142,142,142,98,60],"gold":79,"neow_bonus":"HUNDRED_GOLD","is_prod":false,"is_daily":false,"chose_seed":false,"campfire_upgraded":7,"win_rate":0,"timestamp":1564133840,"path_taken":["M","M","M","$","M","R","E","R","T","?","M","R","M","E","R","BOSS","M","$","M","?","M","E","R","E","T","E","M","?","?","?","R","BOSS","M","M","$","?","M","E","R","E","T","?","E","M","E","M","R","BOSS","BOSS","R","$","E","BOSS"],"build_version":"2019-07-17","purchased_purges":3,"victory":true,"max_hp_per_floor":[75,75,75,75,78,78,81,81,81,81,84,84,87,87,87,87,87,90,90,90,95,100,100,100,100,100,102,105,105,105,108,108,111,111,116,122,122,116,121,124,124,129,129,129,132,140,142,142,142,145,148,148,148,148,150,150],"card_choices":[{"not_picked":["Thunderclap","Havoc"],"picked":"Anger","floor":1.0},{"not_picked":["Shrug It Off","Clash"],"picked":"Headbutt","floor":2.0},{"not_picked":["Hemokinesis","Flex"],"picked":"Thunderclap","floor":3.0},{"not_picked":["Havoc","Second Wind"],"picked":"Cleave","floor":5.0},{"not_picked":["Headbutt","Heavy Blade"],"picked":"Corruption","floor":7.0},{"not_picked":["Infernal Blade","Dual Wield"],"picked":"Headbutt","floor":11.0},{"not_picked":["Bloodletting","Sword Boomerang"],"picked":"Exhume","floor":13.0},{"not_picked":["Clothesline","True Grit"],"picked":"Demon Form","floor":14.0},{"not_picked":["Impervious","Barricade"],"picked":"Reaper","floor":16.0},{"not_picked":["Warcry","Second Wind"],"picked":"Clothesline","floor":18.0},{"not_picked":["Perfected Strike+1","Bloodletting"],"picked":"Sentinel","floor":20.0},{"not_picked":["Infernal Blade","Pommel Strike","Armaments"],"picked":"Singing Bowl","floor":21.0},{"not_picked":["Second Wind","Headbutt","Armaments"],"picked":"Singing Bowl","floor":22.0},{"not_picked":["Thunderclap","Whirlwind"],"picked":"Sentinel","floor":23.0},{"not_picked":["Anger","Warcry"],"picked":"Heavy Blade+1","floor":25.0},{"not_picked":["Second Wind","Fire Breathing","Rupture+1"],"picked":"Singing Bowl","floor":27.0},{"not_picked":["Iron Wave","Sword Boomerang"],"picked":"Disarm","floor":28.0},{"not_picked":["Headbutt","Cleave"],"picked":"Limit Break","floor":31.0},{"not_picked":["Berserk","Juggernaut"],"picked":"Offering","floor":33.0},{"not_picked":["Whirlwind+1","Rupture","Twin Strike"],"picked":"Singing Bowl","floor":35.0},{"not_picked":["Twin Strike","Wild Strike"],"picked":"Shrug It Off","floor":36.0},{"not_picked":["Rage","Iron Wave","Twin Strike"],"picked":"Singing Bowl","floor":39.0},{"not_picked":["True Grit+1","Twin Strike"],"picked":"Disarm","floor":40.0},{"not_picked":["Heavy Blade","Reckless Charge","Anger"],"picked":"Singing Bowl","floor":42.0},{"not_picked":["Pommel Strike","Clash+1"],"picked":"True Grit+1","floor":45},{"not_picked":["Anger","Headbutt","Sword Boomerang"],"picked":"Singing Bowl","floor":46},{"not_picked":["Burning Pact","Rampage","Sever Soul+1"],"picked":"Singing Bowl","floor":47},{"not_picked":["Inflame","Armaments"],"picked":"Body Slam","floor":48},{"not_picked":["Berserk","Warcry","Body Slam+1"],"picked":"Singing Bowl","floor":55}],"player_experience":995030,"relics_obtained":[{"floor":7.0,"key":"Singing Bowl"},{"floor":9.0,"key":"PreservedInsect"},{"floor":14.0,"key":"Boot"},{"floor":23.0,"key":"Blue Candle"},{"floor":25.0,"key":"Mercury Hourglass"},{"floor":26.0,"key":"War Paint"},{"floor":27.0,"key":"Bottled Lightning"},{"floor":40.0,"key":"Centennial Puzzle"},{"floor":42.0,"key":"Bottled Flame"},{"floor":45,"key":"Regal Pillow"},{"floor":47,"key":"Sundial"},{"floor":55,"key":"Ice Cream"}],"event_choices":[{"damage_healed":0.0,"max_hp_gain":0.0,"max_hp_loss":0.0,"gold_gain":50.0,"event_name":"Golden Shrine","player_choice":"Pray","floor":10.0,"gold_loss":0.0,"damage_taken":0.0},{"damage_healed":0.0,"max_hp_gain":0.0,"max_hp_loss":0.0,"gold_gain":0.0,"event_name":"Back to Basics","player_choice":"Simplicity","floor":29.0,"gold_loss":0.0,"damage_taken":0.0,"cards_upgraded":["Strike_R","Strike_R","Strike_R","Strike_R","Strike_R","Defend_R","Defend_R","Defend_R"]},{"cards_removed":["Strike_R"],"damage_healed":0.0,"max_hp_gain":0.0,"max_hp_loss":0.0,"gold_gain":0.0,"event_name":"Wheel of Change","player_choice":"Card Removal","floor":30.0,"gold_loss":0.0,"damage_taken":0.0},{"damage_healed":0.0,"max_hp_gain":0.0,"max_hp_loss":6.0,"gold_gain":0.0,"event_name":"Winding Halls","player_choice":"Max HP","floor":38.0,"gold_loss":0.0,"damage_taken":0.0},{"damage_healed":0,"gold_gain":50,"player_choice":"Touch","damage_taken":12,"max_hp_gain":0,"max_hp_loss":0,"event_name":"FaceTrader","floor":44,"gold_loss":0}],"is_beta":false,"boss_relics":[{"not_picked":["Astrolabe","Tiny House"],"picked":"Snecko Eye"},{"not_picked":["Cursed Key","Runic Pyramid"],"picked":"Velvet Choker"}],"items_purged_floors":[19,37,54],"is_endless":false,"potions_floor_spawned":[5,11,13,16,20,23,25,35,39,40,45,48],"ascension_level":20}