{"gold_per_floor":[118,43,62,13,188,188,223,223,247,276,291,291,306,325,325,427,427,445,62,80,94,113,113,113],"floor_reached":24,"playtime":1011,"items_purged":["Strike_B"],"score":245,"play_id":"aa0274e5-403d-4a04-81ac-ef14f7df6b50","local_time":"20190628200945","is_ascension_mode":true,"campfire_choices":[{"floor":6,"key":"RECALL"},{"data":"Beam Cell","floor":12,"key":"SMITH"},{"data":"Zap","floor":15,"key":"SMITH"},{"data":"Redo","floor":23,"key":"SMITH"}],"neow_cost":"NONE","seed_source_timestamp":12101330020286,"circlet_count":0,"master_deck":["Strike_B+1","Strike_B","Defend_B","Defend_B","Defend_B","Zap+1","Dualcast","Scrape","Go for the Eyes+1","Gash","Leap","Beam Cell+1","Scrape","Static Discharge","Go for the Eyes","Thunder Strike","Sadistic Nature","Sadistic Nature","Streamline+1","Redo+1"],"relics":["Cracked Core","NeowsBlessing","Whetstone","Boot","Empty Cage","DollysMirror"],"potions_floor_usage":[22,24,24],"damage_taken":[{"damage":0,"enemies":"2 Louse","floor":1,"turns":1},{"damage":0,"enemies":"Small Slimes","floor":3,"turns":1},{"damage":0,"enemies":"Lagavulin","floor":7,"turns":1},{"damage":17,"enemies":"3 Sentries","floor":10,"turns":7},{"damage":0,"enemies":"Cultist","floor":11,"turns":2},{"damage":8,"enemies":"Gremlin Gang","floor":13,"turns":3},{"damage":0,"enemies":"3 Louse","floor":14,"turns":2},{"damage":24,"enemies":"Hexaghost","floor":16,"turns":5},{"damage":8,"enemies":"3 Byrds","floor":18,"turns":4},{"damage":17,"enemies":"Shell Parasite","floor":20,"turns":4},{"damage":23,"enemies":"Centurion and Healer","floor":21,"turns":4},{"damage":22,"enemies":"Snecko","floor":22,"turns":5},{"damage":10,"enemies":"Slavers","floor":24,"turns":1}],"seed_played":"5423420251510119329","potions_obtained":[{"floor":7,"key":"AttackPotion"},{"floor":11,"key":"SneckoOil"},{"floor":14,"key":"SteroidPotion"},{"floor":21,"key":"EssenceOfSteel"}],"is_trial":false,"path_per_floor":["M","$","M","$","?","R","E","?","T","E","M","R","M","M","R","B",null,"M","$","M","M","M","R","E"],"character_chosen":"DEFECT","items_purchased":["Gash","Sadistic Nature","DollysMirror"],"campfire_rested":0,"item_purchase_floors":[4,19,19],"current_hp_per_floor":[75,75,75,75,75,75,75,75,75,58,58,58,50,50,50,26,75,67,67,50,27,5,5,0],"gold":113,"neow_bonus":"THREE_ENEMY_KILL","is_prod":false,"is_daily":false,"chose_seed":false,"campfire_upgraded":3,"win_rate":0,"timestamp":1561720185,"path_taken":["M","$","M","$","?","R","E","?","T","E","M","R","M","?","R","BOSS","M","$","M","M","M","R","E"],"build_version":"2019-01-23","purchased_purges":1,"victory":false,"max_hp_per_floor":[75,75,75,75,75,75,75,75,75,75,75,75,75,75,75,75,75,75,75,75,75,75,75,75],"card_choices":[{"not_picked":["Turbo","Lockon"],"picked":"Scrape","floor":1},{"not_picked":["Steam","Cold Snap"],"picked":"Go for the Eyes","floor":3},{"not_picked":["Recycle","Thunder Strike"],"picked":"Leap","floor":7},{"not_picked":["Rip and Tear","Turbo"],"picked":"Beam Cell","floor":10},{"not_picked":["Defragment","Steam Power"],"picked":"Scrape","floor":11},{"not_picked":["Ball Lightning","Chill"],"picked":"Static Discharge","floor":13},{"not_picked":["Leap","Hologram"],"picked":"Go for the Eyes","floor":14},{"not_picked":["Machine Learning","Buffer"],"picked":"Thunder Strike","floor":16},{"not_picked":["Stack","Coolheaded","Leap"],"picked":"SKIP","floor":18},{"not_picked":["Sweeping Beam","Lockon"],"picked":"Streamline+1","floor":20},{"not_picked":["Cold Snap+1","Leap","Sweeping Beam+1"],"picked":"SKIP","floor":21},{"not_picked":["Defragment+1","Undo"],"picked":"Redo","floor":22}],"player_experience":49563,"relics_obtained":[{"floor":7,"key":"Whetstone"},{"floor":10,"key":"Boot"}],"event_choices":[{"damage_healed":0,"gold_gain":175,"player_choice":"AGREE","damage_taken":0,"max_hp_gain":0,"max_hp_loss":0,"event_name":"Liars Game","floor":5,"gold_loss":0,"cards_obtained":["Doubt"]},{"cards_removed":["Doubt"],"damage_healed":0,"gold_gain":0,"player_choice":"Removed Curses","damage_taken":0,"max_hp_gain":0,"max_hp_loss":0,"event_name":"Fountain of Cleansing","floor":8,"gold_loss":0}],"is_beta":false,"boss_relics":[{"not_picked":["Calling Bell","Fusion Hammer"],"picked":"Empty Cage"}],"items_purged_floors":[2],"is_endless":false,"potions_floor_spawned":[7,11,14,21],"killed_by":"Slavers","ascension_level":1}