{"gold_per_floor":[114,124,124,145,169,169,200,29,29,73,348,348,363,30,30,30],"floor_reached":16,"playtime":502,"items_purged":["Strike_B","Regret"],"score":270,"play_id":"0477a43f-9743-41e9-a5ec-3073e0494e17","local_time":"20190719163508","is_ascension_mode":true,"campfire_choices":[{"data":"Sweeping Beam","floor":6,"key":"SMITH"},{"floor":12,"key":"REST"},{"data":"Fission","floor":15,"key":"SMITH"}],"neow_cost":"NONE","seed_source_timestamp":92706310598196,"circlet_count":0,"master_deck":["AscendersBane","Strike_B","Strike_B","Strike_B","Defend_B","Defend_B","Defend_B","Defend_B","Zap","Dualcast","Sweeping Beam","Cold Snap","Steam","Sweeping Beam+1","Auto Shields","Leap","Good Instincts","Coolheaded","Tempest","Fission+1","BootSequence"],"relics":["Cracked Core","Golden Idol","Pen Nib","Lantern","Meat on the Bone"],"potions_floor_usage":[7,16],"damage_taken":[{"damage":1,"enemies":"Cultist","floor":1,"turns":3},{"damage":0,"enemies":"Small Slimes","floor":2,"turns":3},{"damage":4,"enemies":"Jaw Worm","floor":4,"turns":5},{"damage":24,"enemies":"Exordium Thugs","floor":5,"turns":5},{"damage":30,"enemies":"Gremlin Nob","floor":7,"turns":4},{"damage":0,"enemies":"3 Sentries","floor":10,"turns":7},{"damage":11,"enemies":"Exordium Wildlife","floor":13,"turns":3},{"damage":28,"enemies":"Hexaghost","floor":16,"turns":9}],"seed_played":"-2628148108062559906","potions_obtained":[{"floor":2,"key":"SteroidPotion"},{"floor":5,"key":"Energy Potion"},{"floor":7,"key":"Ancient Potion"}],"is_trial":false,"path_per_floor":["M","M","?","M","M","R","E","$","T","E","?","R","M","$","R","B"],"character_chosen":"DEFECT","items_purchased":["Good Instincts","Fission","BootSequence"],"campfire_rested":1,"item_purchase_floors":[8,14,14],"current_hp_per_floor":[63,63,63,59,35,35,5,5,5,5,5,24,25,25,25,0],"gold":30,"neow_bonus":"THREE_CARDS","is_prod":false,"is_daily":false,"chose_seed":false,"campfire_upgraded":2,"win_rate":0,"timestamp":1563546908,"path_taken":["M","?","?","M","M","R","E","$","T","E","?","R","?","?","R","BOSS"],"build_version":"2019-07-18","purchased_purges":2,"victory":false,"max_hp_per_floor":[71,71,64,64,64,64,64,64,64,64,64,64,64,64,64,64],"card_choices":[{"not_picked":["Beam Cell","Steam"],"picked":"Sweeping Beam","floor":0},{"not_picked":["Gash","Steam Power"],"picked":"Cold Snap","floor":1},{"not_picked":["Coolheaded","Streamline"],"picked":"Steam","floor":2},{"not_picked":["Hello World","Coolheaded"],"picked":"Sweeping Beam","floor":4},{"not_picked":["Conserve Battery","Barrage"],"picked":"Auto Shields","floor":5},{"not_picked":["Gash","Steam"],"picked":"Leap","floor":7},{"not_picked":["Stack","Lockon"],"picked":"Coolheaded","floor":10},{"not_picked":["Turbo","Scrape"],"picked":"Tempest","floor":13}],"player_experience":1897439,"relics_obtained":[{"floor":7,"key":"Pen Nib"},{"floor":9,"key":"Lantern"},{"floor":10,"key":"Meat on the Bone"}],"event_choices":[{"damage_healed":0,"gold_gain":0,"player_choice":"Lose Max HP","damage_taken":0,"relics_obtained":["Golden Idol"],"max_hp_gain":0,"max_hp_loss":7,"event_name":"Golden Idol","floor":3,"gold_loss":0},{"damage_healed":0,"gold_gain":275,"player_choice":"Desecrate","damage_taken":0,"max_hp_gain":0,"max_hp_loss":0,"event_name":"Golden Shrine","floor":11,"gold_loss":0,"cards_obtained":["Regret"]}],"is_beta":true,"boss_relics":[],"items_purged_floors":[8,14],"is_endless":false,"potions_floor_spawned":[2,5,7],"killed_by":"Hexaghost","ascension_level":20}