{"gold_per_floor":[109,109,123,147,167,203,203,203,227,247,266,266,281,297,297,416,416,436,12,12,12,12,44,44,64,64,64,81,108,108,108,108,108],"floor_reached":33,"playtime":9828,"items_purged":["Electrodynamics"],"score":266,"play_id":"7d2c51a9-abbf-480d-9e66-e912e96a526a","local_time":"20190731210734","is_ascension_mode":false,"campfire_choices":[{"floor":8.0,"key":"REST"},{"data":"Beam Cell","floor":15.0,"key":"SMITH"},{"floor":24.0,"key":"REST"},{"data":"Coolheaded","floor":27.0,"key":"SMITH"},{"data":"Rip and Tear","floor":30.0,"key":"SMITH"},{"data":"Conserve Battery","floor":32.0,"key":"SMITH"}],"neow_cost":"NONE","seed_source_timestamp":0,"circlet_count":0,"master_deck":["Strike_B","Strike_B","Strike_B","Strike_B","Defend_B","Defend_B","Defend_B","Defend_B","Zap","Dualcast","Coolheaded+1","Fusion","Streamline","Reprogram","Self Repair","Reprogram","Gash","Conserve Battery+1","Beam Cell+1","Barrage","Rip and Tear+1","Stack+1","Streamline","Melter+1"],"special_seed":0,"relics":["Cracked Core","Bronze Scales","Bloody Idol","Orichalcum","Boot","Centennial Puzzle","Nuclear Battery","Bottled Tornado","Anchor","Thread and Needle","Mummified Hand","Regal Pillow","Spirit Poop"],"potions_floor_usage":[33,33],"damage_taken":[{"damage":0.0,"enemies":"Small Slimes","floor":1.0,"turns":3.0},{"damage":0.0,"enemies":"Jaw Worm","floor":3.0,"turns":4.0},{"damage":0.0,"enemies":"Cultist","floor":4.0,"turns":3.0},{"damage":12.0,"enemies":"Red Slaver","floor":5.0,"turns":3.0},{"damage":21.0,"enemies":"Gremlin Nob","floor":6.0,"turns":5.0},{"damage":5.0,"enemies":"2 Fungi Beasts","floor":10.0,"turns":3.0},{"damage":0.0,"enemies":"3 Louse","floor":11.0,"turns":3.0},{"damage":7.0,"enemies":"Exordium Wildlife","floor":13.0,"turns":4.0},{"damage":6.0,"enemies":"Large Slime","floor":14.0,"turns":7.0},{"damage":46.0,"enemies":"Hexaghost","floor":16.0,"turns":10.0},{"damage":7.0,"enemies":"Chosen","floor":18.0,"turns":4.0},{"damage":46.0,"enemies":"Slavers","floor":23.0,"turns":7.0},{"damage":6.0,"enemies":"2 Thieves","floor":25.0,"turns":4.0},{"damage":5.0,"enemies":"Snecko","floor":28.0,"turns":4.0},{"damage":82,"enemies":"Champ","floor":33,"turns":14}],"seed_played":"4827595554767426232","potions_obtained":[{"floor":3.0,"key":"FocusPotion"},{"floor":4.0,"key":"EssenceOfSteel"},{"floor":5.0,"key":"Block Potion"},{"floor":10.0,"key":"SkillPotion"},{"floor":16.0,"key":"Strength Potion"},{"floor":23.0,"key":"PowerPotion"},{"floor":28.0,"key":"SpeedPotion"}],"is_trial":false,"path_per_floor":["M","?","M","M","M","E","?","R","T","M","M","T","M","M","R","B",null,"M","$","?","?","?","E","R","M","T","R","M","T","R","?","R","B"],"character_chosen":"DEFECT","items_purchased":["Bottled Tornado","Barrage","Rip and Tear"],"campfire_rested":2,"item_purchase_floors":[19,19,19],"current_hp_per_floor":[75,75,75,75,63,42,42,64,64,66,73,73,73,74,74,35,75,75,75,75,75,75,41,63,74,74,74,75,75,75,75,75,0],"gold":108,"neow_bonus":"RANDOM_COMMON_RELIC","is_prod":false,"is_daily":false,"chose_seed":false,"campfire_upgraded":4,"win_rate":0.0,"timestamp":1564625254,"path_taken":["M","?","M","M","M","E","?","R","T","M","M","?","M","?","R","BOSS","M","$","?","?","?","E","R","?","T","R","M","?","R","?","R","BOSS"],"build_version":"2019-01-23","purchased_purges":1,"victory":false,"max_hp_per_floor":[75,75,75,75,75,75,75,75,75,75,75,75,75,75,75,75,75,75,75,75,75,75,75,75,75,75,75,75,75,75,75,75,75],"card_choices":[{"not_picked":["Go for the Eyes","Compile Driver"],"picked":"Coolheaded","floor":1.0},{"not_picked":["Ball Lightning","Stack"],"picked":"Fusion","floor":3.0},{"not_picked":["Steam","Aggregate"],"picked":"Streamline","floor":4.0},{"not_picked":["Scrape","Barrage"],"picked":"Reprogram","floor":5.0},{"not_picked":["Coolheaded","Double Energy"],"picked":"Self Repair","floor":6.0},{"not_picked":["Go for the Eyes","Steam"],"picked":"Reprogram","floor":10.0},{"not_picked":["All For One","Streamline"],"picked":"Gash","floor":11.0},{"not_picked":["Auto Shields","Glacier"],"picked":"Conserve Battery","floor":13.0},{"not_picked":["Leap","White Noise"],"picked":"Beam Cell","floor":14.0},{"not_picked":["Fission","Thunder Strike"],"picked":"Electrodynamics","floor":16.0},{"not_picked":["Consume","Storm","Steam"],"picked":"SKIP","floor":18.0},{"not_picked":["Hologram","Barrage"],"picked":"Stack+1","floor":23.0},{"not_picked":["Leap","Redo"],"picked":"Streamline","floor":25.0},{"not_picked":["Lockon","Ball Lightning"],"picked":"Melter+1","floor":28.0}],"player_experience":18819,"relics_obtained":[{"floor":6.0,"key":"Orichalcum"},{"floor":9.0,"key":"Boot"},{"floor":12.0,"key":"Centennial Puzzle"},{"floor":23.0,"key":"Thread and Needle"},{"floor":26.0,"key":"Mummified Hand"},{"floor":29.0,"key":"Regal Pillow"}],"event_choices":[{"damage_healed":0.0,"max_hp_gain":0.0,"max_hp_loss":0.0,"gold_gain":0.0,"event_name":"Golden Idol","player_choice":"Take Wound","floor":2.0,"gold_loss":0.0,"damage_taken":0.0,"relics_obtained":["Golden Idol"],"cards_obtained":["Injury"]},{"cards_removed":["Injury"],"damage_healed":0.0,"max_hp_gain":0.0,"max_hp_loss":0.0,"gold_gain":0.0,"event_name":"Living Wall","player_choice":"Forget","floor":7.0,"gold_loss":0.0,"damage_taken":0.0},{"damage_healed":0.0,"max_hp_gain":0.0,"max_hp_loss":0.0,"gold_gain":0.0,"event_name":"Vampires","player_choice":"Ignored","floor":20.0,"gold_loss":0.0,"damage_taken":0.0},{"damage_healed":0.0,"max_hp_gain":0.0,"max_hp_loss":0.0,"gold_gain":0.0,"event_name":"The Mausoleum","player_choice":"Opened","floor":21.0,"gold_loss":0.0,"damage_taken":0.0,"relics_obtained":["Anchor"],"cards_obtained":["Writhe"]},{"damage_healed":0.0,"max_hp_gain":0.0,"max_hp_loss":0.0,"gold_gain":0.0,"event_name":"Forgotten Altar","player_choice":"Gave Idol","floor":22.0,"relics_lost":["Golden Idol"],"gold_loss":0.0,"damage_taken":0.0,"relics_obtained":["Bloody Idol"]},{"cards_removed":["Writhe"],"damage_healed":0.0,"max_hp_gain":0.0,"max_hp_loss":0.0,"gold_gain":0.0,"event_name":"Bonfire Elementals","player_choice":"Offered Curse","floor":31.0,"gold_loss":0.0,"damage_taken":0.0,"relics_obtained":["Spirit Poop"]}],"is_beta":true,"boss_relics":[{"not_picked":["Black Star","Eternal Feather"],"picked":"Nuclear Battery"}],"items_purged_floors":[19],"is_endless":false,"potions_floor_spawned":[3,4,5,10,16,23,28],"killed_by":"Champ","ascension_level":0}