{"gold_per_floor":[117,137,137,155,155,173,201,201,201,201,220,236,268,293,293,394,394,411,336,352,370,3,38,38,38,63,63,63,77,77,88,88,186,186,202,202,215,0,0,0,11,11,11,11,11,26,26,26,26,26],"floor_reached":51,"playtime":3246,"items_purged":["Defend_B"],"score":675,"play_id":"3832a174-7056-4ed7-8ba7-b08980a4e12d","local_time":"20190628020601","is_ascension_mode":false,"campfire_choices":[{"data":"Static Discharge","floor":8.0,"key":"SMITH"},{"data":"Zap","floor":10.0,"key":"SMITH"},{"data":"Streamline","floor":15.0,"key":"SMITH"},{"data":"Hello World","floor":24.0,"key":"SMITH"},{"data":"Dualcast","floor":30,"key":"SMITH"},{"floor":32,"key":"REST"},{"data":"Thunder Strike","floor":40,"key":"SMITH"},{"floor":42,"key":"REST"},{"data":"Beam Cell","floor":44,"key":"SMITH"},{"floor":47,"key":"REST"},{"data":"Conserve Battery","floor":49,"key":"SMITH"}],"neow_cost":"NONE","seed_source_timestamp":0,"circlet_count":0,"master_deck":["Defend_B","Zap+1","Dualcast+1","Steam","Rebound","BootSequence","Conserve Battery","Static Discharge+1","Thunder Strike+1","Streamline+1","Rebound","Conserve Battery+1","Echo Form","White Noise+1","Static Discharge+1","Biased Cognition+1","Hello World+1","Consume+1","Streamline+1","Ball Lightning","Dark Shackles+1","Rebound","Dark Shackles+1","Beam Cell","Beam Cell+1","Hologram+1","Amplify+1","Enlightenment+1","Lockon+1","White Noise+1","Steam+1","Madness+1","Madness+1","Hologram+1","Echo Form"],"special_seed":0,"relics":["Cracked Core","Ornamental Fan","Lantern","Mercury Hourglass","Letter Opener","Odd Mushroom","Astrolabe","Toxic Egg 2","Orichalcum","Bag of Preparation","Philosopher\u0027s Stone","Red Mask","Bag of Marbles"],"potions_floor_usage":[37,41,46,50],"damage_taken":[{"damage":6.0,"enemies":"Jaw Worm","floor":1.0,"turns":3.0},{"damage":1.0,"enemies":"Cultist","floor":2.0,"turns":3.0},{"damage":0.0,"enemies":"Small Slimes","floor":4.0,"turns":2.0},{"damage":10.0,"enemies":"Looter","floor":6.0,"turns":3.0},{"damage":16.0,"enemies":"Lagavulin","floor":7.0,"turns":6.0},{"damage":0.0,"enemies":"3 Louse","floor":11.0,"turns":2.0},{"damage":0.0,"enemies":"Lots of Slimes","floor":12.0,"turns":3.0},{"damage":13.0,"enemies":"3 Sentries","floor":13.0,"turns":4.0},{"damage":3.0,"enemies":"The Mushroom Lair","floor":14.0,"turns":3.0},{"damage":15.0,"enemies":"Hexaghost","floor":16.0,"turns":6.0},{"damage":6.0,"enemies":"2 Thieves","floor":18.0,"turns":3.0},{"damage":0.0,"enemies":"3 Byrds","floor":20.0,"turns":2.0},{"damage":10.0,"enemies":"Shelled Parasite and Fungi","floor":21.0,"turns":4.0},{"damage":22.0,"enemies":"Gremlin Leader","floor":23.0,"turns":3.0},{"damage":10.0,"enemies":"Colosseum Slavers","floor":25.0,"turns":3.0},{"damage":0,"enemies":"Centurion and Healer","floor":29,"turns":6},{"damage":5,"enemies":"Chosen and Byrds","floor":31,"turns":5},{"damage":27,"enemies":"Champ","floor":33,"turns":7},{"damage":1,"enemies":"Orb Walker","floor":35,"turns":2},{"damage":3,"enemies":"3 Shapes","floor":37,"turns":3},{"damage":17,"enemies":"Maw","floor":41,"turns":6},{"damage":16,"enemies":"4 Shapes","floor":46,"turns":2},{"damage":60,"enemies":"Time Eater","floor":50,"turns":8}],"seed_played":"-4694816023299692189","potions_obtained":[{"floor":1.0,"key":"AttackPotion"},{"floor":4.0,"key":"SteroidPotion"},{"floor":11.0,"key":"AttackPotion"},{"floor":12.0,"key":"Block Potion"},{"floor":23.0,"key":"Block Potion"},{"floor":31,"key":"Block Potion"},{"floor":41,"key":"SteroidPotion"},{"floor":46,"key":"FearPotion"}],"is_trial":false,"path_per_floor":["M","M","?","M","T","M","E","R","T","R","M","M","E","?","R","B",null,"M","?","M","M","$","E","R","?","T","?","$","M","R","M","R","B",null,"M","?","M","$","?","R","M","R","T","R","?","M","R","?","R","B",null],"character_chosen":"DEFECT","items_purchased":["Ball Lightning","Toxic Egg 2","Dark Shackles+1","White Noise+1","Regen Potion"],"campfire_rested":3,"item_purchase_floors":[22,22,22,38,38],"current_hp_per_floor":[76,75,75,75,75,65,49,49,49,49,49,49,36,33,33,18,82,76,76,76,66,66,44,44,34,34,34,34,34,34,29,53,26,82,81,81,78,78,78,78,61,82,82,82,72,56,80,80,80,32],"gold":26,"neow_bonus":"TEN_PERCENT_HP_BONUS","is_prod":false,"is_daily":false,"chose_seed":false,"campfire_upgraded":8,"win_rate":0.0,"timestamp":1561655161,"path_taken":["M","M","?","?","?","M","E","R","T","R","M","M","E","?","R","BOSS","M","?","M","M","$","E","R","?","T","?","$","M","R","?","R","BOSS","M","?","M","$","?","R","M","R","T","R","?","M","R","?","R","BOSS"],"build_version":"2019-01-23","purchased_purges":1,"victory":true,"max_hp_per_floor":[82,82,82,82,82,82,82,82,82,82,82,82,82,82,82,82,82,82,82,82,82,82,82,82,82,82,82,82,82,82,82,82,82,82,82,82,82,82,82,82,82,82,82,82,82,82,82,82,82,82],"card_choices":[{"not_picked":["Loop","Cold Snap"],"picked":"Steam","floor":1.0},{"not_picked":["Coolheaded","Compile Driver"],"picked":"Rebound","floor":2.0},{"not_picked":["FTL","Rebound"],"picked":"BootSequence","floor":4.0},{"not_picked":["Steam","Consume"],"picked":"Conserve Battery","floor":6.0},{"not_picked":["Go for the Eyes","Ball Lightning"],"picked":"Static Discharge","floor":7.0},{"not_picked":["Rebound","Ball Lightning"],"picked":"Thunder Strike","floor":11.0},{"not_picked":["Ball Lightning","Reinforced Body"],"picked":"Streamline","floor":12.0},{"not_picked":["Redo","Tempest"],"picked":"Rebound","floor":13.0},{"not_picked":["Force Field","Coolheaded"],"picked":"Conserve Battery","floor":14.0},{"not_picked":["Reboot","Seek"],"picked":"Echo Form","floor":16.0},{"not_picked":["Cold Snap","Compile Driver"],"picked":"Hello World","floor":18.0},{"not_picked":["Cold Snap","Steam"],"picked":"Consume+1","floor":20.0},{"not_picked":["Compile Driver","Multi-Cast"],"picked":"Streamline+1","floor":21.0},{"not_picked":["Chill+1","Leap+1"],"picked":"Rebound","floor":23.0},{"not_picked":["Barrage","Hologram+1"],"picked":"Beam Cell","floor":29},{"not_picked":["Compile Driver","Barrage"],"picked":"Hologram+1","floor":31},{"not_picked":["Multi-Cast+1","Echo Form"],"picked":"Amplify+1","floor":33},{"not_picked":["Streamline+1","Stack+1","Coolheaded+1"],"picked":"SKIP","floor":35},{"not_picked":["Finesse+1","Jack Of All Trades+1"],"picked":"Enlightenment+1","floor":36},{"not_picked":["Force Field+1","Hello World+1"],"picked":"Lockon+1","floor":37},{"not_picked":["Gash+1","Sunder"],"picked":"Steam+1","floor":41},{"not_picked":["Conserve Battery+1","Reinforced Body+1"],"picked":"Hologram+1","floor":46}],"player_experience":28850,"relics_obtained":[{"floor":5.0,"key":"Ornamental Fan"},{"floor":7.0,"key":"Lantern"},{"floor":9.0,"key":"Mercury Hourglass"},{"floor":13.0,"key":"Letter Opener"},{"floor":14.0,"key":"Odd Mushroom"},{"floor":23.0,"key":"Orichalcum"},{"floor":26.0,"key":"Bag of Preparation"},{"floor":43,"key":"Bag of Marbles"}],"event_choices":[{"cards_removed":["Strike_B"],"damage_healed":0.0,"max_hp_gain":0.0,"max_hp_loss":0.0,"gold_gain":0.0,"event_name":"Bonfire Elementals","player_choice":"Offered Basic","floor":3.0,"gold_loss":0.0,"damage_taken":0.0},{"damage_healed":0.0,"max_hp_gain":0.0,"max_hp_loss":0.0,"gold_gain":0.0,"event_name":"Mushrooms","player_choice":"Fought Mushrooms","floor":14.0,"gold_loss":0.0,"damage_taken":0.0},{"cards_removed":["Strike_B"],"damage_healed":0.0,"max_hp_gain":0.0,"max_hp_loss":0.0,"gold_gain":0.0,"event_name":"Beggar","player_choice":"Gave Gold","floor":19.0,"gold_loss":75.0,"damage_taken":0.0},{"damage_healed":0.0,"max_hp_gain":0.0,"max_hp_loss":0.0,"gold_gain":0.0,"event_name":"Colosseum","player_choice":"Fight","floor":25.0,"gold_loss":0.0,"damage_taken":0.0},{"damage_healed":0.0,"max_hp_gain":0.0,"max_hp_loss":0.0,"gold_gain":0.0,"event_name":"Colosseum","player_choice":"Fled From Nobs","floor":25.0,"gold_loss":0.0,"damage_taken":0.0},{"damage_healed":0.0,"max_hp_gain":0.0,"max_hp_loss":0.0,"gold_gain":0.0,"event_name":"Match and Keep!","player_choice":"2 cards matched","floor":27.0,"gold_loss":0.0,"damage_taken":0.0,"cards_obtained":["Dark Shackles","Beam Cell"]},{"damage_healed":0,"gold_gain":0,"player_choice":"Memory 1","damage_taken":0,"max_hp_gain":0,"max_hp_loss":0,"event_name":"SensoryStone","floor":36,"gold_loss":0},{"damage_healed":0,"gold_gain":0,"player_choice":"Paid","damage_taken":0,"relics_obtained":["Red Mask"],"max_hp_gain":0,"max_hp_loss":0,"event_name":"Tomb of Lord Red Mask","floor":39,"gold_loss":0},{"damage_healed":0,"gold_gain":0,"player_choice":"Embrace Madness","damage_taken":10,"max_hp_gain":0,"max_hp_loss":0,"event_name":"Winding Halls","floor":45,"gold_loss":0,"cards_obtained":["Madness","Madness"]},{"damage_healed":0,"gold_gain":0,"cards_transformed":["Defend_B"],"player_choice":"Transformed","damage_taken":0,"max_hp_gain":0,"max_hp_loss":0,"event_name":"Transmorgrifier","floor":48,"gold_loss":0,"cards_obtained":["Echo Form"]}],"is_beta":false,"boss_relics":[{"not_picked":["Runic Pyramid","Black Star"],"picked":"Astrolabe"},{"not_picked":["Busted Crown","Snecko Eye"],"picked":"Philosopher\u0027s Stone"}],"items_purged_floors":[38],"is_endless":false,"potions_floor_spawned":[1,4,11,12,23,25,31,33,41,46],"ascension_level":0}