{"gold_per_floor":[114,39,58,58,158,158,176,188,188,188,203,238,254,284,284,284],"floor_reached":16,"playtime":430,"items_purged":[],"score":324,"play_id":"80f4774a-3872-43c7-8356-6449e616bfd4","local_time":"20190811164053","is_ascension_mode":true,"campfire_choices":[{"data":"Zap","floor":6,"key":"SMITH"},{"data":"Multi-Cast","floor":10,"key":"SMITH"},{"data":"Loop","floor":15,"key":"SMITH"}],"neow_cost":"NONE","seed_source_timestamp":0,"circlet_count":0,"master_deck":["AscendersBane","Strike_B","Strike_B","Strike_B","Defend_B","Defend_B","Defend_B","Defend_B","Zap+1","Dualcast","Multi-Cast+1","Conserve Battery","Genetic Algorithm","Coolheaded","Lockon","Meteor Strike","Loop+1","Sweeping Beam+1"],"special_seed":0,"relics":["Cracked Core","Bag of Preparation","Pear","Molten Egg 2"],"potions_floor_usage":[12,16],"damage_taken":[{"damage":6,"enemies":"2 Louse","floor":1,"turns":3},{"damage":0,"enemies":"Cultist","floor":3,"turns":4},{"damage":0,"enemies":"Small Slimes","floor":7,"turns":2},{"damage":3,"enemies":"Blue Slaver","floor":8,"turns":3},{"damage":5,"enemies":"Exordium Wildlife","floor":11,"turns":3},{"damage":10,"enemies":"3 Sentries","floor":12,"turns":10},{"damage":0,"enemies":"Large Slime","floor":13,"turns":6},{"damage":30,"enemies":"Gremlin Nob","floor":14,"turns":4},{"damage":30,"enemies":"Slime Boss","floor":16,"turns":5}],"seed_played":"9184017371944454578","potions_obtained":[{"floor":3,"key":"SneckoOil"},{"floor":7,"key":"FocusPotion"},{"floor":12,"key":"Dexterity Potion"}],"is_trial":false,"path_per_floor":["M","?","M","?","?","R","M","M","T","R","M","E","M","E","R","B"],"character_chosen":"DEFECT","items_purchased":[],"campfire_rested":0,"item_purchase_floors":[],"current_hp_per_floor":[58,58,58,58,58,58,58,55,55,55,50,50,50,20,20,0],"gold":284,"neow_bonus":"ONE_RANDOM_RARE_CARD","is_prod":false,"is_daily":false,"chose_seed":false,"campfire_upgraded":3,"win_rate":0,"timestamp":1565534453,"path_taken":["M","?","M","?","?","R","M","M","T","R","M","E","M","E","R","BOSS"],"build_version":"2019-07-18","purchased_purges":0,"victory":false,"max_hp_per_floor":[71,71,71,71,71,71,71,71,71,71,71,81,81,81,81,81],"card_choices":[{"not_picked":["Turbo","Recycle"],"picked":"Conserve Battery","floor":1},{"not_picked":["Stack","Conserve Battery"],"picked":"Genetic Algorithm","floor":3},{"not_picked":["Redo","Multi-Cast","Go for the Eyes"],"picked":"SKIP","floor":7},{"not_picked":["Reinforced Body","Stack"],"picked":"Coolheaded","floor":8},{"not_picked":["Turbo","Steam Power"],"picked":"Lockon","floor":11},{"not_picked":["Reprogram","Turbo"],"picked":"Meteor Strike","floor":12},{"not_picked":["Barrage","Reinforced Body"],"picked":"Loop","floor":13},{"not_picked":["Rip and Tear","Rebound"],"picked":"Sweeping Beam","floor":14}],"player_experience":1983350,"relics_obtained":[{"floor":9,"key":"Bag of Preparation"},{"floor":12,"key":"Pear"},{"floor":14,"key":"Molten Egg 2"}],"event_choices":[{"cards_removed":["Strike_B"],"damage_healed":0,"gold_gain":0,"player_choice":"Card Removal","damage_taken":0,"max_hp_gain":0,"max_hp_loss":0,"event_name":"The Cleric","floor":2,"gold_loss":75},{"damage_healed":0,"gold_gain":0,"player_choice":"Ignored","damage_taken":0,"max_hp_gain":0,"max_hp_loss":0,"event_name":"Liars Game","floor":4,"gold_loss":0},{"damage_healed":0,"gold_gain":100,"player_choice":"Gold","damage_taken":0,"max_hp_gain":0,"max_hp_loss":0,"event_name":"Wheel of Change","floor":5,"gold_loss":0}],"is_beta":true,"boss_relics":[],"items_purged_floors":[],"is_endless":false,"potions_floor_spawned":[3,7,12,14],"killed_by":"Slime Boss","ascension_level":20}