{"gold_per_floor":[116,128,128,93,168,168,179,210,210,1,1,12,43,57,57,153,153,166,184,99,99,116,116,130,130,130,140,140,155,254,264,264,264],"floor_reached":33,"playtime":2159,"items_purged":[],"score":284,"play_id":"4316cdd7-ebda-4f6d-8166-1810b68a876c","local_time":"20190301221015","is_ascension_mode":false,"campfire_choices":[{"data":"Bash","floor":6,"key":"SMITH"},{"data":"Limit Break","floor":11,"key":"SMITH"},{"floor":15,"key":"REST"},{"floor":23,"key":"REST"},{"floor":28,"key":"REST"},{"floor":32,"key":"REST"}],"neow_cost":"PERCENT_DAMAGE","seed_source_timestamp":66624081517646,"circlet_count":0,"master_deck":["Defend_R","Defend_R","Defend_R","Defend_R+1","Bash+1","Headbutt","Fire Breathing+1","Sword Boomerang","Heavy Blade","Limit Break+1","Flex","Whirlwind","Entrench","Heavy Blade","Feed","Pommel Strike","Pummel","Bite","Bite","Bite","Bite","Bite","Dual Wield","Warcry"],"relics":["Burning Blood","Mango","Mummified Hand","Gremlin Horn","FossilizedHelix","White Beast Statue","Juzu Bracelet","MutagenicStrength","Kunai"],"potions_floor_usage":[19,19,31,31],"damage_taken":[{"damage":5,"enemies":"Cultist","floor":1,"turns":4},{"damage":9,"enemies":"2 Louse","floor":2,"turns":3},{"damage":6,"enemies":"Jaw Worm","floor":7,"turns":3},{"damage":20,"enemies":"Lagavulin","floor":8,"turns":5},{"damage":9,"enemies":"2 Fungi Beasts","floor":12,"turns":3},{"damage":36,"enemies":"3 Sentries","floor":13,"turns":4},{"damage":0,"enemies":"Exordium Wildlife","floor":14,"turns":4},{"damage":25,"enemies":"Slime Boss","floor":16,"turns":7},{"damage":32,"enemies":"Chosen","floor":18,"turns":5},{"damage":26,"enemies":"2 Thieves","floor":19,"turns":5},{"damage":50,"enemies":"Snake Plant","floor":22,"turns":5},{"damage":55,"enemies":"Centurion and Healer","floor":24,"turns":7},{"damage":6,"enemies":"3 Cultists","floor":27,"turns":3},{"damage":37,"enemies":"Shelled Parasite and Fungi","floor":29,"turns":4},{"damage":12,"enemies":"Centurion and Healer","floor":31,"turns":3},{"damage":25,"enemies":"Collector","floor":33,"turns":3}],"seed_played":"-3242008428151595538","potions_obtained":[{"floor":7,"key":"Fire Potion"},{"floor":12,"key":"AttackPotion"},{"floor":14,"key":"AttackPotion"},{"floor":16,"key":"EssenceOfSteel"},{"floor":19,"key":"Energy Potion"},{"floor":22,"key":"Explosive Potion"},{"floor":24,"key":"SteroidPotion"},{"floor":31,"key":"Fire Potion"}],"is_trial":false,"path_per_floor":["M","M","?","?","?","R","M","E","T","$","R","M","E","M","R","B",null,"M","M","?","?","M","R","M","?","T","M","R","M","?","M","R","B"],"character_chosen":"IRONCLAD","items_purchased":["Limit Break","Flex"],"campfire_rested":4,"item_purchase_floors":[10,10],"current_hp_per_floor":[71,68,49,72,61,61,61,47,47,47,47,44,14,20,48,29,94,71,51,51,51,20,41,9,9,9,13,34,11,11,13,34,11],"gold":264,"neow_bonus":"ONE_RARE_RELIC","is_prod":false,"is_daily":false,"chose_seed":false,"campfire_upgraded":2,"win_rate":0.0,"timestamp":1551507015,"path_taken":["M","?","?","?","?","R","M","E","T","$","R","M","E","M","R","BOSS","M","M","?","?","M","R","M","?","T","M","R","M","?","M","R","BOSS"],"build_version":"2019-01-23","purchased_purges":0,"victory":false,"max_hp_per_floor":[94,94,94,94,94,94,94,94,94,94,94,94,94,94,94,94,94,97,97,97,67,70,70,73,73,73,73,73,73,73,73,73,73],"card_choices":[{"not_picked":["Iron Wave","Anger"],"picked":"Headbutt","floor":1},{"not_picked":["Clash","Cleave"],"picked":"Fire Breathing","floor":2},{"not_picked":["Flex","Clash"],"picked":"Sword Boomerang","floor":7},{"not_picked":["Iron Wave","Warcry"],"picked":"Heavy Blade","floor":8},{"not_picked":["Feel No Pain","Body Slam"],"picked":"Whirlwind","floor":12},{"not_picked":["Double Tap","Rupture"],"picked":"Entrench","floor":13},{"not_picked":["Whirlwind","Headbutt"],"picked":"Heavy Blade","floor":14},{"not_picked":["Dark Embrace","Juggernaut"],"picked":"Feed","floor":16},{"not_picked":["Intimidate+1","Flex"],"picked":"Pommel Strike","floor":18},{"not_picked":["True Grit+1","Dropkick"],"picked":"Pummel","floor":19},{"not_picked":["Wild Strike","Thunderclap","Heavy Blade+1"],"picked":"SKIP","floor":22},{"not_picked":["Shrug It Off+1","Pommel Strike"],"picked":"Dual Wield","floor":24},{"not_picked":["Hemokinesis","Burning Pact","Perfected Strike"],"picked":"SKIP","floor":27},{"not_picked":["Body Slam","Wild Strike","Dark Embrace"],"picked":"SKIP","floor":29},{"not_picked":["Perfected Strike","Headbutt"],"picked":"Warcry","floor":31}],"player_experience":16433,"relics_obtained":[{"floor":8,"key":"Mummified Hand"},{"floor":9,"key":"Gremlin Horn"},{"floor":13,"key":"FossilizedHelix"},{"floor":26,"key":"Kunai"}],"event_choices":[{"damage_healed":0,"gold_gain":0,"player_choice":"Entered Light","damage_taken":19,"max_hp_gain":0,"max_hp_loss":0,"event_name":"Shining Light","floor":3,"gold_loss":0,"cards_upgraded":["Fire Breathing","Defend_R"]},{"damage_healed":23,"gold_gain":0,"player_choice":"Healed","damage_taken":0,"max_hp_gain":0,"max_hp_loss":0,"event_name":"The Cleric","floor":4,"gold_loss":35},{"damage_healed":0,"gold_gain":75,"player_choice":"Gather Gold","damage_taken":11,"max_hp_gain":0,"max_hp_loss":0,"event_name":"World of Goop","floor":5,"gold_loss":0},{"damage_healed":0,"gold_gain":0,"player_choice":"Obtained Relic","damage_taken":0,"relics_obtained":["Juzu Bracelet"],"max_hp_gain":0,"max_hp_loss":0,"event_name":"Addict","floor":20,"gold_loss":85},{"damage_healed":0,"gold_gain":0,"player_choice":"Became a vampire","damage_taken":0,"max_hp_gain":0,"max_hp_loss":30,"event_name":"Vampires","floor":21,"gold_loss":0,"cards_obtained":["Bite","Bite","Bite","Bite","Bite"]},{"damage_healed":0,"gold_gain":0,"player_choice":"Inject Mutagens","damage_taken":0,"relics_obtained":["MutagenicStrength"],"max_hp_gain":0,"max_hp_loss":0,"event_name":"Drug Dealer","floor":25,"gold_loss":0},{"damage_healed":0,"gold_gain":99,"player_choice":"Stole From Cult","damage_taken":0,"max_hp_gain":0,"max_hp_loss":0,"event_name":"Nest","floor":30,"gold_loss":0}],"is_beta":false,"boss_relics":[{"not_picked":["Black Blood","Velvet Choker"],"picked":"White Beast Statue"}],"items_purged_floors":[],"is_endless":false,"potions_floor_spawned":[7,12,14,16,18,19,22,24,27,29,31],"killed_by":"Collector","ascension_level":0}