{"gold_per_floor":[118,134,209,134,151,151,179,191,216,216,216,247,265,275,275,351,351,370,386,386,404,404,404,437,437,437,76,102,52,79,91,91,165,165,181,181,181,193,593,593,625,625,701,701,591,602,57,90,90,90,90],"floor_reached":52,"playtime":1876,"items_purged":["Injury"],"score":2152,"play_id":"282b18cc-3090-4a14-ab97-e8e915aa5642","local_time":"20190811212027","is_ascension_mode":true,"campfire_choices":[{"data":"Beam Cell","floor":6.0,"key":"SMITH"},{"data":"Zap","floor":11.0,"key":"SMITH"},{"floor":15.0,"key":"REST"},{"floor":23.0,"key":"REST"},{"data":"Defragment","floor":32.0,"key":"SMITH"},{"floor":40.0,"key":"REST"},{"data":"Apotheosis","floor":42.0,"key":"SMITH"},{"data":"Chill","floor":44.0,"key":"SMITH"},{"data":"Echo Form","floor":49.0,"key":"SMITH"}],"neow_cost":"NONE","seed_source_timestamp":31098688261603,"circlet_count":0,"master_deck":["AscendersBane","Defend_B","Defend_B+1","Defend_B","Defend_B","Zap+1","Dualcast","Rip and Tear","Beam Cell+1","Cold Snap","Sunder+1","Hologram","Biased Cognition","Core Surge","Echo Form+1","FTL+1","Glacier+1","Glacier+1","Coolheaded+1","Turbo","FTL","Defragment+1","Chill+1","Compile Driver","Electrodynamics","Loop+1","Core Surge","Apotheosis+1","Dark Shackles","Impatience","Chill+1","Compile Driver"],"special_seed":0,"relics":["Cracked Core","Blood Vial","Strawberry","Astrolabe","Bottled Flame","Nloth\u0027s Gift","Pocketwatch","Lee\u0027s Waffle","Ginger","Du-Vu Doll","Cursed Key","FossilizedHelix","Old Coin","Mercury Hourglass","Symbiotic Virus","Gambling Chip","PreservedInsect"],"potions_floor_usage":[51,51],"damage_taken":[{"damage":7.0,"enemies":"Small Slimes","floor":1.0,"turns":3.0},{"damage":0.0,"enemies":"2 Louse","floor":2.0,"turns":1.0},{"damage":0.0,"enemies":"Cultist","floor":5.0,"turns":2.0},{"damage":8.0,"enemies":"3 Sentries","floor":7.0,"turns":7.0},{"damage":6.0,"enemies":"Blue Slaver","floor":8.0,"turns":3.0},{"damage":6.0,"enemies":"Gremlin Nob","floor":12.0,"turns":3.0},{"damage":16.0,"enemies":"Gremlin Gang","floor":13.0,"turns":3.0},{"damage":10.0,"enemies":"Large Slime","floor":14.0,"turns":2.0},{"damage":40.0,"enemies":"Slime Boss","floor":16.0,"turns":7.0},{"damage":12.0,"enemies":"3 Byrds","floor":18.0,"turns":6.0},{"damage":35.0,"enemies":"2 Thieves","floor":19.0,"turns":4.0},{"damage":9.0,"enemies":"Centurion and Healer","floor":21.0,"turns":9.0},{"damage":24.0,"enemies":"Book of Stabbing","floor":24.0,"turns":7.0},{"damage":15.0,"enemies":"Slavers","floor":28.0,"turns":4.0},{"damage":0.0,"enemies":"Gremlin Leader","floor":30.0,"turns":7.0},{"damage":8.0,"enemies":"Chosen and Byrds","floor":31.0,"turns":4.0},{"damage":8.0,"enemies":"Collector","floor":33.0,"turns":9.0},{"damage":24.0,"enemies":"3 Shapes","floor":35.0,"turns":3.0},{"damage":16.0,"enemies":"3 Darklings","floor":38.0,"turns":6.0},{"damage":0.0,"enemies":"Mind Bloom Boss Battle","floor":39.0,"turns":6.0},{"damage":0.0,"enemies":"Giant Head","floor":41.0,"turns":8.0},{"damage":0.0,"enemies":"Transient","floor":46.0,"turns":6.0},{"damage":0.0,"enemies":"Reptomancer","floor":48.0,"turns":6.0},{"damage":60.0,"enemies":"Time Eater","floor":50.0,"turns":12.0},{"damage":12,"enemies":"Donu and Deca","floor":51,"turns":12}],"seed_played":"-3056432972749320684","potions_obtained":[{"floor":1.0,"key":"Fire Potion"},{"floor":2.0,"key":"SpeedPotion"},{"floor":12.0,"key":"Explosive Potion"},{"floor":28.0,"key":"FearPotion"},{"floor":35.0,"key":"Dexterity Potion"},{"floor":39.0,"key":"SteroidPotion"}],"is_trial":false,"path_per_floor":["M","M","?","?","M","R","E","M","T","?","R","E","M","M","R","B",null,"M","M","?","M","?","R","E","?","T","$","E","$","E","M","R","B",null,"M","?","T","M","?","R","E","R","T","R","?","M","$","E","R","B","B",null],"character_chosen":"DEFECT","items_purchased":["Lee\u0027s Waffle","Defragment","Fire Potion","Compile Driver","Gambling Chip","SpeedPotion","Ancient Potion"],"campfire_rested":3,"item_purchase_floors":[27,27,27,29,47,47,47],"current_hp_per_floor":[64,64,53,53,53,53,45,41,41,41,41,44,30,22,47,9,66,56,23,23,16,16,41,19,19,19,92,77,77,79,73,73,67,86,64,54,54,40,42,69,71,71,71,71,71,73,73,75,75,17,7],"gold":90,"neow_bonus":"TEN_PERCENT_HP_BONUS","is_prod":false,"is_daily":false,"chose_seed":false,"campfire_upgraded":6,"win_rate":0,"timestamp":1565551227,"path_taken":["M","M","?","?","M","R","E","M","T","?","R","E","M","?","R","BOSS","M","M","?","?","?","R","E","?","T","?","E","$","E","M","R","BOSS","M","?","?","M","?","R","E","R","T","R","?","?","$","E","R","BOSS","BOSS"],"build_version":"2019-07-18","purchased_purges":1,"victory":true,"max_hp_per_floor":[78,78,78,78,78,78,78,78,78,78,78,85,85,85,85,85,85,85,85,85,85,85,85,85,85,85,92,92,92,92,92,92,92,92,92,92,92,92,92,92,92,92,92,92,92,92,92,92,92,92,92],"card_choices":[{"not_picked":["Coolheaded","Chaos"],"picked":"Rip and Tear","floor":1.0},{"not_picked":["Redo","Stack"],"picked":"Beam Cell","floor":2.0},{"not_picked":["Compile Driver","Redo"],"picked":"Cold Snap","floor":5.0},{"not_picked":["Lockon","Sweeping Beam"],"picked":"Sunder","floor":7.0},{"not_picked":["Recycle","Barrage"],"picked":"Hologram","floor":8.0},{"not_picked":["Reinforced Body","Steam"],"picked":"Biased Cognition","floor":12.0},{"not_picked":["Aggregate","Steam","Melter"],"picked":"SKIP","floor":13.0},{"not_picked":["Conserve Battery","Sweeping Beam"],"picked":"Core Surge","floor":14.0},{"not_picked":["Rainbow","Buffer"],"picked":"Echo Form","floor":16.0},{"not_picked":["Double Energy","Steam+1","Turbo"],"picked":"SKIP","floor":18.0},{"not_picked":["Ball Lightning+1","Steam Power"],"picked":"Coolheaded+1","floor":19.0},{"not_picked":["Redo","Skim"],"picked":"Turbo","floor":21.0},{"not_picked":["Leap","Streamline+1"],"picked":"FTL","floor":24.0},{"not_picked":["Fusion","Rip and Tear"],"picked":"Chill","floor":28.0},{"not_picked":["Meteor Strike","Storm"],"picked":"Electrodynamics","floor":30.0},{"not_picked":["Turbo","Streamline"],"picked":"Loop+1","floor":31.0},{"not_picked":["Machine Learning","Biased Cognition"],"picked":"Core Surge","floor":33.0},{"not_picked":["Doom and Gloom","Defragment","Barrage"],"picked":"SKIP","floor":35.0},{"not_picked":["Bandage Up","Dark Shackles"],"picked":"Apotheosis","floor":36.0},{"not_picked":["Impatience","Good Instincts"],"picked":"Dark Shackles","floor":36.0},{"not_picked":["PanicButton","Mind Blast"],"picked":"Impatience","floor":36.0},{"not_picked":["Go for the Eyes","Undo"],"picked":"Chill+1","floor":38.0},{"not_picked":["White Noise","Aggregate"],"picked":"Compile Driver","floor":39.0},{"not_picked":["Hello World","Meteor Strike","Multi-Cast"],"picked":"SKIP","floor":41.0},{"not_picked":["Hologram","Sweeping Beam+1","Amplify"],"picked":"SKIP","floor":46.0},{"not_picked":["Amplify","Steam Power+1","Hyperbeam"],"picked":"SKIP","floor":48.0}],"player_experience":1986462,"relics_obtained":[{"floor":7.0,"key":"Blood Vial"},{"floor":9.0,"key":"Smiling Mask"},{"floor":12.0,"key":"Strawberry"},{"floor":24.0,"key":"Bottled Flame"},{"floor":26.0,"key":"Pocketwatch"},{"floor":28.0,"key":"Ginger"},{"floor":30.0,"key":"Du-Vu Doll"},{"floor":37.0,"key":"FossilizedHelix"},{"floor":39.0,"key":"Old Coin"},{"floor":41.0,"key":"Mercury Hourglass"},{"floor":43.0,"key":"Symbiotic Virus"},{"floor":48.0,"key":"PreservedInsect"}],"event_choices":[{"damage_healed":0.0,"max_hp_gain":0.0,"max_hp_loss":0.0,"gold_gain":75.0,"event_name":"World of Goop","player_choice":"Gather Gold","floor":3.0,"gold_loss":0.0,"damage_taken":11.0},{"cards_removed":["Strike_B"],"damage_healed":0.0,"max_hp_gain":0.0,"max_hp_loss":0.0,"gold_gain":0.0,"event_name":"The Cleric","player_choice":"Card Removal","floor":4.0,"gold_loss":75.0,"damage_taken":0.0},{"damage_healed":0.0,"max_hp_gain":0.0,"max_hp_loss":0.0,"gold_gain":0.0,"event_name":"Upgrade Shrine","player_choice":"Upgraded","floor":10.0,"gold_loss":0.0,"damage_taken":0.0,"cards_upgraded":["Sunder"]},{"damage_healed":0.0,"max_hp_gain":0.0,"max_hp_loss":0.0,"gold_gain":0.0,"event_name":"Match and Keep!","player_choice":"0 cards matched","floor":20.0,"gold_loss":0.0,"damage_taken":0.0,"cards_obtained":[]},{"damage_healed":0.0,"max_hp_gain":0.0,"max_hp_loss":0.0,"gold_gain":0.0,"event_name":"Cursed Tome","player_choice":"Ignored","floor":22.0,"gold_loss":0.0,"damage_taken":0.0},{"damage_healed":0.0,"max_hp_gain":0.0,"max_hp_loss":0.0,"gold_gain":0.0,"event_name":"N\u0027loth","player_choice":"Traded Relic","floor":25.0,"relics_lost":["Smiling Mask"],"gold_loss":0.0,"damage_taken":0.0,"relics_obtained":["Nloth\u0027s Gift"]},{"damage_healed":0.0,"max_hp_gain":0.0,"max_hp_loss":0.0,"gold_gain":0.0,"event_name":"SensoryStone","player_choice":"Memory 3","floor":36.0,"gold_loss":0.0,"damage_taken":10.0},{"damage_healed":0.0,"max_hp_gain":0.0,"max_hp_loss":0.0,"gold_gain":0.0,"event_name":"MindBloom","player_choice":"Fight","floor":39.0,"gold_loss":0.0,"damage_taken":0.0},{"cards_removed":["Writhe"],"damage_healed":0.0,"max_hp_gain":0.0,"max_hp_loss":0.0,"gold_gain":0.0,"event_name":"Designer","player_choice":"Upgrade and Remove","floor":45.0,"gold_loss":110.0,"damage_taken":0.0,"cards_upgraded":["Defend_B"]}],"is_beta":true,"boss_relics":[{"not_picked":["Runic Dome","Lizard Tail"],"picked":"Astrolabe"},{"not_picked":["Tiny House","Nuclear Battery"],"picked":"Cursed Key"}],"items_purged_floors":[47],"is_endless":false,"potions_floor_spawned":[1,2,12,19,28,35,39,41,46],"ascension_level":20}