{"gold_per_floor":[109,109,109,38,58,58,78,78,78,101,101,136,156,81,81,183,183,203,213,488,317,328,328,344,344,344,354,354,369,379,393,393,494,494,508,121,138,150,150,150,175,175,228,228,228,228,150,161,161,161,161,161,41,69,69],"floor_reached":55,"playtime":3702,"items_purged":["Strike_B","Regret"],"score":722,"play_id":"d97fd814-3514-480c-b52e-96e59b12a4d7","local_time":"20190702053731","is_ascension_mode":false,"campfire_choices":[{"data":"Sunder","floor":6.0,"key":"SMITH"},{"floor":8.0,"key":"DIG"},{"floor":11.0,"key":"DIG"},{"floor":15.0,"key":"DIG"},{"data":"Consume","floor":23.0,"key":"SMITH"},{"floor":25.0,"key":"DIG"},{"floor":32,"key":"REST"},{"data":"Loop","floor":40,"key":"SMITH"},{"data":"Loop","floor":42,"key":"SMITH"},{"floor":45,"key":"RECALL"},{"floor":49,"key":"REST"},{"data":"Seek","floor":52,"key":"SMITH"}],"neow_cost":"TEN_PERCENT_HP_LOSS","seed_source_timestamp":0,"circlet_count":0,"master_deck":["Zap","Dualcast","Coolheaded","Electrodynamics","Sunder+1","Leap","Loop+1","Coolheaded","Echo Form","Gash+1","Gash+1","Consume+1","Go for the Eyes","Capacitor","Gash","Capacitor","Reprogram+1","Barrage+1","White Noise+1","Reboot","Capacitor","Leap+1","Redo+1","Double Energy","Reboot","Seek+1","Amplify","Barrage","Core Surge","Steam","Loop+1","Reprogram+1","Blind","Thinking Ahead","Forethought","Consume","Rebound+1","Undo","Glacier+1"],"special_seed":0,"relics":["Cracked Core","Shovel","PreservedInsect","Regal Pillow","Whetstone","Mango","Prayer Wheel","Strawberry","Nuclear Battery","Centennial Puzzle","Dream Catcher","FossilizedHelix","Pandora\u0027s Box","Lee\u0027s Waffle","DataDisk","Mercury Hourglass","Vajra","Pen Nib"],"potions_floor_usage":[33,38,54,55],"damage_taken":[{"damage":0.0,"enemies":"Small Slimes","floor":1.0,"turns":2.0},{"damage":1.0,"enemies":"Cultist","floor":5.0,"turns":3.0},{"damage":1.0,"enemies":"Jaw Worm","floor":7.0,"turns":3.0},{"damage":6.0,"enemies":"Gremlin Nob","floor":12.0,"turns":3.0},{"damage":1.0,"enemies":"Exordium Wildlife","floor":13.0,"turns":4.0},{"damage":42.0,"enemies":"The Guardian","floor":16.0,"turns":10.0},{"damage":10.0,"enemies":"2 Thieves","floor":18.0,"turns":4.0},{"damage":0.0,"enemies":"Spheric Guardian","floor":19.0,"turns":3.0},{"damage":25.0,"enemies":"Snake Plant","floor":22.0,"turns":4.0},{"damage":20.0,"enemies":"3 Cultists","floor":24.0,"turns":5.0},{"damage":0.0,"enemies":"Sentry and Sphere","floor":27.0,"turns":6.0},{"damage":14.0,"enemies":"Snake Plant","floor":29.0,"turns":3.0},{"damage":0,"enemies":"Shelled Parasite and Fungi","floor":30,"turns":6},{"damage":12,"enemies":"3 Cultists","floor":31,"turns":4},{"damage":36,"enemies":"Automaton","floor":33,"turns":8},{"damage":34,"enemies":"3 Darklings","floor":35,"turns":4},{"damage":0,"enemies":"Orb Walker","floor":37,"turns":4},{"damage":8,"enemies":"Jaw Worm Horde","floor":38,"turns":3},{"damage":14,"enemies":"Giant Head","floor":41,"turns":8},{"damage":10,"enemies":"Sphere and 2 Shapes","floor":48,"turns":5},{"damage":67,"enemies":"Time Eater","floor":50,"turns":10},{"damage":32,"enemies":"Shield and Spear","floor":54,"turns":5},{"damage":64,"enemies":"The Heart","floor":55,"turns":3}],"seed_played":"-301163594746150982","potions_obtained":[{"floor":3.0,"key":"Ancient Potion"},{"floor":3.0,"key":"Explosive Potion"},{"floor":3.0,"key":"Weak Potion"},{"floor":5.0,"key":"Fire Potion"},{"floor":7.0,"key":"SteroidPotion"},{"floor":16.0,"key":"FocusPotion"},{"floor":24.0,"key":"Block Potion"},{"floor":29.0,"key":"Energy Potion"},{"floor":31,"key":"Poison Potion"},{"floor":35,"key":"Explosive Potion"},{"floor":37,"key":"Dexterity Potion"}],"is_trial":false,"path_per_floor":["M","?","?","$","M","R","M","R","T","T","R","E","M","$","R","B",null,"M","M","?","$","M","R","M","R","T","M","?","M","M","M","R","B",null,"M","$","M","M","?","R","E","R","T","?","R","?","$","M","R","B",null,"R","$","E","B"],"character_chosen":"DEFECT","items_purchased":["Electrodynamics","Capacitor","Loop","Lee\u0027s Waffle","DataDisk","Consume","Undo","SpeedPotion"],"campfire_rested":2,"item_purchase_floors":[4,21,36,36,36,47,53,53],"current_hp_per_floor":[68,65,65,65,64,64,63,63,63,63,77,71,70,70,77,35,89,79,79,79,79,54,54,34,34,34,34,34,20,20,8,49,13,89,55,96,96,88,88,88,74,74,74,74,74,64,64,54,96,29,96,96,96,64,0],"gold":69,"neow_bonus":"ONE_RARE_RELIC","is_prod":false,"is_daily":false,"chose_seed":false,"campfire_upgraded":5,"win_rate":0,"timestamp":1562013451,"path_taken":["M","?","?","$","?","R","M","R","T","?","R","E","M","?","R","BOSS","M","?","?","$","M","R","?","R","T","M","?","M","?","M","R","BOSS","M","$","M","M","?","R","E","R","T","?","R","?","?","?","R","BOSS","R","$","E","BOSS"],"build_version":"2019-01-23","purchased_purges":2,"victory":false,"max_hp_per_floor":[68,68,68,68,68,68,68,68,68,68,82,82,82,82,89,89,89,89,89,89,89,89,89,89,89,89,89,89,89,89,89,89,89,89,89,96,96,96,96,96,96,96,96,96,96,96,96,96,96,96,96,96,96,96,96],"card_choices":[{"not_picked":["Fusion","Hologram"],"picked":"Coolheaded","floor":1.0},{"not_picked":["Barrage","Double Energy"],"picked":"Sunder","floor":5.0},{"not_picked":["Streamline","Hologram","Genetic Algorithm"],"picked":"SKIP","floor":7.0},{"not_picked":["Blizzard","Beam Cell"],"picked":"Leap","floor":12.0},{"not_picked":["Ball Lightning","Gash"],"picked":"Loop","floor":13.0},{"not_picked":["Conserve Battery","Gash"],"picked":"Coolheaded","floor":13.0},{"not_picked":["Biased Cognition","Thunder Strike"],"picked":"Echo Form","floor":16.0},{"not_picked":["Steam Power","Go for the Eyes"],"picked":"Gash+1","floor":18.0},{"not_picked":["Turbo","Force Field"],"picked":"Gash+1","floor":18.0},{"not_picked":["Scrape","Hologram"],"picked":"Consume","floor":19.0},{"not_picked":["Cold Snap","Tempest+1"],"picked":"Go for the Eyes","floor":19.0},{"not_picked":["Sweeping Beam","Beam Cell"],"picked":"Gash","floor":22.0},{"not_picked":["Steam","Amplify"],"picked":"Capacitor","floor":22.0},{"not_picked":["BootSequence","Turbo"],"picked":"Reprogram+1","floor":24.0},{"not_picked":["Rebound","Sweeping Beam+1","Compile Driver"],"picked":"SKIP","floor":24.0},{"not_picked":["Coolheaded","Chaos"],"picked":"Barrage+1","floor":27.0},{"not_picked":["Consume","Scrape"],"picked":"White Noise+1","floor":27.0},{"not_picked":["Gash","Redo"],"picked":"Reboot","floor":29.0},{"not_picked":["Streamline","Go for the Eyes","Doom and Gloom"],"picked":"SKIP","floor":29.0},{"not_picked":["Sunder+1","Coolheaded","Compile Driver"],"picked":"SKIP","floor":30},{"not_picked":["Static Discharge","Scrape+1","Coolheaded"],"picked":"SKIP","floor":30},{"not_picked":["Reinforced Body","Tempest+1"],"picked":"Capacitor","floor":31},{"not_picked":["Hologram","Sweeping Beam"],"picked":"Leap+1","floor":31},{"not_picked":["Force Field","Ball Lightning"],"picked":"Redo+1","floor":32},{"not_picked":["Redo","Doom and Gloom+1"],"picked":"Steam","floor":35},{"not_picked":["Gash","Barrage+1","Ball Lightning+1"],"picked":"SKIP","floor":35},{"not_picked":["Streamline","Leap"],"picked":"Reprogram+1","floor":37},{"not_picked":["Cold Snap","Streamline","Chaos"],"picked":"SKIP","floor":37},{"not_picked":["Scrape","Skim","Tempest+1"],"picked":"SKIP","floor":38},{"not_picked":["Compile Driver+1","Sweeping Beam","Ball Lightning"],"picked":"SKIP","floor":38},{"not_picked":["Compile Driver+1","Biased Cognition","Cold Snap"],"picked":"SKIP","floor":41},{"not_picked":["Dark Shackles","Panacea"],"picked":"Blind","floor":46},{"not_picked":["Secret Weapon","Deep Breath"],"picked":"Thinking Ahead","floor":46},{"not_picked":["Enlightenment","Violence"],"picked":"Forethought","floor":46},{"not_picked":["Lockon","Rebound","Barrage"],"picked":"SKIP","floor":48},{"not_picked":["Chill","Cold Snap","Static Discharge"],"picked":"SKIP","floor":48},{"not_picked":["Hologram","Ball Lightning"],"picked":"Rebound+1","floor":49},{"not_picked":["Turbo","Darkness+1"],"picked":"Glacier+1","floor":54}],"player_experience":140367,"relics_obtained":[{"floor":8.0,"key":"Regal Pillow"},{"floor":10.0,"key":"Whetstone"},{"floor":11.0,"key":"Mango"},{"floor":12.0,"key":"Prayer Wheel"},{"floor":15.0,"key":"Strawberry"},{"floor":25.0,"key":"Centennial Puzzle"},{"floor":26.0,"key":"Dream Catcher"},{"floor":41,"key":"Mercury Hourglass"},{"floor":43,"key":"Vajra"},{"floor":54,"key":"Pen Nib"}],"event_choices":[{"damage_healed":0.0,"max_hp_gain":0.0,"max_hp_loss":0.0,"gold_gain":0.0,"event_name":"Scrap Ooze","player_choice":"Success","floor":2.0,"gold_loss":0.0,"damage_taken":3.0,"relics_obtained":["PreservedInsect"]},{"damage_healed":0.0,"max_hp_gain":0.0,"max_hp_loss":0.0,"gold_gain":0.0,"event_name":"Lab","player_choice":"Got Potions","floor":3.0,"gold_loss":0.0,"damage_taken":0.0},{"damage_healed":0.0,"max_hp_gain":0.0,"max_hp_loss":0.0,"gold_gain":275.0,"event_name":"Golden Shrine","player_choice":"Desecrate","floor":20.0,"gold_loss":0.0,"damage_taken":0.0,"cards_obtained":["Regret"]},{"damage_healed":0.0,"max_hp_gain":0.0,"max_hp_loss":0.0,"gold_gain":0.0,"event_name":"WeMeetAgain","player_choice":"Gave Potion","floor":28.0,"gold_loss":0.0,"damage_taken":0.0,"relics_obtained":["FossilizedHelix"]},{"cards_removed":["Genetic Algorithm"],"damage_healed":0,"gold_gain":0,"player_choice":"Removed Skill","damage_taken":0,"max_hp_gain":0,"max_hp_loss":0,"event_name":"Falling","floor":39,"gold_loss":0},{"damage_healed":0,"gold_gain":0,"player_choice":"Ignored","damage_taken":0,"max_hp_gain":0,"max_hp_loss":0,"event_name":"Tomb of Lord Red Mask","floor":44,"gold_loss":0},{"damage_healed":0,"gold_gain":0,"player_choice":"Memory 3","damage_taken":10,"max_hp_gain":0,"max_hp_loss":0,"event_name":"SensoryStone","floor":46,"gold_loss":0}],"is_beta":false,"boss_relics":[{"not_picked":["Runic Pyramid","Ectoplasm"],"picked":"Nuclear Battery"},{"not_picked":["Eternal Feather","Philosopher\u0027s Stone"],"picked":"Pandora\u0027s Box"}],"items_purged_floors":[14,21],"is_endless":false,"potions_floor_spawned":[5,7,16,18,24,29,31,35,37],"killed_by":"The Heart","ascension_level":0}