{"gold_per_floor":[119,137,151,151,19,44,44],"floor_reached":7,"playtime":687,"items_purged":["Regret"],"score":102,"play_id":"d9fc27b3-a132-4edf-bd1e-89bf0d2186ec","local_time":"20190729200454","is_ascension_mode":true,"campfire_choices":[],"neow_cost":"TEN_PERCENT_HP_LOSS","seed_source_timestamp":853506896573313,"circlet_count":0,"master_deck":["AscendersBane","Strike_R","Strike_R","Strike_R","Strike_R","Strike_R","Defend_R","Defend_R","Defend_R","Defend_R","Bash","Battle Trance","Sword Boomerang","Clothesline","Shrug It Off","Clothesline","Double Tap"],"special_seed":0,"relics":["Burning Blood","Prayer Wheel","Blue Candle","Bottled Lightning"],"potions_floor_usage":[],"damage_taken":[{"damage":9.0,"enemies":"Small Slimes","floor":1.0,"turns":5.0},{"damage":19.0,"enemies":"Jaw Worm","floor":2.0,"turns":4.0},{"damage":2.0,"enemies":"2 Louse","floor":3.0,"turns":3.0},{"damage":29.0,"enemies":"3 Sentries","floor":6.0,"turns":10.0},{"damage":36,"enemies":"Large Slime","floor":7,"turns":4}],"seed_played":"6812095862750536574","potions_obtained":[{"floor":1.0,"key":"Explosive Potion"},{"floor":6.0,"key":"Weak Potion"}],"is_trial":false,"path_per_floor":["M","M","M","?","$","E","M"],"character_chosen":"IRONCLAD","items_purchased":["PowerPotion"],"campfire_rested":0,"item_purchase_floors":[5],"current_hp_per_floor":[65,52,56,56,56,33,0],"gold":44,"neow_bonus":"ONE_RARE_RELIC","is_prod":false,"is_daily":false,"chose_seed":false,"campfire_upgraded":0,"win_rate":0,"timestamp":1564419894,"path_taken":["M","M","M","?","$","E","M"],"build_version":"2019-07-17","purchased_purges":1,"victory":false,"max_hp_per_floor":[68,68,68,68,68,68,68],"card_choices":[{"not_picked":["Clash","Warcry"],"picked":"Battle Trance","floor":1.0},{"not_picked":["Searing Blow","Armaments"],"picked":"Sword Boomerang","floor":1.0},{"not_picked":["Thunderclap","Heavy Blade"],"picked":"Clothesline","floor":2.0},{"not_picked":["Cleave","Sword Boomerang"],"picked":"Shrug It Off","floor":2.0},{"not_picked":["Flex","True Grit"],"picked":"Clothesline","floor":3.0},{"not_picked":["Havoc","Clash","Warcry"],"picked":"SKIP","floor":3.0},{"not_picked":["Flex","Sword Boomerang"],"picked":"Double Tap","floor":6.0}],"player_experience":1073435,"relics_obtained":[{"floor":6.0,"key":"Bottled Lightning"}],"event_choices":[{"damage_healed":0.0,"max_hp_gain":0.0,"max_hp_loss":0.0,"gold_gain":0.0,"event_name":"Big Fish","player_choice":"Box","floor":4.0,"gold_loss":0.0,"damage_taken":0.0,"relics_obtained":["Blue Candle"],"cards_obtained":["Regret"]}],"is_beta":false,"boss_relics":[],"items_purged_floors":[5],"is_endless":false,"potions_floor_spawned":[1,6],"killed_by":"Large Slime","ascension_level":20}