{"gold_per_floor":[117,136,286,31,106,134,134,145,145,145,58,58,91,104,104,104],"floor_reached":16,"playtime":919,"items_purged":["Doubt"],"score":266,"play_id":"76b7ba1b-5fce-443d-a4d8-bdc94e92ec1b","local_time":"20190729225259","is_ascension_mode":true,"campfire_choices":[{"data":"Zap","floor":7,"key":"SMITH"},{"data":"Capacitor","floor":12,"key":"SMITH"},{"data":"Coolheaded","floor":15,"key":"SMITH"}],"neow_cost":"NONE","seed_source_timestamp":863561954666124,"circlet_count":0,"master_deck":["AscendersBane","Strike_B","Strike_B","Strike_B","Defend_B","Defend_B","Defend_B","Defend_B","Zap+1","Dualcast","Undo","Go for the Eyes","Genetic Algorithm","Coolheaded+1","FTL","Rip and Tear","Capacitor+1","Ball Lightning","Sweeping Beam"],"relics":["Cracked Core","NeowsBlessing","Meat on the Bone","Dream Catcher","Blood Vial"],"potions_floor_usage":[13],"damage_taken":[{"damage":0,"enemies":"Jaw Worm","floor":1,"turns":1},{"damage":0,"enemies":"Small Slimes","floor":2,"turns":1},{"damage":0,"enemies":"Lagavulin","floor":6,"turns":1},{"damage":2,"enemies":"Cultist","floor":8,"turns":4},{"damage":18,"enemies":"3 Sentries","floor":13,"turns":9},{"damage":7,"enemies":"Large Slime","floor":14,"turns":6},{"damage":44,"enemies":"Hexaghost","floor":16,"turns":9}],"seed_played":"-2749988088064239257","potions_obtained":[{"floor":1,"key":"Explosive Potion"},{"floor":2,"key":"PowerPotion"},{"floor":14,"key":"Explosive Potion"}],"is_trial":false,"path_per_floor":["M","M","?","$","?","E","R","M","T","?","$","R","E","M","R","B"],"character_chosen":"DEFECT","items_purchased":["Genetic Algorithm","Coolheaded","FTL","Capacitor"],"campfire_rested":0,"item_purchase_floors":[4,4,4,11],"current_hp_per_floor":[64,64,64,64,53,53,53,51,51,51,51,51,45,40,40,0],"gold":104,"neow_bonus":"THREE_ENEMY_KILL","is_prod":false,"is_daily":false,"chose_seed":false,"campfire_upgraded":3,"win_rate":0,"timestamp":1564429979,"path_taken":["M","M","?","$","?","E","R","M","T","?","$","R","E","M","R","BOSS"],"build_version":"2019-07-17","purchased_purges":1,"victory":false,"max_hp_per_floor":[71,71,71,71,71,71,71,71,71,71,71,71,71,71,71,71],"card_choices":[{"not_picked":["Storm","Doom and Gloom"],"picked":"Undo","floor":1},{"not_picked":["Rebound","Rip and Tear"],"picked":"Go for the Eyes","floor":2},{"not_picked":["Leap","Beam Cell","Rip and Tear"],"picked":"SKIP","floor":6},{"not_picked":["Leap","Beam Cell","Rip and Tear"],"picked":"SKIP","floor":6},{"not_picked":["Steam","Hello World","Turbo"],"picked":"SKIP","floor":8},{"not_picked":["Rebound","Sunder"],"picked":"Ball Lightning","floor":13},{"not_picked":["Compile Driver","Rebound"],"picked":"Sweeping Beam","floor":14}],"player_experience":1081930,"relics_obtained":[{"floor":6,"key":"Meat on the Bone"},{"floor":9,"key":"Dream Catcher"},{"floor":13,"key":"Blood Vial"}],"event_choices":[{"damage_healed":0,"gold_gain":150,"player_choice":"AGREE","damage_taken":0,"max_hp_gain":0,"max_hp_loss":0,"event_name":"Liars Game","floor":3,"gold_loss":0,"cards_obtained":["Doubt"]},{"damage_healed":0,"gold_gain":75,"player_choice":"Gather Gold","damage_taken":11,"max_hp_gain":0,"max_hp_loss":0,"event_name":"World of Goop","floor":5,"gold_loss":0},{"damage_healed":0,"gold_gain":0,"cards_transformed":["Strike_B"],"player_choice":"Transformed","damage_taken":0,"max_hp_gain":0,"max_hp_loss":0,"event_name":"Transmorgrifier","floor":10,"gold_loss":0,"cards_obtained":["Rip and Tear"]}],"is_beta":false,"boss_relics":[],"items_purged_floors":[4],"is_endless":false,"potions_floor_spawned":[1,2,14],"killed_by":"Hexaghost","ascension_level":20}