{"gold_per_floor":[113,45,45,45,45,70,70,105,131,131,164,183,183,193,193,293,293,312,312,195,195,206,206,231,251,251,270,270,270,305,305,305,406,406,421,432,382,401,420,420,449,449,472,472,804,804,837,837,837,837],"floor_reached":51,"playtime":5392,"items_purged":["Strike_G","Strike_G"],"score":1133,"play_id":"3c5bc893-16ca-4ed5-b5a7-652b11dd53f8","local_time":"20190801152714","is_ascension_mode":true,"campfire_choices":[{"data":"Neutralize","floor":7.0,"key":"SMITH"},{"data":"Dagger Spray","floor":13.0,"key":"SMITH"},{"data":"Blur","floor":15.0,"key":"SMITH"},{"floor":23,"key":"REST"},{"floor":29,"key":"DIG"},{"floor":32,"key":"DIG"},{"floor":40,"key":"DIG"},{"floor":42,"key":"DIG"},{"floor":44,"key":"DIG"},{"floor":46,"key":"DIG"},{"floor":49,"key":"DIG"}],"neow_cost":"NONE","seed_source_timestamp":210039337265900,"circlet_count":0,"master_deck":["Defend_G+1","Defend_G","Defend_G","Defend_G","Defend_G+1","Survivor","Neutralize+1","Backstab","Well Laid Plans+1","Crippling Poison","Dash","Dagger Spray+1","Blur+1","Catalyst+1","Noxious Fumes","Acrobatics","Blur+1","Deadly Poison","Ghostly","Ghostly","Ghostly","Ghostly","Ghostly","Wraith Form v2","Footwork+1","Dodge and Roll+1","Escape Plan+1","Noxious Fumes+1"],"special_seed":0,"relics":["Ring of the Serpent","NeowsBlessing","Matryoshka","Letter Opener","Smiling Mask","Potion Belt","Mango","Fusion Hammer","Enchiridion","Lantern","Art of War","Shovel","Bottled Lightning","Pen Nib","Ginger","Sundial","Tingsha","Centennial Puzzle","Anchor","Ancient Tea Set","Thread and Needle","Old Coin","Shuriken","Nunchaku","Mummified Hand"],"potions_floor_usage":[16],"damage_taken":[{"damage":0.0,"enemies":"Cultist","floor":1.0,"turns":1.0},{"damage":0.0,"enemies":"Gremlin Nob","floor":6.0,"turns":1.0},{"damage":0.0,"enemies":"Lagavulin","floor":8.0,"turns":1.0},{"damage":25.0,"enemies":"Gremlin Nob","floor":11.0,"turns":6.0},{"damage":0.0,"enemies":"Small Slimes","floor":12.0,"turns":3.0},{"damage":0.0,"enemies":"2 Louse","floor":14.0,"turns":2.0},{"damage":23,"enemies":"Slime Boss","floor":16,"turns":12},{"damage":0,"enemies":"Shell Parasite","floor":18,"turns":7},{"damage":0,"enemies":"Spheric Guardian","floor":22,"turns":5},{"damage":12,"enemies":"Gremlin Leader","floor":24,"turns":9},{"damage":1,"enemies":"Chosen and Byrds","floor":25,"turns":7},{"damage":0,"enemies":"Snake Plant","floor":27,"turns":4},{"damage":0,"enemies":"Book of Stabbing","floor":30,"turns":8},{"damage":13,"enemies":"Champ","floor":33,"turns":10},{"damage":0,"enemies":"Orb Walker","floor":35,"turns":3},{"damage":4,"enemies":"3 Shapes","floor":36,"turns":4},{"damage":5,"enemies":"3 Darklings","floor":38,"turns":4},{"damage":0,"enemies":"Spire Growth","floor":39,"turns":8},{"damage":0,"enemies":"Reptomancer","floor":41,"turns":8},{"damage":0,"enemies":"Nemesis","floor":45,"turns":7},{"damage":0,"enemies":"Giant Head","floor":47,"turns":9},{"damage":0,"enemies":"Awakened One","floor":50,"turns":20}],"seed_played":"-731865013137251549","potions_obtained":[{"floor":8.0,"key":"Poison Potion"},{"floor":12.0,"key":"FearPotion"},{"floor":16,"key":"EntropicBrew"},{"floor":18,"key":"Strength Potion"},{"floor":22,"key":"Swift Potion"},{"floor":35,"key":"Block Potion"},{"floor":39,"key":"Energy Potion"}],"is_trial":false,"path_per_floor":["M","$","?","$","?","E","R","E","T","?","E","M","R","M","R","B",null,"M","?","$","?","M","R","E","M","T","M","?","R","E","T","R","B",null,"M","M","$","M","M","R","E","R","T","R","E","R","E","?","R","B",null],"character_chosen":"THE_SILENT","items_purchased":["Well Laid Plans","Noxious Fumes"],"campfire_rested":1,"item_purchase_floors":[2,20],"current_hp_per_floor":[70,70,70,70,63,63,63,63,63,49,38,38,38,38,38,15,84,84,68,68,68,68,84,72,71,71,71,42,42,42,42,42,29,42,42,38,38,33,33,33,33,33,33,33,33,33,33,33,33,33],"gold":837,"neow_bonus":"THREE_ENEMY_KILL","is_prod":false,"is_daily":false,"chose_seed":false,"campfire_upgraded":3,"win_rate":0,"timestamp":1564687634,"path_taken":["M","$","?","$","?","E","R","E","T","?","E","?","R","?","R","BOSS","M","?","$","?","M","R","E","?","T","M","?","R","E","?","R","BOSS","M","M","$","M","M","R","E","R","T","R","E","R","E","?","R","BOSS"],"build_version":"2019-07-18","purchased_purges":2,"victory":true,"max_hp_per_floor":[70,70,70,70,70,70,70,70,70,70,84,84,84,84,84,84,84,84,84,84,84,84,84,84,84,84,84,42,42,42,42,42,42,42,42,42,42,42,42,42,42,42,42,42,42,42,42,42,42,42],"card_choices":[{"not_picked":["Deflect","Choke"],"picked":"Backstab","floor":1.0},{"not_picked":["Flechettes","Acrobatics"],"picked":"Crippling Poison","floor":6.0},{"not_picked":["Tactician","Flying Knee","Venomology"],"picked":"SKIP","floor":8.0},{"not_picked":["Acrobatics","Riddle With Holes"],"picked":"Dash","floor":11.0},{"not_picked":["Outmaneuver","Bouncing Flask"],"picked":"Dagger Spray","floor":12.0},{"not_picked":["Deflect","Bane"],"picked":"Blur","floor":14.0},{"not_picked":["Footwork","Sucker Punch+1"],"picked":"Catalyst+1","floor":18},{"not_picked":["Deflect","Slice"],"picked":"Acrobatics","floor":22},{"not_picked":["Blade Dance+1","Sucker Punch","Finisher"],"picked":"SKIP","floor":24},{"not_picked":["Underhanded Strike","Slice"],"picked":"Blur+1","floor":25},{"not_picked":["Blade Dance+1","Dagger Spray"],"picked":"Deadly Poison","floor":27},{"not_picked":["Dagger Spray","Setup+1","Masterful Stab"],"picked":"SKIP","floor":30},{"not_picked":["Unload","Bullet Time"],"picked":"Wraith Form v2","floor":33},{"not_picked":["Poisoned Stab","Accuracy+1"],"picked":"Footwork+1","floor":35},{"not_picked":["Dagger Spray","Deadly Poison+1","Acrobatics"],"picked":"SKIP","floor":36},{"not_picked":["Dodge and Roll","Blade Dance+1","Dagger Spray"],"picked":"SKIP","floor":38},{"not_picked":["Leg Sweep+1","Tactician"],"picked":"Dodge and Roll+1","floor":39},{"not_picked":["Dagger Throw","Skewer"],"picked":"Escape Plan+1","floor":41},{"not_picked":["Skewer","Envenom"],"picked":"Noxious Fumes+1","floor":45},{"not_picked":["Distraction+1","Dagger Spray+1","Tactician+1"],"picked":"SKIP","floor":47}],"player_experience":265711,"relics_obtained":[{"floor":6.0,"key":"Matryoshka"},{"floor":8.0,"key":"Letter Opener"},{"floor":9.0,"key":"Smiling Mask"},{"floor":9.0,"key":"Potion Belt"},{"floor":11.0,"key":"Mango"},{"floor":19,"key":"Enchiridion"},{"floor":24,"key":"Lantern"},{"floor":26,"key":"Art of War"},{"floor":26,"key":"Shovel"},{"floor":29,"key":"Bottled Lightning"},{"floor":30,"key":"Pen Nib"},{"floor":31,"key":"Ginger"},{"floor":32,"key":"Sundial"},{"floor":40,"key":"Tingsha"},{"floor":41,"key":"Centennial Puzzle"},{"floor":42,"key":"Anchor"},{"floor":43,"key":"Ancient Tea Set"},{"floor":44,"key":"Thread and Needle"},{"floor":45,"key":"Old Coin"},{"floor":46,"key":"Shuriken"},{"floor":47,"key":"Nunchaku"},{"floor":49,"key":"Mummified Hand"}],"event_choices":[{"damage_healed":0.0,"max_hp_gain":0.0,"max_hp_loss":0.0,"gold_gain":0.0,"event_name":"Living Wall","player_choice":"Grow","floor":3.0,"gold_loss":0.0,"damage_taken":0.0,"cards_upgraded":["Well Laid Plans"]},{"cards_removed":["Strike_G"],"damage_healed":0.0,"max_hp_gain":0.0,"max_hp_loss":0.0,"gold_gain":0.0,"event_name":"Golden Wing","player_choice":"Card Removal","floor":5.0,"gold_loss":0.0,"damage_taken":7.0},{"damage_healed":0.0,"max_hp_gain":0.0,"max_hp_loss":0.0,"gold_gain":0.0,"event_name":"Shining Light","player_choice":"Entered Light","floor":10.0,"gold_loss":0.0,"damage_taken":14.0,"cards_upgraded":["Defend_G","Defend_G"]},{"damage_healed":0,"gold_gain":0,"player_choice":"Obtained Book","damage_taken":16,"max_hp_gain":0,"max_hp_loss":0,"event_name":"Cursed Tome","floor":19,"gold_loss":0},{"cards_removed":["Strike_G"],"damage_healed":0,"gold_gain":0,"player_choice":"Offered Basic","damage_taken":0,"max_hp_gain":0,"max_hp_loss":0,"event_name":"Bonfire Elementals","floor":21,"gold_loss":0},{"damage_healed":0,"gold_gain":0,"player_choice":"Became a Ghost","damage_taken":0,"max_hp_gain":0,"max_hp_loss":42,"event_name":"Ghosts","floor":28,"gold_loss":0,"cards_obtained":["Ghostly","Ghostly","Ghostly","Ghostly","Ghostly"]},{"cards_removed":["Strike_G"],"damage_healed":0,"gold_gain":0,"player_choice":"Purged","damage_taken":0,"max_hp_gain":0,"max_hp_loss":0,"event_name":"Purifier","floor":48,"gold_loss":0}],"is_beta":true,"boss_relics":[{"not_picked":["Eternal Feather","Coffee Dripper"],"picked":"Fusion Hammer"},{"not_picked":["HoveringKite","Calling Bell"],"picked":"Ring of the Serpent"}],"items_purged_floors":[20,37],"is_endless":false,"potions_floor_spawned":[8,12,16,18,22,35,39,41,47],"ascension_level":2}