{"gold_per_floor":[115,115,127,144,1,1,1,36,87,132,158,170,211,239,251,368,380,410,58,70,70,70,70,95,95,167,167,179,209,222,254,254,355,355,374,392,150,167,17,17,50,50,99,128,128,128,128,90,90,90],"floor_reached":51,"playtime":8838,"items_purged":["Strike_G","Strike_G","Injury","Poisoned Stab"],"score":1052,"play_id":"98beade2-47ae-4978-82f5-b0c774cc87fd","local_time":"20190802224603","is_ascension_mode":true,"campfire_choices":[{"data":"Neutralize","floor":6.0,"key":"SMITH"},{"floor":12.0,"key":"REST"},{"data":"Noxious Fumes","floor":15.0,"key":"SMITH"},{"data":"Well Laid Plans","floor":23.0,"key":"SMITH"},{"data":"Apotheosis","floor":25.0,"key":"SMITH"},{"floor":27.0,"key":"REST"},{"floor":32.0,"key":"REST"},{"floor":40.0,"key":"REST"},{"floor":42.0,"key":"REST"},{"floor":46.0,"key":"RECALL"},{"floor":49.0,"key":"REST"}],"neow_cost":"NONE","seed_source_timestamp":0,"circlet_count":0,"master_deck":["Strike_G+1","Strike_G+1","Defend_G+1","Defend_G+1","Defend_G+1","Defend_G+1","Defend_G+1","Survivor+1","Neutralize+1","Deadly Poison","PiercingWail+1","Sucker Punch","Noxious Fumes+1","Dodge and Roll","Corpse Explosion","Night Terror","Acrobatics","Well Laid Plans+1","Apotheosis+1","Dash","Blur","Calculated Gamble","Dodge and Roll","Bouncing Flask","Footwork+1","Blur","Acrobatics+1","Tactician+1","Noxious Fumes+1"],"special_seed":0,"relics":["Ring of the Snake","Regal Pillow","Pantograph","Omamori","MawBank","Sundial","War Paint","Runic Dome","Juzu Bracelet","Bottled Lightning","Ornamental Fan","Meat on the Bone","Calling Bell","Vajra","Frozen Egg 2","WingedGreaves","Bottled Flame","Bronze Scales","Tough Bandages"],"potions_floor_usage":[50],"damage_taken":[{"damage":0.0,"enemies":"Cultist","floor":1.0,"turns":4.0},{"damage":0.0,"enemies":"2 Louse","floor":3.0,"turns":2.0},{"damage":3.0,"enemies":"Jaw Worm","floor":4.0,"turns":4.0},{"damage":27.0,"enemies":"Lagavulin","floor":8.0,"turns":6.0},{"damage":8.0,"enemies":"Gremlin Nob","floor":10.0,"turns":4.0},{"damage":6.0,"enemies":"Looter","floor":11.0,"turns":4.0},{"damage":17.0,"enemies":"3 Sentries","floor":13.0,"turns":4.0},{"damage":0.0,"enemies":"Large Slime","floor":14.0,"turns":4.0},{"damage":27.0,"enemies":"Hexaghost","floor":16.0,"turns":9.0},{"damage":19.0,"enemies":"Shell Parasite","floor":18.0,"turns":6.0},{"damage":15.0,"enemies":"Spheric Guardian","floor":20.0,"turns":5.0},{"damage":24.0,"enemies":"Gremlin Leader","floor":24.0,"turns":7.0},{"damage":2.0,"enemies":"Chosen and Byrds","floor":28.0,"turns":7.0},{"damage":21.0,"enemies":"Slavers","floor":29.0,"turns":4.0},{"damage":0.0,"enemies":"Shelled Parasite and Fungi","floor":30.0,"turns":5.0},{"damage":23.0,"enemies":"Gremlin Leader","floor":31.0,"turns":9.0},{"damage":26.0,"enemies":"Automaton","floor":33.0,"turns":9.0},{"damage":0.0,"enemies":"3 Shapes","floor":35.0,"turns":6.0},{"damage":0.0,"enemies":"Orb Walker","floor":36.0,"turns":5.0},{"damage":1.0,"enemies":"Sphere and 2 Shapes","floor":38.0,"turns":8.0},{"damage":33.0,"enemies":"Reptomancer","floor":41.0,"turns":9.0},{"damage":0.0,"enemies":"Nemesis","floor":44.0,"turns":9.0},{"damage":43,"enemies":"Awakened One","floor":50,"turns":15}],"seed_played":"6469000256669027360","potions_obtained":[{"floor":4.0,"key":"Dexterity Potion"},{"floor":8.0,"key":"Swift Potion"},{"floor":10.0,"key":"Dexterity Potion"},{"floor":11.0,"key":"Strength Potion"},{"floor":29.0,"key":"Energy Potion"}],"is_trial":false,"path_per_floor":["M","?","M","M","$","R","?","E","T","E","M","R","E","M","R","B",null,"M","$","M","?","?","R","E","R","T","R","M","E","M","E","R","B",null,"M","M","$","M","$","R","E","R","T","E","?","R","?","$","R","B",null],"character_chosen":"THE_SILENT","items_purchased":["Noxious Fumes","Well Laid Plans","Apotheosis","Footwork+1","Blur","Noxious Fumes+1"],"campfire_rested":6,"item_purchase_floors":[5,19,19,37,37,48],"current_hp_per_floor":[63,63,63,60,60,60,60,33,33,25,19,55,38,38,38,36,62,43,43,28,51,51,51,27,27,27,63,61,40,40,17,53,44,64,64,64,64,63,63,70,37,70,70,70,70,70,70,70,70,39],"gold":90,"neow_bonus":"THREE_CARDS","is_prod":false,"is_daily":false,"chose_seed":false,"campfire_upgraded":4,"win_rate":0,"timestamp":1564800363,"path_taken":["M","?","?","M","$","R","?","E","T","E","M","R","E","?","R","BOSS","M","$","?","?","?","R","E","R","T","R","M","E","M","E","R","BOSS","M","M","$","M","$","R","E","R","T","E","?","R","?","$","R","BOSS"],"build_version":"2019-07-18","purchased_purges":4,"victory":true,"max_hp_per_floor":[70,70,70,70,70,70,70,70,70,70,70,70,70,70,70,70,70,70,70,70,70,70,70,70,70,70,70,70,70,70,70,70,70,70,70,70,70,70,70,70,70,70,70,70,70,70,70,70,70,70],"card_choices":[{"not_picked":["Distraction","Sucker Punch"],"picked":"Deadly Poison","floor":0.0},{"not_picked":["Deflect","Bane"],"picked":"PiercingWail","floor":1.0},{"not_picked":["Accuracy","Flying Knee"],"picked":"Poisoned Stab","floor":3.0},{"not_picked":["Finisher","Slice"],"picked":"Sucker Punch","floor":4.0},{"not_picked":["Backflip","Setup"],"picked":"Dodge and Roll","floor":8.0},{"not_picked":["Backflip","PiercingWail"],"picked":"Corpse Explosion","floor":10.0},{"not_picked":["Quick Slash","Prepared","Outmaneuver"],"picked":"SKIP","floor":11.0},{"not_picked":["Reflex","Venomology","Bane"],"picked":"SKIP","floor":13.0},{"not_picked":["Slice","Prepared","PiercingWail"],"picked":"SKIP","floor":14.0},{"not_picked":["Bullet Time","Phantasmal Killer"],"picked":"Night Terror","floor":16.0},{"not_picked":["Poisoned Stab","Flying Knee"],"picked":"Acrobatics","floor":18.0},{"not_picked":["Prepared","Quick Slash","Finisher+1"],"picked":"SKIP","floor":20.0},{"not_picked":["Concentrate","Distraction"],"picked":"Dash","floor":24.0},{"not_picked":["Heel Hook","Dagger Spray"],"picked":"Blur","floor":28.0},{"not_picked":["Underhanded Strike","Bouncing Flask"],"picked":"Calculated Gamble","floor":29.0},{"not_picked":["Flying Knee","Cloak And Dagger"],"picked":"Dodge and Roll","floor":30.0},{"not_picked":["Acrobatics","Tools of the Trade","Cloak And Dagger"],"picked":"SKIP","floor":31.0},{"not_picked":["Calculated Gamble+1","Eviscerate","Riddle With Holes"],"picked":"SKIP","floor":35.0},{"not_picked":["Setup","Slice"],"picked":"Bouncing Flask","floor":36.0},{"not_picked":["Backstab+1","Blade Dance"],"picked":"Acrobatics+1","floor":38.0},{"not_picked":["Endless Agony+1","Infinite Blades+1","Blade Dance"],"picked":"SKIP","floor":41.0},{"not_picked":["Eviscerate+1","Unload"],"picked":"Tactician+1","floor":44.0}],"player_experience":304088,"relics_obtained":[{"floor":2.0,"key":"Regal Pillow"},{"floor":8.0,"key":"Omamori"},{"floor":9.0,"key":"MawBank"},{"floor":10.0,"key":"Sundial"},{"floor":13.0,"key":"War Paint"},{"floor":24.0,"key":"Juzu Bracelet"},{"floor":26.0,"key":"Bottled Lightning"},{"floor":29.0,"key":"Ornamental Fan"},{"floor":31.0,"key":"Meat on the Bone"},{"floor":34.0,"key":"Vajra"},{"floor":34.0,"key":"Frozen Egg 2"},{"floor":34.0,"key":"WingedGreaves"},{"floor":41.0,"key":"Bottled Flame"},{"floor":43.0,"key":"Bronze Scales"},{"floor":44.0,"key":"Tough Bandages"}],"event_choices":[{"damage_healed":0.0,"max_hp_gain":0.0,"max_hp_loss":0.0,"gold_gain":0.0,"event_name":"Wheel of Change","player_choice":"Relic","floor":2.0,"gold_loss":0.0,"damage_taken":0.0},{"damage_healed":0.0,"max_hp_gain":0.0,"max_hp_loss":0.0,"gold_gain":0.0,"event_name":"WeMeetAgain","player_choice":"Gave Potion","floor":7.0,"gold_loss":0.0,"damage_taken":0.0,"relics_obtained":["Pantograph"]},{"damage_healed":23.0,"max_hp_gain":0.0,"max_hp_loss":0.0,"gold_gain":0.0,"event_name":"The Library","player_choice":"Heal","floor":21.0,"gold_loss":0.0,"damage_taken":0.0},{"damage_healed":0.0,"max_hp_gain":0.0,"max_hp_loss":0.0,"gold_gain":0.0,"event_name":"Back to Basics","player_choice":"Simplicity","floor":22.0,"gold_loss":0.0,"damage_taken":0.0,"cards_upgraded":["Strike_G","Strike_G","Strike_G","Defend_G","Defend_G","Defend_G","Defend_G","Defend_G"]},{"cards_removed":["Strike_G"],"damage_healed":0.0,"max_hp_gain":0.0,"max_hp_loss":0.0,"gold_gain":0.0,"event_name":"Falling","player_choice":"Removed Attack","floor":45.0,"gold_loss":0.0,"damage_taken":0.0},{"damage_healed":0.0,"max_hp_gain":0.0,"max_hp_loss":0.0,"gold_gain":0.0,"event_name":"Mysterious Sphere","player_choice":"Ignored","floor":47.0,"gold_loss":0.0,"damage_taken":0.0}],"is_beta":true,"boss_relics":[{"not_picked":["Orrery","Coffee Dripper"],"picked":"Runic Dome"},{"not_picked":["Lizard Tail","Snecko Eye"],"picked":"Calling Bell"}],"items_purged_floors":[5,19,37,39],"is_endless":false,"potions_floor_spawned":[4,8,10,11,14,24,29,31,33,44],"ascension_level":7}