{"gold_per_floor":[111,125,125,125,53,81,81,97,121,46,65,65,140,171,171,171],"floor_reached":16,"playtime":535,"items_purged":["Defend_B"],"score":178,"play_id":"c0057209-0cb3-46e7-a546-18e2adc10a85","local_time":"20190804142116","is_ascension_mode":true,"campfire_choices":[{"data":"Hyperbeam","floor":7,"key":"SMITH"},{"floor":12,"key":"REST"},{"data":"Defragment","floor":15,"key":"SMITH"}],"neow_cost":"NONE","seed_source_timestamp":83232669735750,"circlet_count":0,"master_deck":["AscendersBane","Strike_B+1","Strike_B","Strike_B","Strike_B","Defend_B","Defend_B","Defend_B","Zap","Dualcast+1","White Noise","Streamline","Glacier","Hyperbeam+1","White Noise","Creative AI","Defragment+1"],"special_seed":0,"relics":["Eternal Feather","Art of War","DataDisk","Regal Pillow","Dead Branch"],"potions_floor_usage":[6,11],"damage_taken":[{"damage":6.0,"enemies":"Cultist","floor":1.0,"turns":4.0},{"damage":0.0,"enemies":"Small Slimes","floor":2.0,"turns":4.0},{"damage":25,"enemies":"3 Sentries","floor":6,"turns":17},{"damage":0,"enemies":"2 Louse","floor":8,"turns":1},{"damage":12,"enemies":"Exordium Wildlife","floor":11,"turns":2},{"damage":28,"enemies":"Gremlin Nob","floor":14,"turns":4},{"damage":0,"enemies":"The Guardian","floor":16,"turns":2}],"seed_played":"4841580682816826120","potions_obtained":[{"floor":1.0,"key":"Strength Potion"},{"floor":6,"key":"SteroidPotion"},{"floor":8,"key":"GamblersBrew"}],"is_trial":false,"path_per_floor":["M","M","?","?","$","E","R","M","T","$","M","R","?","E","R","B"],"character_chosen":"DEFECT","items_purchased":["Glacier"],"campfire_rested":1,"item_purchase_floors":[5],"current_hp_per_floor":[62,62,50,35,35,10,19,19,19,19,7,53,42,14,23,23],"gold":171,"neow_bonus":"BOSS_RELIC","is_prod":false,"is_daily":false,"chose_seed":false,"campfire_upgraded":2,"win_rate":0,"timestamp":1564896076,"path_taken":["M","?","?","?","?","E","R","?","T","$","M","R","?","E","R","BOSS"],"build_version":"2019-07-17","purchased_purges":1,"victory":false,"max_hp_per_floor":[75,75,75,75,75,75,75,75,75,75,75,75,75,75,75,75],"card_choices":[{"not_picked":["Coolheaded","Rebound"],"picked":"White Noise","floor":1.0},{"not_picked":["Leap","Steam"],"picked":"Streamline","floor":2.0},{"not_picked":["Aggregate","Rebound"],"picked":"Hyperbeam","floor":6},{"not_picked":["Redo","Stack"],"picked":"White Noise","floor":8},{"not_picked":["Redo","Gash"],"picked":"Creative AI","floor":11},{"not_picked":["Hologram","Self Repair"],"picked":"Defragment","floor":14}],"player_experience":216248,"relics_obtained":[{"floor":6,"key":"DataDisk"},{"floor":9,"key":"Regal Pillow"},{"floor":14,"key":"Dead Branch"}],"event_choices":[{"damage_healed":0.0,"max_hp_gain":0.0,"max_hp_loss":0.0,"gold_gain":0.0,"event_name":"Scrap Ooze","player_choice":"Success","floor":3.0,"gold_loss":0.0,"damage_taken":12.0,"relics_obtained":["Art of War"]},{"damage_healed":0.0,"max_hp_gain":0.0,"max_hp_loss":0.0,"gold_gain":0.0,"event_name":"Shining Light","player_choice":"Entered Light","floor":4.0,"gold_loss":0.0,"damage_taken":15.0,"cards_upgraded":["Dualcast","Strike_B"]},{"damage_healed":0,"gold_gain":75,"player_choice":"Gather Gold","damage_taken":11,"max_hp_gain":0,"max_hp_loss":0,"event_name":"World of Goop","floor":13,"gold_loss":0}],"is_beta":false,"boss_relics":[],"items_purged_floors":[10],"is_endless":false,"potions_floor_spawned":[1,6,8],"killed_by":"The Guardian","ascension_level":13}