{"gold_per_floor":[116,126,126,126,126,126,141,168,168,200,200,200,47,47,47,173,173,188,188,203,8,26,26],"floor_reached":23,"playtime":990,"items_purged":["Strike_B","Redo"],"score":236,"play_id":"40b3dd5b-98b9-4ab1-b50d-f1af5a03660f","local_time":"20190701100432","is_ascension_mode":true,"campfire_choices":[{"data":"Coolheaded","floor":6,"key":"SMITH"},{"floor":11,"key":"REST"},{"data":"Defragment","floor":15,"key":"SMITH"}],"neow_cost":"NONE","seed_source_timestamp":6631430563527,"circlet_count":0,"master_deck":["Zap","Dualcast","Coolheaded+1","Cold Snap","Beam Cell","Recycle","BootSequence","Sunder","Defragment+1","Seek","Genetic Algorithm","Lockon","BootSequence","Glacier","Reprogram","Defragment","Ball Lightning","Leap+1"],"relics":["Cracked Core","NeowsBlessing","Letter Opener","Pantograph","Golden Idol","Pandora\u0027s Box"],"potions_floor_usage":[],"damage_taken":[{"damage":0,"enemies":"Jaw Worm","floor":1,"turns":1},{"damage":0,"enemies":"Small Slimes","floor":2,"turns":1},{"damage":0,"enemies":"Cultist","floor":7,"turns":1},{"damage":22,"enemies":"Lagavulin","floor":8,"turns":8},{"damage":40,"enemies":"Gremlin Nob","floor":10,"turns":6},{"damage":44,"enemies":"Slime Boss","floor":16,"turns":16},{"damage":16,"enemies":"2 Thieves","floor":18,"turns":3},{"damage":35,"enemies":"Chosen","floor":20,"turns":5},{"damage":2,"enemies":"Sentry and Sphere","floor":22,"turns":9},{"damage":27,"enemies":"Slavers","floor":23,"turns":3}],"seed_played":"-1075293152805737191","potions_obtained":[{"floor":1,"key":"FairyPotion"},{"floor":7,"key":"SteroidPotion"},{"floor":20,"key":"Block Potion"},{"floor":22,"key":"AttackPotion"}],"is_trial":false,"path_per_floor":["M","M","?","?","?","R","M","E","T","E","R","?","$","?","R","B",null,"M","?","M","$","M","E"],"character_chosen":"DEFECT","items_purchased":["Defragment","Defragment","Ball Lightning"],"campfire_rested":1,"item_purchase_floors":[13,21,21],"current_hp_per_floor":[75,75,68,68,68,68,68,46,46,6,28,28,28,28,28,9,69,53,53,18,18,16,0],"gold":26,"neow_bonus":"THREE_ENEMY_KILL","is_prod":false,"is_daily":false,"chose_seed":false,"campfire_upgraded":2,"win_rate":0,"timestamp":1561943072,"path_taken":["M","M","?","?","?","R","?","E","T","E","R","?","?","?","R","BOSS","M","?","M","$","M","E"],"build_version":"2019-01-23","purchased_purges":2,"victory":false,"max_hp_per_floor":[75,75,75,75,75,75,75,75,75,75,75,75,75,69,69,69,69,69,69,69,69,69,69],"card_choices":[{"not_picked":["Undo","Reinforced Body"],"picked":"Coolheaded","floor":1},{"not_picked":["Aggregate","Gash"],"picked":"Cold Snap","floor":2},{"not_picked":["Stack","Ball Lightning"],"picked":"Coolheaded","floor":7},{"not_picked":["Sunder","Conserve Battery"],"picked":"BootSequence","floor":8},{"not_picked":["Reboot","Multi-Cast"],"picked":"Sunder","floor":10},{"not_picked":["Core Surge","Multi-Cast"],"picked":"Seek","floor":16},{"not_picked":["Stack","Beam Cell","Sweeping Beam+1"],"picked":"SKIP","floor":18},{"not_picked":["Undo+1","Force Field"],"picked":"Reprogram","floor":20},{"not_picked":["Genetic Algorithm","Steam Power"],"picked":"Leap+1","floor":22}],"player_experience":103012,"relics_obtained":[{"floor":8,"key":"Letter Opener"},{"floor":10,"key":"Pantograph"}],"event_choices":[{"cards_removed":["Strike_B"],"damage_healed":0,"gold_gain":0,"player_choice":"Card Removal","damage_taken":7,"max_hp_gain":0,"max_hp_loss":0,"event_name":"Golden Wing","floor":3,"gold_loss":0},{"damage_healed":0,"gold_gain":0,"cards_transformed":["Defend_B"],"player_choice":"Change","damage_taken":0,"max_hp_gain":0,"max_hp_loss":0,"event_name":"Living Wall","floor":4,"gold_loss":0,"cards_obtained":["Beam Cell"]},{"damage_healed":0,"gold_gain":0,"cards_transformed":["Strike_B"],"player_choice":"Transformed","damage_taken":0,"max_hp_gain":0,"max_hp_loss":0,"event_name":"Transmorgrifier","floor":5,"gold_loss":0,"cards_obtained":["Recycle"]},{"damage_healed":0,"gold_gain":0,"player_choice":"Searched \u00270\u0027 times","damage_taken":0,"max_hp_gain":0,"max_hp_loss":0,"event_name":"Dead Adventurer","floor":12,"gold_loss":0},{"damage_healed":0,"gold_gain":0,"player_choice":"Lose Max HP","damage_taken":0,"relics_obtained":["Golden Idol"],"max_hp_gain":0,"max_hp_loss":6,"event_name":"Golden Idol","floor":14,"gold_loss":0},{"damage_healed":0,"gold_gain":0,"cards_transformed":["Barrage","Coolheaded"],"player_choice":"Became Test Subject","damage_taken":0,"max_hp_gain":0,"max_hp_loss":0,"event_name":"Drug Dealer","floor":19,"gold_loss":0,"cards_obtained":["BootSequence","Glacier"]}],"is_beta":false,"boss_relics":[{"not_picked":["Lizard Tail","Eternal Feather"],"picked":"Pandora\u0027s Box"}],"items_purged_floors":[13,21],"is_endless":false,"potions_floor_spawned":[1,7,20,22],"killed_by":"Slavers","ascension_level":4}