{"gold_per_floor":[111,130,130,58,76,76,105,105,128,128,158,179,179,196,196,196],"floor_reached":16,"playtime":625,"items_purged":[],"score":178,"play_id":"b70deebc-6efc-4aee-ab01-e4343485c1fc","local_time":"20190804154036","is_ascension_mode":true,"campfire_choices":[{"data":"Dualcast","floor":6,"key":"SMITH"},{"data":"Capacitor","floor":8,"key":"SMITH"},{"data":"Capacitor","floor":10,"key":"SMITH"},{"floor":15,"key":"REST"}],"neow_cost":"TEN_PERCENT_HP_LOSS","seed_source_timestamp":87921072643868,"circlet_count":0,"master_deck":["AscendersBane","Strike_B","Strike_B","Strike_B","Strike_B","Defend_B","Defend_B","Zap+1","Dualcast+1","Self Repair","Glacier","Cold Snap","Capacitor+1","Capacitor+1","Barrage"],"relics":["Cracked Core","Lantern","DataDisk","Emotion Chip","Odd Mushroom","Letter Opener"],"potions_floor_usage":[12],"damage_taken":[{"damage":0,"enemies":"2 Louse","floor":1,"turns":3},{"damage":1,"enemies":"Cultist","floor":2,"turns":4},{"damage":5,"enemies":"Small Slimes","floor":5,"turns":3},{"damage":32,"enemies":"Gremlin Nob","floor":7,"turns":7},{"damage":22,"enemies":"3 Sentries","floor":11,"turns":8},{"damage":15,"enemies":"The Mushroom Lair","floor":12,"turns":7},{"damage":10,"enemies":"Exordium Wildlife","floor":14,"turns":2},{"damage":30,"enemies":"Slime Boss","floor":16,"turns":3}],"seed_played":"1518618075147813491","potions_obtained":[{"floor":2,"key":"Ancient Potion"},{"floor":5,"key":"Weak Potion"},{"floor":12,"key":"Strength Potion"},{"floor":14,"key":"Ancient Potion"}],"is_trial":false,"path_per_floor":["M","M","?","$","M","R","E","R","T","R","E","?","T","M","R","B"],"character_chosen":"DEFECT","items_purchased":["Capacitor"],"campfire_rested":1,"item_purchase_floors":[4],"current_hp_per_floor":[68,68,68,68,63,63,38,38,38,38,23,15,15,5,25,0],"gold":196,"neow_bonus":"TRANSFORM_TWO_CARDS","is_prod":false,"is_daily":false,"chose_seed":false,"campfire_upgraded":3,"win_rate":0,"timestamp":1564900836,"path_taken":["M","M","?","$","?","R","E","R","T","R","E","?","?","M","R","BOSS"],"build_version":"2019-07-17","purchased_purges":0,"victory":false,"max_hp_per_floor":[68,68,68,68,68,68,68,68,68,68,68,68,68,68,68,68],"card_choices":[{"not_picked":["Stack","Barrage","Tempest"],"picked":"SKIP","floor":1},{"not_picked":["Coolheaded","Barrage"],"picked":"Cold Snap","floor":2},{"not_picked":["Hologram","Coolheaded"],"picked":"Capacitor","floor":5},{"not_picked":["Ball Lightning","Sweeping Beam","Conserve Battery"],"picked":"SKIP","floor":7},{"not_picked":["Conserve Battery","Turbo"],"picked":"Barrage","floor":11},{"not_picked":["All For One","Genetic Algorithm","Steam"],"picked":"SKIP","floor":14}],"player_experience":220875,"relics_obtained":[{"floor":7,"key":"Lantern"},{"floor":9,"key":"DataDisk"},{"floor":11,"key":"Emotion Chip"},{"floor":12,"key":"Odd Mushroom"},{"floor":13,"key":"Letter Opener"}],"event_choices":[{"damage_healed":0,"gold_gain":0,"player_choice":"Upgraded","damage_taken":0,"max_hp_gain":0,"max_hp_loss":0,"event_name":"Upgrade Shrine","floor":3,"gold_loss":0,"cards_upgraded":["Zap"]},{"damage_healed":0,"gold_gain":0,"player_choice":"Fought Mushrooms","damage_taken":0,"max_hp_gain":0,"max_hp_loss":0,"event_name":"Mushrooms","floor":12,"gold_loss":0}],"is_beta":false,"boss_relics":[],"items_purged_floors":[],"is_endless":false,"potions_floor_spawned":[2,5,12,14],"killed_by":"Slime Boss","ascension_level":13}