{"gold_per_floor":[115,125,125,50,50,50,84,99,126,137,168,180,16,32,32,106,106,126,41,41,54,54],"floor_reached":22,"playtime":666,"items_purged":["Strike_B"],"score":392,"play_id":"9e0e2490-60b5-4741-81ef-7e2e44b444e4","local_time":"20190720225705","is_ascension_mode":true,"campfire_choices":[{"data":"Zap","floor":6,"key":"SMITH"},{"data":"Defragment","floor":15,"key":"SMITH"}],"neow_cost":"TEN_PERCENT_HP_LOSS","seed_source_timestamp":30775552326879,"circlet_count":0,"master_deck":["AscendersBane","Strike_B","Strike_B","Defend_B","Defend_B","Defend_B","Defend_B","Zap+1","Dualcast","Thunder Strike","Auto Shields","Compile Driver","Redo","Undo","Coolheaded","Core Surge","Genetic Algorithm","Defragment+1","BootSequence","Ball Lightning","Fission","Beam Cell"],"relics":["Cracked Core","Bag of Marbles","Blood Vial","Pen Nib","Torii","Busted Crown","Toxic Egg 2"],"potions_floor_usage":[11,16,21,22],"damage_taken":[{"damage":0,"enemies":"Jaw Worm","floor":1,"turns":3},{"damage":11,"enemies":"Small Slimes","floor":2,"turns":4},{"damage":9,"enemies":"Lagavulin","floor":7,"turns":7},{"damage":0,"enemies":"Cultist","floor":8,"turns":3},{"damage":10,"enemies":"Exordium Thugs","floor":10,"turns":5},{"damage":17,"enemies":"3 Sentries","floor":11,"turns":10},{"damage":1,"enemies":"3 Louse","floor":12,"turns":3},{"damage":1,"enemies":"Gremlin Gang","floor":14,"turns":5},{"damage":2,"enemies":"Hexaghost","floor":16,"turns":7},{"damage":17,"enemies":"Chosen","floor":18,"turns":7},{"damage":8,"enemies":"3 Byrds","floor":21,"turns":6},{"damage":31,"enemies":"Centurion and Healer","floor":22,"turns":4}],"seed_played":"-1467667251708957144","potions_obtained":[{"floor":1,"key":"Dexterity Potion"},{"floor":8,"key":"Weak Potion"},{"floor":11,"key":"LiquidBronze"},{"floor":16,"key":"SkillPotion"}],"is_trial":false,"path_per_floor":["M","M","?","$","?","R","E","M","T","M","E","M","$","M","R","B",null,"M","?","?","M","M"],"character_chosen":"DEFECT","items_purchased":["Defragment","BootSequence"],"campfire_rested":0,"item_purchase_floors":[13,13],"current_hp_per_floor":[64,53,53,53,48,48,39,41,41,33,18,19,19,20,20,20,53,38,38,32,26,0],"gold":54,"neow_bonus":"THREE_RARE_CARDS","is_prod":false,"is_daily":false,"chose_seed":false,"campfire_upgraded":2,"win_rate":0,"timestamp":1563656225,"path_taken":["M","M","?","$","?","R","E","M","T","M","E","M","$","M","R","BOSS","M","?","?","?","M"],"build_version":"2019-07-18","purchased_purges":1,"victory":false,"max_hp_per_floor":[64,64,64,64,64,64,64,64,64,64,64,64,64,64,64,64,64,64,64,64,64,64],"card_choices":[{"not_picked":["Buffer","Creative AI"],"picked":"Thunder Strike","floor":0},{"not_picked":["Force Field","Compile Driver"],"picked":"Auto Shields","floor":1},{"not_picked":["Loop","Lockon"],"picked":"Compile Driver","floor":2},{"not_picked":["Go for the Eyes","Gash"],"picked":"Redo","floor":7},{"not_picked":["Force Field","Rip and Tear"],"picked":"Undo","floor":8},{"not_picked":["Rebound","Barrage"],"picked":"Coolheaded","floor":10},{"not_picked":["Double Energy","Rip and Tear"],"picked":"Core Surge","floor":11},{"not_picked":["Consume","Leap"],"picked":"Genetic Algorithm","floor":12},{"not_picked":["Streamline","Rebound"],"picked":"Ball Lightning","floor":14},{"not_picked":["Reboot","Seek"],"picked":"Fission","floor":16},{"not_picked":["Force Field"],"picked":"SKIP","floor":18},{"not_picked":[],"picked":"Beam Cell","floor":21}],"player_experience":1907076,"relics_obtained":[{"floor":7,"key":"Blood Vial"},{"floor":9,"key":"Pen Nib"},{"floor":11,"key":"Torii"}],"event_choices":[{"cards_removed":["Strike_B"],"damage_healed":0,"gold_gain":0,"player_choice":"Forget","damage_taken":0,"max_hp_gain":0,"max_hp_loss":0,"event_name":"Living Wall","floor":3,"gold_loss":0},{"damage_healed":0,"gold_gain":0,"player_choice":"Success","damage_taken":5,"relics_obtained":["Bag of Marbles"],"max_hp_gain":0,"max_hp_loss":0,"event_name":"Scrap Ooze","floor":5,"gold_loss":0},{"damage_healed":0,"gold_gain":0,"player_choice":"Obtained Relic","damage_taken":0,"relics_obtained":["Toxic Egg 2"],"max_hp_gain":0,"max_hp_loss":0,"event_name":"Addict","floor":19,"gold_loss":85},{"damage_healed":0,"gold_gain":0,"player_choice":"","damage_taken":6,"max_hp_gain":0,"max_hp_loss":0,"event_name":"Knowing Skull","floor":20,"potions_obtained":[],"gold_loss":0,"cards_obtained":[]}],"is_beta":true,"boss_relics":[{"not_picked":["White Beast Statue","Tiny House"],"picked":"Busted Crown"}],"items_purged_floors":[4],"is_endless":false,"potions_floor_spawned":[1,8,11,14,16],"killed_by":"Centurion and Healer","ascension_level":20}