{"gold_per_floor":[114,114,39,56,74,74,84,116,193,193,193,223,223,237,237,341,341,353,172,47,47,64,64,64],"floor_reached":24,"playtime":1262,"items_purged":["Strike_R","Decay","Strike_R"],"score":380,"play_id":"133a9b1d-69ae-4399-989e-d35eb55a0211","local_time":"20190712225359","is_ascension_mode":true,"campfire_choices":[{"floor":6,"key":"REST"},{"data":"Armaments","floor":15,"key":"SMITH"},{"data":"Spot Weakness","floor":23,"key":"SMITH"}],"neow_cost":"","seed_source_timestamp":115902832365600,"circlet_count":0,"master_deck":["Strike_R","Strike_R","Defend_R","Defend_R","Defend_R+1","Defend_R","Bash","Inflame+1","Thunderclap","Shrug It Off","Pommel Strike","Armaments+1","Feed","Rampage+1","Limit Break","Exhume","Spot Weakness+1"],"relics":["Burning Blood","Sling","Champion Belt","Juzu Bracelet","Ice Cream","Singing Bowl","Art of War","Velvet Choker"],"potions_floor_usage":[12,16],"damage_taken":[{"damage":11,"enemies":"2 Louse","floor":1,"turns":2},{"damage":6,"enemies":"Small Slimes","floor":4,"turns":4},{"damage":2,"enemies":"Cultist","floor":5,"turns":4},{"damage":10,"enemies":"Large Slime","floor":7,"turns":7},{"damage":22,"enemies":"Lagavulin","floor":8,"turns":7},{"damage":12,"enemies":"3 Sentries","floor":12,"turns":4},{"damage":3,"enemies":"Red Slaver","floor":14,"turns":5},{"damage":26,"enemies":"Slime Boss","floor":16,"turns":13},{"damage":18,"enemies":"Shell Parasite","floor":18,"turns":6},{"damage":0,"enemies":"Chosen","floor":22,"turns":5},{"damage":64,"enemies":"Gremlin Leader","floor":24,"turns":6}],"seed_played":"5183467397605745023","potions_obtained":[{"floor":1,"key":"SkillPotion"},{"floor":8,"key":"Ancient Potion"},{"floor":14,"key":"Block Potion"},{"floor":16,"key":"Ancient Potion"},{"floor":22,"key":"Strength Potion"}],"is_trial":false,"path_per_floor":["M","?","$","M","M","R","M","E","T","?","?","E","?","M","R","B",null,"M","$","$","?","M","R","E"],"character_chosen":"IRONCLAD","items_purchased":["Sling","Inflame","Juzu Bracelet","Limit Break"],"campfire_rested":1,"item_purchase_floors":[0,0,0,19],"current_hp_per_floor":[48,32,32,32,36,60,56,40,40,40,40,36,36,39,39,19,66,54,54,54,54,60,60,0],"gold":64,"neow_bonus":"","is_prod":false,"is_daily":false,"chose_seed":false,"campfire_upgraded":2,"win_rate":0,"timestamp":1562990039,"path_taken":["M","?","$","M","M","R","M","E","T","?","?","E","?","M","R","BOSS","M","?","$","?","M","R","E"],"build_version":"2019-07-05","purchased_purges":3,"victory":false,"max_hp_per_floor":[80,80,80,80,80,80,80,80,80,80,80,82,82,82,82,82,82,82,82,82,82,82,82,82],"card_choices":[{"not_picked":["Body Slam","Sever Soul"],"picked":"Thunderclap","floor":1},{"not_picked":["Rupture","Burning Pact","Twin Strike"],"picked":"SKIP","floor":4},{"not_picked":["Body Slam","Entrench"],"picked":"Shrug It Off","floor":5},{"not_picked":["Blood for Blood","Body Slam"],"picked":"Pommel Strike","floor":7},{"not_picked":["True Grit","Thunderclap","Iron Wave"],"picked":"SKIP","floor":8},{"not_picked":["Clothesline","Reckless Charge","Combust"],"picked":"Singing Bowl","floor":12},{"not_picked":["Rage","Headbutt"],"picked":"Armaments","floor":14},{"not_picked":["Bludgeon","Double Tap"],"picked":"Feed","floor":16},{"not_picked":["Headbutt","Clash"],"picked":"Rampage+1","floor":18},{"not_picked":["Thunderclap","True Grit"],"picked":"Spot Weakness","floor":22}],"player_experience":402906,"relics_obtained":[{"floor":8,"key":"Ice Cream"},{"floor":9,"key":"Singing Bowl"},{"floor":12,"key":"Art of War"}],"event_choices":[{"damage_healed":0,"gold_gain":0,"player_choice":"Entered Light","damage_taken":16,"max_hp_gain":0,"max_hp_loss":0,"event_name":"Shining Light","floor":2,"gold_loss":0,"cards_upgraded":["Defend_R","Inflame"]},{"damage_healed":0,"gold_gain":0,"player_choice":"Searched \u00270\u0027 times","damage_taken":0,"max_hp_gain":0,"max_hp_loss":0,"event_name":"Dead Adventurer","floor":10,"gold_loss":0},{"damage_healed":0,"gold_gain":0,"player_choice":"Ignored","damage_taken":0,"max_hp_gain":0,"max_hp_loss":0,"event_name":"Liars Game","floor":11,"gold_loss":0},{"damage_healed":0,"gold_gain":0,"player_choice":"Cursed","damage_taken":0,"max_hp_gain":0,"max_hp_loss":0,"event_name":"Wheel of Change","floor":13,"gold_loss":0,"cards_obtained":["Decay"]},{"damage_healed":0,"gold_gain":0,"cards_transformed":["Strike_R"],"player_choice":"Transformed","damage_taken":0,"max_hp_gain":0,"max_hp_loss":0,"event_name":"Transmorgrifier","floor":21,"gold_loss":0,"cards_obtained":["Exhume"]}],"is_beta":false,"boss_relics":[{"not_picked":["Busted Crown","Empty Cage"],"picked":"Velvet Choker"}],"items_purged_floors":[3,19,20],"is_endless":false,"potions_floor_spawned":[1,8,14,16,22],"killed_by":"Gremlin Leader","ascension_level":5}