{"gold_per_floor":[118,4,4,179,129,129,145,145,145,145,145,155,190,209,209,209],"floor_reached":16,"playtime":1024,"items_purged":["Strike_R"],"score":117,"play_id":"037fb02d-da6d-40cb-b715-46a9e2fa27d8","local_time":"20190306222044","is_ascension_mode":true,"campfire_choices":[{"data":"Dual Wield","floor":6,"key":"SMITH"},{"data":"Bash","floor":8,"key":"SMITH"},{"data":"Metallicize","floor":11,"key":"SMITH"},{"data":"Limit Break","floor":15,"key":"SMITH"}],"neow_cost":"NONE","seed_source_timestamp":500401442829388,"circlet_count":0,"master_deck":["Strike_R","Strike_R","Strike_R","Defend_R","Defend_R","Defend_R","Bash+1","Purity","Dual Wield+1","Metallicize+1","Thunderclap","Limit Break+1","Burning Pact","Flex"],"relics":["Burning Blood","Dodecahedron","Spirit Poop","Boot"],"potions_floor_usage":[16],"damage_taken":[{"damage":6,"enemies":"Cultist","floor":1,"turns":3},{"damage":11,"enemies":"2 Louse","floor":7,"turns":4},{"damage":2,"enemies":"Small Slimes","floor":12,"turns":6},{"damage":29,"enemies":"3 Sentries","floor":13,"turns":10},{"damage":6,"enemies":"3 Louse","floor":14,"turns":4},{"damage":66,"enemies":"Hexaghost","floor":16,"turns":9}],"seed_played":"-2093770039494505318","potions_obtained":[{"floor":1,"key":"BloodPotion"}],"is_trial":false,"path_per_floor":["M","$","?","?","?","R","M","R","T","?","R","M","E","M","R","B"],"character_chosen":"IRONCLAD","items_purchased":["Metallicize"],"campfire_rested":0,"item_purchase_floors":[2],"current_hp_per_floor":[80,80,80,80,80,80,75,75,75,75,75,79,56,56,56,0],"gold":209,"neow_bonus":"RANDOM_COLORLESS","is_prod":false,"is_daily":false,"chose_seed":false,"campfire_upgraded":4,"win_rate":0,"timestamp":1551939644,"path_taken":["M","?","?","?","?","R","M","R","T","?","R","M","E","M","R","BOSS"],"build_version":"2019-01-23","purchased_purges":1,"victory":false,"max_hp_per_floor":[80,80,80,80,80,80,80,80,80,80,80,80,80,80,80,80],"card_choices":[{"not_picked":["Iron Wave","Armaments"],"picked":"Dual Wield","floor":1},{"not_picked":["Flame Barrier","True Grit"],"picked":"Thunderclap","floor":7},{"not_picked":["Shrug It Off","Dual Wield"],"picked":"Limit Break","floor":12},{"not_picked":["Uppercut","Warcry"],"picked":"Burning Pact","floor":13},{"not_picked":["Sword Boomerang","Pommel Strike"],"picked":"Flex","floor":14}],"player_experience":97660,"relics_obtained":[{"floor":9,"key":"Dodecahedron"},{"floor":13,"key":"Boot"}],"event_choices":[{"cards_removed":["Defend_R"],"damage_healed":0,"gold_gain":0,"player_choice":"Forget","damage_taken":0,"max_hp_gain":0,"max_hp_loss":0,"event_name":"Living Wall","floor":3,"gold_loss":0},{"damage_healed":0,"gold_gain":175,"player_choice":"AGREE","damage_taken":0,"max_hp_gain":0,"max_hp_loss":0,"event_name":"Liars Game","floor":4,"gold_loss":0,"cards_obtained":["Doubt"]},{"cards_removed":["Strike_R"],"damage_healed":0,"gold_gain":0,"player_choice":"Card Removal","damage_taken":0,"max_hp_gain":0,"max_hp_loss":0,"event_name":"The Cleric","floor":5,"gold_loss":50},{"cards_removed":["Doubt"],"damage_healed":0,"gold_gain":0,"player_choice":"Offered Curse","damage_taken":0,"relics_obtained":["Spirit Poop"],"max_hp_gain":0,"max_hp_loss":0,"event_name":"Bonfire Elementals","floor":10,"gold_loss":0}],"is_beta":false,"boss_relics":[],"items_purged_floors":[2],"is_endless":false,"potions_floor_spawned":[1],"killed_by":"Hexaghost","ascension_level":4}