{"gold_per_floor":[119,130,130,4,4,4,22,34,60,60,80,93,105,30,30,108,108,126,126,176,176,176,176,193,193,219,236,236,161,83,93,93,168,218,233,233,279,98,98,98,115,115,115,115,146,146,163,191,191,191,191,191,191,41,66,66],"floor_reached":58,"playtime":2047,"items_purged":["Strike_G","Defend_G","Defend_G"],"score":3231,"play_id":"c6e19211-044f-4882-83b2-a1280fd7a2f9","local_time":"20190807185742","is_ascension_mode":true,"campfire_choices":[{"data":"Noxious Fumes","floor":6.0,"key":"SMITH"},{"data":"Catalyst","floor":10.0,"key":"SMITH"},{"data":"Neutralize","floor":15.0,"key":"SMITH"},{"floor":23.0,"key":"REST"},{"data":"Calculated Gamble","floor":32.0,"key":"SMITH"},{"data":"Reflex","floor":41.0,"key":"SMITH"},{"data":"Tactician","floor":43.0,"key":"SMITH"},{"data":"Burst","floor":45.0,"key":"SMITH"},{"floor":50.0,"key":"RECALL"},{"data":"Catalyst","floor":54.0,"key":"SMITH"}],"neow_cost":"PERCENT_DAMAGE","seed_source_timestamp":108444520074054,"circlet_count":0,"master_deck":["AscendersBane","Survivor","Neutralize+1","Catalyst+1","Noxious Fumes+1","Catalyst+1","Reflex+1","Burst+1","Calculated Gamble+1","PiercingWail","Ghostly","Ghostly","Ghostly","Tactician+1","Prepared+1","Catalyst+1","Backflip+1","Acrobatics"],"special_seed":0,"relics":["Ring of the Snake","Bag of Preparation","Empty Cage","MutagenicStrength","Centennial Puzzle","Tiny House","Calipers","Bag of Marbles","Sundial","Art of War"],"potions_floor_usage":[57,57],"damage_taken":[{"damage":0.0,"enemies":"2 Louse","floor":1.0,"turns":4.0},{"damage":4.0,"enemies":"Cultist","floor":2.0,"turns":5.0},{"damage":4.0,"enemies":"Jaw Worm","floor":7.0,"turns":5.0},{"damage":5.0,"enemies":"Exordium Wildlife","floor":8.0,"turns":5.0},{"damage":9.0,"enemies":"3 Louse","floor":11.0,"turns":4.0},{"damage":8.0,"enemies":"Blue Slaver","floor":12.0,"turns":4.0},{"damage":9.0,"enemies":"Looter","floor":13.0,"turns":5.0},{"damage":0.0,"enemies":"The Guardian","floor":16.0,"turns":9.0},{"damage":33.0,"enemies":"3 Byrds","floor":18.0,"turns":5.0},{"damage":9.0,"enemies":"Shell Parasite","floor":24.0,"turns":5.0},{"damage":10.0,"enemies":"Snecko","floor":27.0,"turns":4.0},{"damage":0.0,"enemies":"Snake Plant","floor":31.0,"turns":4.0},{"damage":10.0,"enemies":"Champ","floor":33.0,"turns":7.0},{"damage":4.0,"enemies":"3 Darklings","floor":36.0,"turns":6.0},{"damage":4.0,"enemies":"2 Orb Walkers","floor":38.0,"turns":5.0},{"damage":1.0,"enemies":"Orb Walker","floor":42.0,"turns":3.0},{"damage":0.0,"enemies":"Giant Head","floor":46.0,"turns":3.0},{"damage":0.0,"enemies":"Maw","floor":48.0,"turns":3.0},{"damage":0.0,"enemies":"Nemesis","floor":49.0,"turns":3.0},{"damage":0.0,"enemies":"Time Eater","floor":51.0,"turns":3.0},{"damage":0.0,"enemies":"Awakened One","floor":52.0,"turns":16.0},{"damage":0.0,"enemies":"Shield and Spear","floor":56.0,"turns":5.0},{"damage":19,"enemies":"The Heart","floor":57,"turns":7}],"seed_played":"6453413862746917448","potions_obtained":[{"floor":7.0,"key":"Fire Potion"},{"floor":8.0,"key":"LiquidBronze"},{"floor":16.0,"key":"Ancient Potion"},{"floor":18.0,"key":"Fruit Juice"},{"floor":24.0,"key":"Fruit Juice"},{"floor":34.0,"key":"Ancient Potion"},{"floor":38.0,"key":"Energy Potion"},{"floor":56.0,"key":"EssenceOfSteel"}],"is_trial":false,"path_per_floor":["M","M","?","$","$","R","M","M","T","R","M","M","M","$","R","B",null,"M","?","?","?","?","R","M","$","T","M","?","?","$","M","R","B",null,"M","?","?","$","?","R","M","R","T","R","E","?","M","E","R","B","B",null,"R","$","E","B",null],"character_chosen":"THE_SILENT","items_purchased":["Catalyst","Noxious Fumes","Tactician","GhostInAJar","Acrobatics"],"campfire_rested":1,"item_purchase_floors":[4,4,30,39,55],"current_hp_per_floor":[44,40,40,40,40,40,36,31,31,31,22,14,5,5,5,5,51,23,23,23,23,23,44,40,40,40,30,30,30,30,30,30,20,42,38,38,34,34,34,34,33,33,33,33,33,33,33,33,33,33,33,39,39,39,39,20],"gold":66,"neow_bonus":"REMOVE_TWO","is_prod":false,"is_daily":false,"chose_seed":false,"campfire_upgraded":8,"win_rate":0,"timestamp":1565171862,"path_taken":["M","M","?","?","$","R","M","?","T","R","M","M","M","$","R","BOSS","M","?","?","?","?","R","M","?","T","?","?","?","$","M","R","BOSS","M","?","?","$","?","R","M","R","T","R","E","?","M","E","R","BOSS","BOSS","R","$","E","BOSS"],"build_version":"2019-07-17","purchased_purges":3,"victory":true,"max_hp_per_floor":[66,66,66,66,66,66,66,66,66,66,66,66,66,66,66,66,66,71,71,71,71,71,71,76,76,76,76,38,38,38,38,38,38,43,43,43,43,43,41,41,41,41,41,41,41,41,41,41,41,41,41,41,41,41,41,41],"card_choices":[{"not_picked":["Sucker Punch","Poisoned Stab","Flying Knee"],"picked":"SKIP","floor":1.0},{"not_picked":["Bane","Flying Knee","Accuracy"],"picked":"SKIP","floor":2.0},{"not_picked":["Bane","Flying Knee","Dodge and Roll"],"picked":"SKIP","floor":7.0},{"not_picked":["Masterful Stab","Eviscerate"],"picked":"Catalyst","floor":8.0},{"not_picked":["Cloak And Dagger","All Out Attack","Underhanded Strike"],"picked":"SKIP","floor":11.0},{"not_picked":["Caltrops","Underhanded Strike"],"picked":"Reflex","floor":12.0},{"not_picked":["Backflip","Underhanded Strike","Dodge and Roll"],"picked":"SKIP","floor":13.0},{"not_picked":["Phantasmal Killer","Corpse Explosion"],"picked":"Burst","floor":16.0},{"not_picked":["Blade Dance","Noxious Fumes","Endless Agony"],"picked":"SKIP","floor":18.0},{"not_picked":["PiercingWail","Flying Knee","Dodge and Roll"],"picked":"SKIP","floor":24.0},{"not_picked":["Flying Knee","Dodge and Roll"],"picked":"PiercingWail","floor":24.0},{"not_picked":["Blur","Deadly Poison","Deflect"],"picked":"SKIP","floor":27.0},{"not_picked":["Slice","Flechettes"],"picked":"Prepared+1","floor":31.0},{"not_picked":["Tactician","Blur"],"picked":"Catalyst+1","floor":34.0},{"not_picked":["Deadly Poison","Flying Knee","Expertise"],"picked":"SKIP","floor":36.0},{"not_picked":["PiercingWail","Reflex","Bouncing Flask"],"picked":"SKIP","floor":42.0},{"not_picked":["Deadly Poison+1","Dodge and Roll"],"picked":"Backflip+1","floor":46.0},{"not_picked":["Backstab","Blade Dance","Deflect"],"picked":"SKIP","floor":48.0},{"not_picked":["Choke","Bane","Dagger Spray"],"picked":"SKIP","floor":49.0},{"not_picked":["Deadly Poison","Dagger Spray+1","Crippling Poison"],"picked":"SKIP","floor":56.0}],"player_experience":804960,"relics_obtained":[{"floor":9.0,"key":"Bag of Preparation"},{"floor":26.0,"key":"Centennial Puzzle"},{"floor":38.0,"key":"Calipers"},{"floor":46.0,"key":"Bag of Marbles"},{"floor":49.0,"key":"Sundial"},{"floor":56.0,"key":"Art of War"}],"event_choices":[{"cards_removed":["Strike_G"],"damage_healed":0.0,"max_hp_gain":0.0,"max_hp_loss":0.0,"gold_gain":0.0,"event_name":"Bonfire Elementals","player_choice":"Offered Basic","floor":3.0,"gold_loss":0.0,"damage_taken":0.0},{"damage_healed":0.0,"max_hp_gain":0.0,"max_hp_loss":0.0,"gold_gain":0.0,"event_name":"Cursed Tome","player_choice":"Ignored","floor":19.0,"gold_loss":0.0,"damage_taken":0.0},{"damage_healed":0.0,"max_hp_gain":0.0,"max_hp_loss":0.0,"gold_gain":50.0,"event_name":"Nest","player_choice":"Stole From Cult","floor":20.0,"gold_loss":0.0,"damage_taken":0.0},{"damage_healed":0.0,"max_hp_gain":0.0,"max_hp_loss":0.0,"gold_gain":0.0,"event_name":"The Library","player_choice":"Read","floor":21.0,"gold_loss":0.0,"damage_taken":0.0,"cards_obtained":["Calculated Gamble"]},{"damage_healed":0.0,"max_hp_gain":0.0,"max_hp_loss":0.0,"gold_gain":0.0,"event_name":"Drug Dealer","player_choice":"Inject Mutagens","floor":22.0,"gold_loss":0.0,"damage_taken":0.0,"relics_obtained":["MutagenicStrength"]},{"damage_healed":0.0,"max_hp_gain":0.0,"max_hp_loss":38.0,"gold_gain":0.0,"event_name":"Ghosts","player_choice":"Became a Ghost","floor":28.0,"gold_loss":0.0,"damage_taken":0.0,"cards_obtained":["Ghostly","Ghostly","Ghostly"]},{"cards_removed":["Defend_G"],"damage_healed":0.0,"max_hp_gain":0.0,"max_hp_loss":0.0,"gold_gain":0.0,"event_name":"Beggar","player_choice":"Gave Gold","floor":29.0,"gold_loss":75.0,"damage_taken":0.0},{"cards_removed":["Defend_G"],"damage_healed":0.0,"max_hp_gain":0.0,"max_hp_loss":0.0,"gold_gain":0.0,"event_name":"Falling","player_choice":"Removed Skill","floor":37.0,"gold_loss":0.0,"damage_taken":0.0},{"damage_healed":0.0,"max_hp_gain":0.0,"max_hp_loss":0.0,"gold_gain":0.0,"event_name":"Mysterious Sphere","player_choice":"Fight","floor":38.0,"gold_loss":0.0,"damage_taken":0.0},{"damage_healed":0.0,"max_hp_gain":0.0,"max_hp_loss":2.0,"gold_gain":0.0,"event_name":"Winding Halls","player_choice":"Max HP","floor":40.0,"gold_loss":0.0,"damage_taken":0.0},{"damage_healed":0.0,"max_hp_gain":0.0,"max_hp_loss":0.0,"gold_gain":0.0,"event_name":"Tomb of Lord Red Mask","player_choice":"Ignored","floor":47.0,"gold_loss":0.0,"damage_taken":0.0}],"is_beta":false,"boss_relics":[{"not_picked":["Eternal Feather","Black Star"],"picked":"Empty Cage"},{"not_picked":["Runic Dome","HoveringKite"],"picked":"Tiny House"}],"items_purged_floors":[14,39,55],"is_endless":false,"potions_floor_spawned":[7,8,11,16,18,24,36,38,49,56],"ascension_level":20}