{"gold_per_floor":[118,118,118,132,132,175,175,188,188,188,48,71,71,71,71,194,194,208,45,59,75,75,75,114,126,138,275,330,342,372,384],"floor_reached":31,"playtime":1995,"items_purged":["Strike_B","Defend_B","Strike_B"],"score":443,"play_id":"05f4e7b0-70c2-47de-8665-b7a9a697caad","local_time":"20190703232254","is_ascension_mode":true,"campfire_choices":[{"data":"Injury","floor":7,"key":"PURGE"},{"data":"Zap","floor":10,"key":"SMITH"},{"data":"Defragment","floor":15,"key":"SMITH"},{"data":"Static Discharge","floor":23,"key":"SMITH"},{"data":"Defend_B","floor":25,"key":"PURGE"},{"floor":29,"key":"REST"}],"neow_cost":"","seed_source_timestamp":1819551817468400,"circlet_count":0,"master_deck":["Strike_B","Defend_B","Defend_B","Zap+1","Dualcast","Leap","Self Repair","Sweeping Beam+1","Coolheaded","Cold Snap","Rebound","Defragment+1","Core Surge","Static Discharge+1"],"relics":["Cracked Core","Peace Pipe","Golden Idol","Pear","Mercury Hourglass","Bronze Scales","Darkstone Periapt","Busted Crown","MawBank","Bottled Tornado","Ice Cream","Question Card","Bag of Marbles"],"potions_floor_usage":[6,21,27,27,28,28,31,31],"damage_taken":[{"damage":0,"enemies":"Small Slimes","floor":1,"turns":2},{"damage":2,"enemies":"Jaw Worm","floor":4,"turns":4},{"damage":19,"enemies":"3 Sentries","floor":6,"turns":8},{"damage":2,"enemies":"2 Louse","floor":8,"turns":3},{"damage":31,"enemies":"Hexaghost","floor":16,"turns":9},{"damage":3,"enemies":"Chosen","floor":18,"turns":3},{"damage":12,"enemies":"2 Thieves","floor":20,"turns":3},{"damage":6,"enemies":"Shelled Parasite and Fungi","floor":21,"turns":5},{"damage":24,"enemies":"Book of Stabbing","floor":24,"turns":3},{"damage":14,"enemies":"Colosseum Slavers","floor":27,"turns":2},{"damage":25,"enemies":"Colosseum Nobs","floor":27,"turns":3},{"damage":21,"enemies":"Slavers","floor":28,"turns":5},{"damage":21,"enemies":"Snake Plant","floor":30,"turns":3},{"damage":31,"enemies":"Gremlin Leader","floor":31,"turns":2}],"seed_played":"7541975259112528843","potions_obtained":[{"floor":1,"key":"Regen Potion"},{"floor":8,"key":"Explosive Potion"},{"floor":16,"key":"SteroidPotion"},{"floor":18,"key":"Weak Potion"},{"floor":24,"key":"EssenceOfSteel"},{"floor":27,"key":"Explosive Potion"},{"floor":28,"key":"SteroidPotion"},{"floor":30,"key":"Energy Potion"}],"is_trial":false,"path_per_floor":["M","?","?","M","?","E","R","M","T","R","$","T","$","T","R","B",null,"M","$","M","M","$","R","E","R","T","?","E","R","M","E"],"character_chosen":"DEFECT","items_purchased":["Leap","Self Repair","Sweeping Beam","Defragment","Static Discharge"],"campfire_rested":1,"item_purchase_floors":[0,0,0,11,19],"current_hp_per_floor":[59,59,52,57,57,70,70,75,75,75,75,75,75,75,75,51,85,82,82,70,71,71,71,54,54,54,29,15,40,26,0],"gold":384,"neow_bonus":"","is_prod":false,"is_daily":false,"chose_seed":false,"campfire_upgraded":3,"win_rate":0,"timestamp":1562214174,"path_taken":["M","?","?","M","?","E","R","M","T","R","$","?","?","?","R","BOSS","M","$","M","M","$","R","E","R","T","?","E","R","M","E"],"build_version":"2019-07-01","purchased_purges":3,"victory":false,"max_hp_per_floor":[75,75,75,75,75,85,85,85,85,85,85,85,85,85,85,85,85,85,85,85,85,85,85,85,85,85,85,85,85,85,85],"card_choices":[{"not_picked":["Stack","FTL"],"picked":"Coolheaded","floor":1},{"not_picked":["Coolheaded","Stack"],"picked":"Cold Snap","floor":4},{"not_picked":["Go for the Eyes","Beam Cell","Ball Lightning"],"picked":"SKIP","floor":6},{"not_picked":["Lockon","Gash"],"picked":"Rebound","floor":8},{"not_picked":["Fission","Buffer"],"picked":"Core Surge","floor":16},{"not_picked":["Cold Snap"],"picked":"SKIP","floor":18},{"not_picked":["Reprogram"],"picked":"SKIP","floor":20},{"not_picked":["Self Repair"],"picked":"SKIP","floor":21},{"not_picked":["Redo"],"picked":"SKIP","floor":24},{"not_picked":["Heatsinks","Ball Lightning"],"picked":"SKIP","floor":28},{"not_picked":["Coolheaded","Storm"],"picked":"SKIP","floor":30}],"player_experience":374167,"relics_obtained":[{"floor":6,"key":"Pear"},{"floor":9,"key":"Mercury Hourglass"},{"floor":12,"key":"Bronze Scales"},{"floor":14,"key":"Darkstone Periapt"},{"floor":24,"key":"MawBank"},{"floor":26,"key":"Bottled Tornado"},{"floor":27,"key":"Ice Cream"},{"floor":27,"key":"Question Card"},{"floor":28,"key":"Bag of Marbles"}],"event_choices":[{"damage_healed":0,"gold_gain":0,"player_choice":"Grow","damage_taken":0,"max_hp_gain":0,"max_hp_loss":0,"event_name":"Living Wall","floor":2,"gold_loss":0,"cards_upgraded":["Sweeping Beam"]},{"cards_removed":["Strike_B"],"damage_healed":0,"gold_gain":0,"player_choice":"Card Removal","damage_taken":7,"max_hp_gain":0,"max_hp_loss":0,"event_name":"Golden Wing","floor":3,"gold_loss":0},{"damage_healed":0,"gold_gain":0,"player_choice":"Take Wound","damage_taken":0,"relics_obtained":["Golden Idol"],"max_hp_gain":0,"max_hp_loss":0,"event_name":"Golden Idol","floor":5,"gold_loss":0,"cards_obtained":["Injury"]},{"damage_healed":0,"gold_gain":0,"player_choice":"Fight","damage_taken":0,"max_hp_gain":0,"max_hp_loss":0,"event_name":"Colosseum","floor":27,"gold_loss":0},{"damage_healed":0,"gold_gain":0,"player_choice":"Fought Nobs","damage_taken":0,"max_hp_gain":0,"max_hp_loss":0,"event_name":"Colosseum","floor":27,"gold_loss":0}],"is_beta":false,"boss_relics":[{"not_picked":["Empty Cage","Lizard Tail"],"picked":"Busted Crown"}],"items_purged_floors":[0,11,19],"is_endless":false,"potions_floor_spawned":[1,8,16,18,24,27,28,30],"killed_by":"Gremlin Leader","ascension_level":4}