{"gold_per_floor":[118,130,305,305,305,305,330,330,384,457,469,382,382,392,392,495,495,514,529,356,356,271,271,286,286,286,297,297,297,312,332,332,434,434,452,452],"floor_reached":36,"playtime":1871,"items_purged":["Doubt","Strike_G"],"score":454,"play_id":"8e389360-f51d-4ef9-9df3-e95320ecd0bf","local_time":"20190801174303","is_ascension_mode":true,"campfire_choices":[{"data":"Dodge and Roll","floor":6.0,"key":"SMITH"},{"data":"Neutralize","floor":8.0,"key":"SMITH"},{"data":"Wraith Form v2","floor":11.0,"key":"SMITH"},{"data":"Poisoned Stab","floor":15.0,"key":"SMITH"},{"data":"Flechettes","floor":23.0,"key":"SMITH"},{"data":"Accuracy","floor":28.0,"key":"SMITH"},{"floor":32.0,"key":"REST"}],"neow_cost":"NONE","seed_source_timestamp":221399777003600,"circlet_count":0,"master_deck":["Strike_G","Strike_G","Strike_G","Strike_G","Defend_G","Defend_G","Defend_G","Defend_G","Defend_G","Survivor","Neutralize+1","Caltrops+1","Dodge and Roll+1","Backstab","Neutralize","Wraith Form v2+1","Escape Plan","Crippling Poison","Dagger Spray","Poisoned Stab+1","Burst","Leg Sweep+1","Cloak And Dagger","Flechettes+1","Cloak And Dagger+1","Accuracy+1","Necronomicurse","Storm of Steel","Dodge and Roll","Envenom"],"special_seed":0,"relics":["Ring of the Serpent","NeowsBlessing","Juzu Bracelet","Pocketwatch","MawBank","Tiny Chest","Runic Pyramid","Happy Flower","Shuriken","Pantograph","Necronomicon"],"potions_floor_usage":[],"damage_taken":[{"damage":0.0,"enemies":"Jaw Worm","floor":1.0,"turns":1.0},{"damage":0.0,"enemies":"2 Louse","floor":2.0,"turns":1.0},{"damage":0.0,"enemies":"Lagavulin","floor":7.0,"turns":1.0},{"damage":15.0,"enemies":"3 Sentries","floor":10.0,"turns":9.0},{"damage":0.0,"enemies":"Cultist","floor":14.0,"turns":2.0},{"damage":23.0,"enemies":"Hexaghost","floor":16.0,"turns":9.0},{"damage":17.0,"enemies":"Spheric Guardian","floor":18.0,"turns":4.0},{"damage":4.0,"enemies":"3 Byrds","floor":19.0,"turns":3.0},{"damage":2.0,"enemies":"3 Cultists","floor":24.0,"turns":5.0},{"damage":12.0,"enemies":"Centurion and Healer","floor":27.0,"turns":7.0},{"damage":2.0,"enemies":"Cultist and Chosen","floor":30.0,"turns":7.0},{"damage":2.0,"enemies":"Sentry and Sphere","floor":31.0,"turns":7.0},{"damage":42.0,"enemies":"Automaton","floor":33.0,"turns":9.0},{"damage":18.0,"enemies":"3 Shapes","floor":35.0,"turns":5.0},{"damage":0,"enemies":"3 Darklings","floor":36,"turns":1}],"seed_played":"2212248932115160767","potions_obtained":[{"floor":10.0,"key":"SkillPotion"},{"floor":14.0,"key":"Fire Potion"},{"floor":16.0,"key":"GamblersBrew"},{"floor":33.0,"key":"SkillPotion"}],"is_trial":false,"path_per_floor":["M","M","?","?","?","R","E","R","T","E","R","$","?","M","R","B",null,"M","M","$","?","?","R","M","?","T","M","R","?","M","M","R","B",null,"M","M"],"character_chosen":"THE_SILENT","items_purchased":["Dagger Spray","Flechettes"],"campfire_rested":1,"item_purchase_floors":[12,20],"current_hp_per_floor":[70,70,70,58,58,58,58,58,58,43,43,43,43,43,43,20,70,53,49,49,49,49,49,47,34,34,22,22,6,4,2,24,7,75,57,57],"gold":452,"neow_bonus":"THREE_ENEMY_KILL","is_prod":false,"is_daily":false,"chose_seed":false,"campfire_upgraded":6,"win_rate":0,"timestamp":1564695783,"path_taken":["M","M","?","?","?","R","E","R","T","E","R","$","?","M","R","BOSS","M","M","$","?","?","R","M","?","T","M","R","?","M","M","R","BOSS","M","M"],"build_version":"2019-07-18","purchased_purges":2,"victory":false,"max_hp_per_floor":[70,70,70,70,70,70,70,70,70,70,70,70,70,70,70,70,70,70,70,70,70,70,70,70,75,75,75,75,75,75,75,75,75,75,75,75],"card_choices":[{"not_picked":["Deflect","Flying Knee"],"picked":"Caltrops","floor":1.0},{"not_picked":["Acrobatics","Outmaneuver"],"picked":"Dodge and Roll","floor":2.0},{"not_picked":["Endless Agony","Predator"],"picked":"Escape Plan","floor":7.0},{"not_picked":["Poisoned Stab","Infinite Blades"],"picked":"Crippling Poison","floor":10.0},{"not_picked":["Underhanded Strike","Leg Sweep"],"picked":"Poisoned Stab","floor":14.0},{"not_picked":["Phantasmal Killer","Envenom"],"picked":"Burst","floor":16.0},{"not_picked":["Poisoned Stab","Bane"],"picked":"Leg Sweep+1","floor":18.0},{"not_picked":["Reflex","Underhanded Strike+1"],"picked":"Cloak And Dagger","floor":19.0},{"not_picked":["Setup","Sucker Punch"],"picked":"Cloak And Dagger+1","floor":24.0},{"not_picked":["Finisher","Bane"],"picked":"Accuracy","floor":27.0},{"not_picked":["Dagger Spray","Outmaneuver"],"picked":"Storm of Steel","floor":30.0},{"not_picked":["Flying Knee","Escape Plan"],"picked":"Dodge and Roll","floor":31.0},{"not_picked":["Phantasmal Killer","Bullet Time"],"picked":"Envenom","floor":33.0},{"not_picked":["Slice+1","Poisoned Stab+1","Cloak And Dagger"],"picked":"SKIP","floor":35.0}],"player_experience":274229,"relics_obtained":[{"floor":7.0,"key":"Pocketwatch"},{"floor":9.0,"key":"MawBank"},{"floor":10.0,"key":"Tiny Chest"},{"floor":26.0,"key":"Pantograph"},{"floor":29.0,"key":"Necronomicon"}],"event_choices":[{"damage_healed":0.0,"max_hp_gain":0.0,"max_hp_loss":0.0,"gold_gain":175.0,"event_name":"Liars Game","player_choice":"AGREE","floor":3.0,"gold_loss":0.0,"damage_taken":0.0,"cards_obtained":["Doubt"]},{"damage_healed":0.0,"max_hp_gain":0.0,"max_hp_loss":0.0,"gold_gain":0.0,"event_name":"Scrap Ooze","player_choice":"Success","floor":4.0,"gold_loss":0.0,"damage_taken":12.0,"relics_obtained":["Juzu Bracelet"]},{"damage_healed":0.0,"max_hp_gain":0.0,"max_hp_loss":0.0,"gold_gain":0.0,"event_name":"Match and Keep!","player_choice":"3 cards matched","floor":5.0,"gold_loss":0.0,"damage_taken":0.0,"cards_obtained":["Backstab","Neutralize","Wraith Form v2"]},{"damage_healed":0.0,"max_hp_gain":0.0,"max_hp_loss":0.0,"gold_gain":0.0,"event_name":"Living Wall","player_choice":"Grow","floor":13.0,"gold_loss":0.0,"damage_taken":0.0,"cards_upgraded":["Caltrops"]},{"damage_healed":0.0,"max_hp_gain":0.0,"max_hp_loss":0.0,"gold_gain":0.0,"event_name":"The Mausoleum","player_choice":"Opened","floor":21.0,"gold_loss":0.0,"damage_taken":0.0,"relics_obtained":["Happy Flower"]},{"damage_healed":0.0,"max_hp_gain":0.0,"max_hp_loss":0.0,"gold_gain":0.0,"event_name":"Addict","player_choice":"Obtained Relic","floor":22.0,"gold_loss":85.0,"damage_taken":0.0,"relics_obtained":["Shuriken"]},{"damage_healed":0.0,"max_hp_gain":5.0,"max_hp_loss":0.0,"gold_gain":0.0,"event_name":"Forgotten Altar","player_choice":"Shed Blood","floor":25.0,"gold_loss":0.0,"damage_taken":18.0},{"damage_healed":0.0,"max_hp_gain":0.0,"max_hp_loss":0.0,"gold_gain":0.0,"event_name":"Cursed Tome","player_choice":"Obtained Book","floor":29.0,"gold_loss":0.0,"damage_taken":16.0}],"is_beta":true,"boss_relics":[{"not_picked":["HoveringKite","Orrery"],"picked":"Runic Pyramid"},{"not_picked":["Velvet Choker","Runic Dome"],"picked":"Ring of the Serpent"}],"items_purged_floors":[12,20],"is_endless":false,"potions_floor_spawned":[10,14,16,24,27,33],"killed_by":"3 Darklings","ascension_level":3}