{"gold_per_floor":[114,130,141,154,167,167,167,205,205,241,241,241,316,340,340,340],"floor_reached":16,"playtime":384,"items_purged":[],"score":224,"play_id":"21165363-e7d3-4e39-a1d9-55a1f6d8077a","local_time":"20190811165740","is_ascension_mode":true,"campfire_choices":[{"data":"Sunder","floor":6.0,"key":"SMITH"},{"data":"Zap","floor":12.0,"key":"SMITH"},{"floor":15.0,"key":"REST"}],"neow_cost":"NONE","seed_source_timestamp":16989068405590,"circlet_count":0,"master_deck":["AscendersBane","Strike_B","Strike_B","Strike_B","Strike_B","Defend_B","Defend_B","Defend_B+1","Defend_B","Zap+1","Dualcast","Seek","Cold Snap","Static Discharge+1","Compile Driver","Undo","Sunder+1","Meteor Strike","Seek"],"special_seed":0,"relics":["Cracked Core","Golden Idol","Bottled Lightning","PreservedInsect","Centennial Puzzle"],"potions_floor_usage":[16,16],"damage_taken":[{"damage":1.0,"enemies":"Cultist","floor":1.0,"turns":3.0},{"damage":2.0,"enemies":"Small Slimes","floor":2.0,"turns":5.0},{"damage":0.0,"enemies":"Jaw Worm","floor":3.0,"turns":3.0},{"damage":2.0,"enemies":"Exordium Thugs","floor":4.0,"turns":4.0},{"damage":2.0,"enemies":"Blue Slaver","floor":5.0,"turns":5.0},{"damage":11.0,"enemies":"Lagavulin","floor":8.0,"turns":7.0},{"damage":3.0,"enemies":"3 Sentries","floor":10.0,"turns":6.0},{"damage":0.0,"enemies":"2 Fungi Beasts","floor":14.0,"turns":2.0},{"damage":41,"enemies":"Slime Boss","floor":16,"turns":6}],"seed_played":"2290845741734677874","potions_obtained":[{"floor":2.0,"key":"EssenceOfSteel"},{"floor":5.0,"key":"Block Potion"},{"floor":8.0,"key":"Swift Potion"}],"is_trial":false,"path_per_floor":["M","M","M","M","M","R","?","E","T","E","?","R","?","M","R","B"],"character_chosen":"DEFECT","items_purchased":[],"campfire_rested":1,"item_purchase_floors":[],"current_hp_per_floor":[63,61,61,59,57,57,57,46,46,43,24,24,13,13,32,0],"gold":340,"neow_bonus":"ONE_RANDOM_RARE_CARD","is_prod":false,"is_daily":false,"chose_seed":false,"campfire_upgraded":2,"win_rate":0,"timestamp":1565535460,"path_taken":["M","M","M","M","?","R","?","E","T","E","?","R","?","M","R","BOSS"],"build_version":"2019-07-18","purchased_purges":0,"victory":false,"max_hp_per_floor":[71,71,71,71,71,71,64,64,64,64,64,64,64,64,64,64],"card_choices":[{"not_picked":["Gash","Hologram"],"picked":"Cold Snap","floor":1.0},{"not_picked":["Lockon","Compile Driver"],"picked":"Static Discharge","floor":2.0},{"not_picked":["Turbo","Beam Cell"],"picked":"Compile Driver","floor":3.0},{"not_picked":["Skim","Beam Cell"],"picked":"Undo","floor":4.0},{"not_picked":["Consume","Go for the Eyes"],"picked":"Sunder","floor":5.0},{"not_picked":["Streamline","Sweeping Beam"],"picked":"Meteor Strike","floor":8.0},{"not_picked":["Go for the Eyes","Steam Power"],"picked":"Seek","floor":10.0},{"not_picked":["Aggregate","Redo","Rip and Tear"],"picked":"SKIP","floor":14.0}],"player_experience":1984240,"relics_obtained":[{"floor":8.0,"key":"Bottled Lightning"},{"floor":9.0,"key":"PreservedInsect"},{"floor":10.0,"key":"Centennial Puzzle"}],"event_choices":[{"damage_healed":0.0,"max_hp_gain":0.0,"max_hp_loss":7.0,"gold_gain":0.0,"event_name":"Golden Idol","player_choice":"Lose Max HP","floor":7.0,"gold_loss":0.0,"damage_taken":0.0,"relics_obtained":["Golden Idol"]},{"damage_healed":0.0,"max_hp_gain":0.0,"max_hp_loss":0.0,"gold_gain":0.0,"event_name":"Shining Light","player_choice":"Entered Light","floor":11.0,"gold_loss":0.0,"damage_taken":19.0,"cards_upgraded":["Static Discharge","Defend_B"]},{"damage_healed":0.0,"max_hp_gain":0.0,"max_hp_loss":0.0,"gold_gain":75.0,"event_name":"World of Goop","player_choice":"Gather Gold","floor":13.0,"gold_loss":0.0,"damage_taken":11.0}],"is_beta":true,"boss_relics":[],"items_purged_floors":[],"is_endless":false,"potions_floor_spawned":[2,5,8,10],"killed_by":"Slime Boss","ascension_level":20}