{"gold_per_floor":[118,129,79,79,25,25,60,74,123,450,450,481,481,481,481,577,577,596,71,82,99,124,156,172,190,214,214,214,214,241,241,241,337,337,349,349,68,68,168,200,200,234,234,234,26,39,68,84,84,84],"floor_reached":51,"playtime":1498,"items_purged":["Strike_B"],"score":1004,"play_id":"cdfcf1c6-437b-4525-8e18-48c1f78442bc","local_time":"20190804155107","is_ascension_mode":true,"campfire_choices":[{"data":"Coolheaded","floor":6,"key":"SMITH"},{"data":"Zap","floor":11,"key":"SMITH"},{"floor":15,"key":"REST"},{"data":"Electrodynamics","floor":27,"key":"SMITH"},{"data":"Sweeping Beam","floor":29,"key":"SMITH"},{"data":"Genetic Algorithm","floor":32,"key":"SMITH"},{"data":"Biased Cognition","floor":41,"key":"SMITH"},{"data":"Master of Strategy","floor":49,"key":"SMITH"}],"neow_cost":"NONE","seed_source_timestamp":7147317145043,"circlet_count":0,"master_deck":["Defend_B","Defend_B","Defend_B","Zap+1","Dualcast+1","Conserve Battery+1","Coolheaded+1","Ball Lightning+1","Genetic Algorithm+1","BootSequence","All For One","Gash","Electrodynamics+1","Conserve Battery+1","Genetic Algorithm+1","All For One+1","Fusion+1","Genetic Algorithm+1","Compile Driver","Sweeping Beam+1","Static Discharge+1","Biased Cognition+1","Compile Driver+1","Capacitor","Compile Driver","Master of Strategy+1","Genetic Algorithm+1","Sweeping Beam+1"],"relics":["Cracked Core","NeowsBlessing","Anchor","Juzu Bracelet","Old Coin","Bottled Lightning","Sozu","Bottled Tornado","Art of War","Potion Belt","PreservedInsect","Regal Pillow","Busted Crown","Bag of Preparation","StoneCalendar","Pocketwatch","Pear","Lee\u0027s Waffle","Whetstone"],"potions_floor_usage":[42,42],"damage_taken":[{"damage":0,"enemies":"2 Louse","floor":1,"turns":1},{"damage":0,"enemies":"Small Slimes","floor":2,"turns":1},{"damage":0,"enemies":"Gremlin Nob","floor":7,"turns":1},{"damage":0,"enemies":"Jaw Worm","floor":8,"turns":4},{"damage":16,"enemies":"3 Sentries","floor":10,"turns":9},{"damage":16,"enemies":"Lagavulin","floor":12,"turns":6},{"damage":34,"enemies":"The Guardian","floor":16,"turns":13},{"damage":0,"enemies":"Chosen","floor":18,"turns":4},{"damage":0,"enemies":"Shell Parasite","floor":20,"turns":5},{"damage":0,"enemies":"Snecko","floor":21,"turns":3},{"damage":0,"enemies":"Slavers","floor":23,"turns":3},{"damage":0,"enemies":"Centurion and Healer","floor":24,"turns":5},{"damage":0,"enemies":"Snake Plant","floor":25,"turns":4},{"damage":0,"enemies":"Gremlin Leader","floor":30,"turns":3},{"damage":19,"enemies":"Automaton","floor":33,"turns":8},{"damage":0,"enemies":"3 Shapes","floor":35,"turns":4},{"damage":40,"enemies":"Nemesis","floor":40,"turns":6},{"damage":3,"enemies":"Reptomancer","floor":42,"turns":5},{"damage":0,"enemies":"3 Darklings","floor":46,"turns":2},{"damage":0,"enemies":"Giant Head","floor":47,"turns":7},{"damage":0,"enemies":"Sphere and 2 Shapes","floor":48,"turns":1},{"damage":40,"enemies":"Awakened One","floor":50,"turns":9}],"seed_played":"8283821689809430951","potions_obtained":[{"floor":7,"key":"SpeedPotion"},{"floor":8,"key":"Regen Potion"},{"floor":12,"key":"Regen Potion"}],"is_trial":false,"path_per_floor":["M","M","?","?","$","R","E","M","T","E","R","E","?","?","R","B",null,"M","$","M","M","T","E","M","M","T","R","?","R","E","?","R","B",null,"M","?","$","?","?","E","R","E","T","?","$","M","E","M","R","B",null],"character_chosen":"DEFECT","items_purchased":["Ball Lightning","Genetic Algorithm","All For One","Bottled Tornado","Capacitor","Bag of Preparation","Compile Driver","Lee\u0027s Waffle"],"campfire_rested":1,"item_purchase_floors":[5,19,19,19,37,37,37,45],"current_hp_per_floor":[75,75,75,68,68,68,68,68,68,52,52,36,21,21,43,9,75,75,75,75,75,75,75,75,75,75,75,75,75,75,75,75,56,75,75,75,75,65,65,25,25,56,66,66,92,92,92,92,92,52],"gold":84,"neow_bonus":"THREE_ENEMY_KILL","is_prod":false,"is_daily":false,"chose_seed":false,"campfire_upgraded":7,"win_rate":0,"timestamp":1564926667,"path_taken":["M","M","?","?","?","R","E","M","T","E","R","E","?","?","R","BOSS","M","$","M","M","?","E","M","M","T","R","?","R","E","?","R","BOSS","M","?","$","?","?","E","R","E","T","?","$","M","E","M","R","BOSS"],"build_version":"2019-07-18","purchased_purges":1,"victory":true,"max_hp_per_floor":[75,75,75,75,75,75,75,75,75,75,75,75,75,75,75,75,75,75,75,75,75,75,75,75,75,75,75,75,75,75,75,75,75,75,75,75,75,75,75,75,75,75,85,85,92,92,92,92,92,92],"card_choices":[{"not_picked":["Gash","Rebound"],"picked":"Conserve Battery","floor":1},{"not_picked":["Redo","Storm"],"picked":"Coolheaded","floor":2},{"not_picked":["Streamline","Ball Lightning"],"picked":"Genetic Algorithm","floor":7},{"not_picked":["Streamline","Beam Cell"],"picked":"BootSequence","floor":8},{"not_picked":["BootSequence","White Noise"],"picked":"All For One","floor":10},{"not_picked":["Sunder","Genetic Algorithm"],"picked":"Gash","floor":12},{"not_picked":["All For One","Amplify"],"picked":"Electrodynamics","floor":16},{"not_picked":["Ball Lightning+1","Hologram"],"picked":"Conserve Battery+1","floor":18},{"not_picked":["Cold Snap","Conserve Battery"],"picked":"Fusion+1","floor":20},{"not_picked":["Sweeping Beam","Leap+1"],"picked":"Genetic Algorithm+1","floor":21},{"not_picked":["Recycle","Meteor Strike"],"picked":"Compile Driver","floor":23},{"not_picked":["Rebound+1","Barrage"],"picked":"Sweeping Beam","floor":24},{"not_picked":["Beam Cell","Reinforced Body"],"picked":"Static Discharge+1","floor":25},{"not_picked":["Blizzard+1","Go for the Eyes","Stack"],"picked":"SKIP","floor":30},{"not_picked":["Amplify","Creative AI"],"picked":"Biased Cognition","floor":33},{"not_picked":[],"picked":"Compile Driver+1","floor":35},{"not_picked":[],"picked":"Master of Strategy","floor":38},{"not_picked":[],"picked":"Genetic Algorithm+1","floor":40},{"not_picked":["Rip and Tear"],"picked":"SKIP","floor":42},{"not_picked":["Genetic Algorithm+1"],"picked":"SKIP","floor":46},{"not_picked":["Steam Power"],"picked":"SKIP","floor":47},{"not_picked":[],"picked":"Sweeping Beam+1","floor":48}],"player_experience":1960640,"relics_obtained":[{"floor":7,"key":"Anchor"},{"floor":9,"key":"Juzu Bracelet"},{"floor":10,"key":"Old Coin"},{"floor":12,"key":"Bottled Lightning"},{"floor":22,"key":"Art of War"},{"floor":23,"key":"Potion Belt"},{"floor":26,"key":"PreservedInsect"},{"floor":30,"key":"Regal Pillow"},{"floor":40,"key":"StoneCalendar"},{"floor":42,"key":"Pocketwatch"},{"floor":43,"key":"Pear"},{"floor":47,"key":"Whetstone"}],"event_choices":[{"cards_removed":["Strike_B"],"damage_healed":0,"gold_gain":0,"player_choice":"Card Removal","damage_taken":0,"max_hp_gain":0,"max_hp_loss":0,"event_name":"The Cleric","floor":3,"gold_loss":50},{"cards_removed":["Strike_B"],"damage_healed":0,"gold_gain":0,"player_choice":"Card Removal","damage_taken":7,"max_hp_gain":0,"max_hp_loss":0,"event_name":"Golden Wing","floor":4,"gold_loss":0},{"damage_healed":0,"gold_gain":0,"player_choice":"Entered Light","damage_taken":15,"max_hp_gain":0,"max_hp_loss":0,"event_name":"Shining Light","floor":13,"gold_loss":0,"cards_upgraded":["Conserve Battery","Dualcast"]},{"cards_removed":["Strike_B"],"damage_healed":0,"gold_gain":0,"player_choice":"Card Removal","damage_taken":0,"max_hp_gain":0,"max_hp_loss":0,"event_name":"Wheel of Change","floor":14,"gold_loss":0},{"damage_healed":0,"gold_gain":0,"player_choice":"Got Potions","damage_taken":0,"max_hp_gain":0,"max_hp_loss":0,"event_name":"Lab","floor":28,"gold_loss":0},{"damage_healed":0,"gold_gain":0,"player_choice":"Forge","damage_taken":0,"max_hp_gain":0,"max_hp_loss":0,"event_name":"Accursed Blacksmith","floor":31,"gold_loss":0,"cards_upgraded":["Genetic Algorithm"]},{"damage_healed":0,"gold_gain":0,"player_choice":"Ignored","damage_taken":0,"max_hp_gain":0,"max_hp_loss":0,"event_name":"Tomb of Lord Red Mask","floor":36,"gold_loss":0},{"damage_healed":0,"gold_gain":0,"player_choice":"Memory 3","damage_taken":10,"max_hp_gain":0,"max_hp_loss":0,"event_name":"SensoryStone","floor":38,"gold_loss":0},{"damage_healed":0,"gold_gain":100,"player_choice":"Pray","damage_taken":0,"max_hp_gain":0,"max_hp_loss":0,"event_name":"Golden Shrine","floor":39,"gold_loss":0},{"cards_removed":["Defend_B"],"damage_healed":0,"gold_gain":0,"player_choice":"Removed Skill","damage_taken":0,"max_hp_gain":0,"max_hp_loss":0,"event_name":"Falling","floor":44,"gold_loss":0}],"is_beta":true,"boss_relics":[{"not_picked":["Inserter","Cursed Key"],"picked":"Sozu"},{"not_picked":["Coffee Dripper","Snecko Eye"],"picked":"Busted Crown"}],"items_purged_floors":[19],"is_endless":false,"potions_floor_spawned":[7,8,12,20,21,30,35,47],"ascension_level":1}