{"gold_per_floor":[117,131,131,157,107,134,134,165,165,165,240,240,254,254,254,350,350,370,370,370,370,370,370,370],"floor_reached":24,"playtime":1982,"items_purged":[],"score":382,"play_id":"dbdf31f5-e0fe-4923-b765-eeef6ce47d1b","local_time":"20190803183829","is_ascension_mode":true,"campfire_choices":[{"data":"Neutralize","floor":7,"key":"SMITH"},{"floor":12,"key":"REST"},{"floor":15,"key":"REST"},{"floor":23,"key":"REST"}],"neow_cost":"NONE","seed_source_timestamp":397801038315800,"circlet_count":0,"master_deck":["AscendersBane","Defend_G","Defend_G","Defend_G","Defend_G","Defend_G","Survivor","Neutralize+1","Flechettes","Dagger Spray","Well Laid Plans","Noxious Fumes+1","Backflip","Backflip","Acrobatics","Blur"],"relics":["Ring of the Snake","NeowsBlessing","Juzu Bracelet","Pantograph","Smiling Mask","Pear","Eternal Feather"],"potions_floor_usage":[],"damage_taken":[{"damage":0,"enemies":"Cultist","floor":1,"turns":1},{"damage":0,"enemies":"Small Slimes","floor":2,"turns":1},{"damage":0,"enemies":"Lagavulin","floor":6,"turns":1},{"damage":37,"enemies":"3 Sentries","floor":8,"turns":10},{"damage":10,"enemies":"2 Louse","floor":13,"turns":3},{"damage":40,"enemies":"Slime Boss","floor":16,"turns":13},{"damage":10,"enemies":"Shell Parasite","floor":18,"turns":9},{"damage":54,"enemies":"Gremlin Leader","floor":24,"turns":9}],"seed_played":"3245177683121785993","potions_obtained":[{"floor":1,"key":"SteroidPotion"},{"floor":2,"key":"Poison Potion"}],"is_trial":false,"path_per_floor":["M","M","$","T","?","E","R","E","T","?","?","R","M","?","R","B",null,"M","?","?","?","?","R","E"],"character_chosen":"THE_SILENT","items_purchased":[],"campfire_rested":3,"item_purchase_floors":[],"current_hp_per_floor":[63,63,63,63,63,63,63,26,36,29,18,42,32,32,56,40,70,60,60,45,45,45,79,25],"gold":370,"neow_bonus":"THREE_ENEMY_KILL","is_prod":false,"is_daily":false,"chose_seed":false,"campfire_upgraded":1,"win_rate":0,"timestamp":1564871909,"path_taken":["M","?","$","?","?","E","R","E","T","?","?","R","M","?","R","BOSS","M","?","?","?","?","R","E"],"build_version":"2019-07-18","purchased_purges":0,"victory":false,"max_hp_per_floor":[70,70,70,70,70,70,70,70,80,80,80,80,80,80,80,80,80,80,80,85,85,85,85,85],"card_choices":[{"not_picked":["Dagger Throw","Escape Plan"],"picked":"Flechettes","floor":1},{"not_picked":["Blade Dance","Distraction"],"picked":"Dagger Spray","floor":2},{"not_picked":["Dodge and Roll","All Out Attack"],"picked":"Well Laid Plans","floor":6},{"not_picked":["Cloak And Dagger","Caltrops"],"picked":"Noxious Fumes","floor":8},{"not_picked":["Deflect","Riddle With Holes"],"picked":"Backflip","floor":13},{"not_picked":["Cloak And Dagger","Setup"],"picked":"Backflip","floor":18}],"player_experience":346985,"relics_obtained":[{"floor":4,"key":"Juzu Bracelet"},{"floor":6,"key":"Pantograph"},{"floor":8,"key":"Smiling Mask"},{"floor":9,"key":"Pear"}],"event_choices":[{"cards_removed":["Strike_G"],"damage_healed":0,"gold_gain":0,"player_choice":"Card Removal","damage_taken":0,"max_hp_gain":0,"max_hp_loss":0,"event_name":"The Cleric","floor":5,"gold_loss":50},{"cards_removed":["Strike_G"],"damage_healed":0,"gold_gain":0,"player_choice":"Card Removal","damage_taken":7,"max_hp_gain":0,"max_hp_loss":0,"event_name":"Golden Wing","floor":10,"gold_loss":0},{"damage_healed":0,"gold_gain":75,"player_choice":"Gather Gold","damage_taken":11,"max_hp_gain":0,"max_hp_loss":0,"event_name":"World of Goop","floor":11,"gold_loss":0},{"damage_healed":0,"gold_gain":0,"player_choice":"Grow","damage_taken":0,"max_hp_gain":0,"max_hp_loss":0,"event_name":"Living Wall","floor":14,"gold_loss":0,"cards_upgraded":["Noxious Fumes"]},{"damage_healed":0,"gold_gain":0,"cards_transformed":["Strike_G","Strike_G"],"player_choice":"Became Test Subject","damage_taken":0,"max_hp_gain":0,"max_hp_loss":0,"event_name":"Drug Dealer","floor":19,"gold_loss":0,"cards_obtained":["Acrobatics","Blur"]},{"damage_healed":0,"gold_gain":0,"player_choice":"Shed Blood","damage_taken":20,"max_hp_gain":5,"max_hp_loss":0,"event_name":"Forgotten Altar","floor":20,"gold_loss":0},{"cards_removed":["Strike_G"],"damage_healed":0,"gold_gain":0,"player_choice":"Purged","damage_taken":0,"max_hp_gain":0,"max_hp_loss":0,"event_name":"Purifier","floor":21,"gold_loss":0},{"damage_healed":0,"gold_gain":0,"player_choice":"Ignored","damage_taken":0,"max_hp_gain":0,"max_hp_loss":0,"event_name":"Vampires","floor":22,"gold_loss":0}],"is_beta":true,"boss_relics":[{"not_picked":["Lizard Tail","Tiny House"],"picked":"Eternal Feather"}],"items_purged_floors":[],"is_endless":false,"potions_floor_spawned":[1,2],"killed_by":"Gremlin Leader","ascension_level":12}