{"gold_per_floor":[113,127,138,138,154,154,187,187,187,212,229,229,240,140,140,244,244,261,274,274,274,288,288,316,316,342,50,50,50,80,109,109,211,211,228,450,1449,1467,1485,1485],"floor_reached":40,"playtime":2324,"items_purged":["Strike_G","Strike_G"],"score":776,"play_id":"d18309ca-8466-49bd-8d2b-c7fb140593dc","local_time":"20190710230844","is_ascension_mode":true,"campfire_choices":[{"data":"Noxious Fumes","floor":6,"key":"SMITH"},{"data":"Neutralize","floor":8,"key":"SMITH"},{"floor":12,"key":"REST"},{"floor":15,"key":"REST"},{"floor":23,"key":"REST"},{"floor":25,"key":"REST"},{"data":"Backstab","floor":28,"key":"SMITH"},{"data":"Backstab","floor":32,"key":"SMITH"}],"neow_cost":"","seed_source_timestamp":163798393103100,"circlet_count":0,"master_deck":["Defend_G","Defend_G","Defend_G","Defend_G+1","Defend_G","Survivor","Neutralize+1","Noxious Fumes+1","Dagger Spray","Dodge and Roll+1","Backstab+1","Leg Sweep+1","Backstab+1","Blur+1","Backstab","Dodge and Roll+1","Phantasmal Killer+1","Dagger Spray+1","Deflect+1","RitualDagger","Bite","Bite","Bite","Bite","Bite","PiercingWail+1","Dodge and Roll+1","Deadly Poison+1","Backflip+1","Blade Dance+1","Doppelganger+1","Blur+1","Normality","Normality","Deadly Poison+1"],"relics":["Ring of the Serpent","Prayer Wheel","Bag of Marbles","Darkstone Periapt","Toxic Egg 2","Bag of Preparation","hubris:GrandSneckoEye","Ninja Scroll","War Paint","Membership Card","Blood Vial","Peace Pipe","Red Mask"],"potions_floor_usage":[7,16,40,40],"damage_taken":[{"damage":0,"enemies":"2 Louse","floor":1,"turns":3},{"damage":0,"enemies":"Cultist","floor":2,"turns":2},{"damage":0,"enemies":"Jaw Worm","floor":3,"turns":3},{"damage":0,"enemies":"3 Louse","floor":5,"turns":2},{"damage":6,"enemies":"Gremlin Nob","floor":7,"turns":3},{"damage":35,"enemies":"3 Sentries","floor":10,"turns":5},{"damage":0,"enemies":"2 Fungi Beasts","floor":11,"turns":1},{"damage":0,"enemies":"Blue Slaver","floor":13,"turns":1},{"damage":22,"enemies":"Slime Boss","floor":16,"turns":8},{"damage":0,"enemies":"Chosen","floor":18,"turns":3},{"damage":0,"enemies":"Spheric Guardian","floor":19,"turns":2},{"damage":14,"enemies":"Snake Plant","floor":22,"turns":3},{"damage":21,"enemies":"Book of Stabbing","floor":24,"turns":5},{"damage":4,"enemies":"Slavers","floor":30,"turns":3},{"damage":0,"enemies":"Masked Bandits","floor":31,"turns":2},{"damage":31,"enemies":"Champ","floor":33,"turns":9},{"damage":12,"enemies":"3 Shapes","floor":35,"turns":3},{"damage":0,"enemies":"Orb Walker","floor":38,"turns":1},{"damage":0,"enemies":"3 Darklings","floor":39,"turns":4},{"damage":93,"enemies":"Giant Head","floor":40,"turns":8}],"seed_played":"2341217332200569343","potions_obtained":[{"floor":1,"key":"Fire Potion"},{"floor":3,"key":"PowerPotion"},{"floor":10,"key":"Fire Potion"},{"floor":13,"key":"Block Potion"},{"floor":16,"key":"Weak Potion"}],"is_trial":false,"path_per_floor":["M","M","M","?","M","R","E","R","T","E","M","R","M","$","R","B",null,"M","M","?","?","M","R","E","R","T","$","R","?","E","?","R","B",null,"M","?","?","M","M","E"],"character_chosen":"THE_SILENT","items_purchased":["Noxious Fumes","Dagger Spray","Bag of Marbles","Membership Card","Blood Vial","Deadly Poison+1"],"campfire_rested":4,"item_purchase_floors":[0,0,0,27,27,27],"current_hp_per_floor":[48,48,48,48,48,48,42,42,42,7,7,28,28,28,49,27,70,70,70,64,49,35,49,28,42,42,42,42,42,44,46,46,20,49,39,39,51,53,57,0],"gold":1485,"neow_bonus":"","is_prod":false,"is_daily":false,"chose_seed":false,"campfire_upgraded":4,"win_rate":0,"timestamp":1562818124,"path_taken":["M","M","M","?","?","R","E","R","T","E","?","R","M","$","R","BOSS","M","M","?","?","M","R","E","R","T","$","R","?","E","?","R","BOSS","M","?","?","M","M","E"],"build_version":"2019-07-05","purchased_purges":2,"victory":false,"max_hp_per_floor":[70,70,70,70,70,70,70,70,70,70,70,70,70,70,70,70,70,70,70,70,49,49,49,49,49,49,49,49,49,49,49,49,49,49,49,49,61,61,61,61],"card_choices":[{"not_picked":["hubris:Sniper","Terror"],"picked":"Dodge and Roll","floor":1},{"not_picked":["Well Laid Plans","Sucker Punch"],"picked":"Backstab","floor":1},{"not_picked":["Bane","Dagger Spray"],"picked":"Leg Sweep","floor":2},{"not_picked":["All Out Attack","Dagger Throw","Deflect"],"picked":"SKIP","floor":2},{"not_picked":["Flying Knee","Dagger Spray"],"picked":"Backstab","floor":3},{"not_picked":["Noxious Fumes","Infinite Blades","Outmaneuver"],"picked":"SKIP","floor":3},{"not_picked":["After Image","Quick Slash","Prepared"],"picked":"SKIP","floor":5},{"not_picked":["Reflex","Choke","Backstab"],"picked":"SKIP","floor":5},{"not_picked":["Underhanded Strike","Blade Dance","Phantasmal Killer"],"picked":"SKIP","floor":7},{"not_picked":["Grand Finale","Noxious Fumes"],"picked":"Blur+1","floor":10},{"not_picked":["Dodge and Roll+1","Deadly Poison+1"],"picked":"Backstab","floor":11},{"not_picked":["Bane","Finisher","Underhanded Strike"],"picked":"SKIP","floor":11},{"not_picked":["Flying Knee","Underhanded Strike"],"picked":"Dodge and Roll+1","floor":13},{"not_picked":["Noxious Fumes","Blade Dance+1","Underhanded Strike"],"picked":"SKIP","floor":13},{"not_picked":["Tools of the Trade","Grand Finale"],"picked":"Phantasmal Killer+1","floor":16},{"not_picked":["Bane+1","Dodge and Roll+1"],"picked":"Dagger Spray+1","floor":18},{"not_picked":["hubris:TrickCloak+1","Distraction+1","Deadly Poison+1"],"picked":"SKIP","floor":18},{"not_picked":["Sucker Punch","Prepared+1"],"picked":"Deflect+1","floor":19},{"not_picked":["Dodge and Roll+1","Concentrate+1","Sucker Punch"],"picked":"SKIP","floor":19},{"not_picked":["Deadly Poison+1","Heel Hook+1"],"picked":"PiercingWail+1","floor":22},{"not_picked":["hubris:TrickCloak+1","Flying Knee","Burst+1"],"picked":"SKIP","floor":22},{"not_picked":["Bane","Underhanded Strike+1"],"picked":"Dodge and Roll+1","floor":24},{"not_picked":["Deflect+1","Calculated Gamble+1"],"picked":"Backflip+1","floor":30},{"not_picked":["Flying Knee","Deadly Poison+1"],"picked":"Blade Dance+1","floor":31},{"not_picked":["Storm of Steel+1","Bullet Time+1"],"picked":"Doppelganger+1","floor":33},{"not_picked":["Infinite Blades","Bouncing Flask+1"],"picked":"Blur+1","floor":35},{"not_picked":["Slice+1","Blade Dance+1","Outmaneuver+1"],"picked":"SKIP","floor":35},{"not_picked":["hubris:TrickCloak+1","Poisoned Stab","Prepared+1"],"picked":"SKIP","floor":38},{"not_picked":["Eviscerate","All Out Attack","Dagger Throw"],"picked":"SKIP","floor":38},{"not_picked":["Flechettes+1","Phantasmal Killer+1"],"picked":"Deadly Poison+1","floor":39},{"not_picked":["Poisoned Stab+1","Prepared+1","Blade Dance+1"],"picked":"SKIP","floor":39}],"player_experience":395233,"relics_obtained":[{"floor":7,"key":"Darkstone Periapt"},{"floor":9,"key":"Toxic Egg 2"},{"floor":10,"key":"Bag of Preparation"},{"floor":24,"key":"Ninja Scroll"},{"floor":26,"key":"War Paint"},{"floor":30,"key":"Peace Pipe"},{"floor":31,"key":"Red Mask"}],"event_choices":[{"damage_healed":0,"gold_gain":0,"player_choice":"Joined the Cult","damage_taken":6,"max_hp_gain":0,"max_hp_loss":0,"event_name":"Nest","floor":20,"gold_loss":0,"cards_obtained":["RitualDagger"]},{"damage_healed":0,"gold_gain":0,"player_choice":"Became a vampire","damage_taken":0,"max_hp_gain":0,"max_hp_loss":21,"event_name":"Vampires","floor":21,"gold_loss":0,"cards_obtained":["Bite","Bite","Bite","Bite","Bite"]},{"damage_healed":0,"gold_gain":0,"player_choice":"Fought Bandits","damage_taken":0,"max_hp_gain":0,"max_hp_loss":0,"event_name":"Masked Bandits","floor":31,"gold_loss":0},{"damage_healed":0,"gold_gain":222,"player_choice":"Wore Mask","damage_taken":0,"max_hp_gain":0,"max_hp_loss":0,"event_name":"Tomb of Lord Red Mask","floor":36,"gold_loss":0},{"damage_healed":0,"gold_gain":999,"player_choice":"Gold","damage_taken":0,"max_hp_gain":0,"max_hp_loss":0,"event_name":"MindBloom","floor":37,"gold_loss":0,"cards_obtained":["Normality","Normality"]}],"is_beta":false,"boss_relics":[{"not_picked":["Snecko Eye","Lizard Tail"],"picked":"hubris:GrandSneckoEye"},{"not_picked":["Tiny House","Runic Pyramid"],"picked":"Ring of the Serpent"}],"items_purged_floors":[0,14],"is_endless":false,"potions_floor_spawned":[1,3,10,13,16,18,19,24,33,35],"killed_by":"Giant Head","ascension_level":4}