{"gold_per_floor":[135,135,168,207,246,333,333,369,369,414,128,128,206,251,251,563,563,599,599,482,521,250,334,334,433,459,157,157,181,223,256,256,562,562,616,616,676,676,636,681,681,681,681,681,362,362,9,93,93,93],"floor_reached":51,"playtime":2163,"items_purged":[],"score":963,"play_id":"97c23d5c-a3be-42ed-b86a-99611b8f2baa","local_time":"20190727105142","daily_mods":["Heirloom","Hoarder","Midas"],"is_ascension_mode":true,"campfire_choices":[{"floor":7,"key":"REST"},{"floor":12,"key":"REST"},{"floor":15,"key":"REST"},{"floor":24,"key":"REST"},{"floor":28,"key":"REST"},{"floor":32,"key":"REST"},{"floor":44,"key":"REST"},{"floor":46,"key":"REST"},{"floor":49,"key":"REST"}],"neow_cost":"","seed_source_timestamp":0,"circlet_count":0,"master_deck":["Strike_G+1","Strike_G+1","Strike_G+1","Strike_G+1","Defend_G+1","Defend_G+1","Defend_G+1","Survivor+1","Neutralize+1","Cloak And Dagger+1","Cloak And Dagger+1","Cloak And Dagger+1","Terror+1","Terror+1","Terror+1","Corpse Explosion+1","Corpse Explosion+1","Dagger Spray+1","Dagger Spray+1","Dagger Spray+1","Footwork+1","Footwork+1","Footwork+1","Backflip+1","Backflip+1","Backflip+1","Bullet Time+1","Bullet Time+1","Bullet Time+1","Burst+1","Burst+1","Burst+1","Dash+1","Dash+1","Dash+1","Cloak And Dagger+1","Cloak And Dagger+1","Cloak And Dagger+1"],"relics":["Ring of the Snake","Tough Bandages","Ginger","Dead Branch","Sling","Calipers","Busted Crown","StoneCalendar","Omamori","Tiny Chest","Blood Vial","Nunchaku","Potion Belt","Bag of Preparation","Regal Pillow","Orichalcum","Black Star","Mark of the Bloom","PreservedInsect","Strawberry","Happy Flower","HandDrill","Centennial Puzzle","Boot"],"potions_floor_usage":[6,8,23,23,33,35],"damage_taken":[{"damage":0,"enemies":"2 Louse","floor":1,"turns":3},{"damage":0,"enemies":"Jaw Worm","floor":3,"turns":4},{"damage":4,"enemies":"Small Slimes","floor":4,"turns":3},{"damage":0,"enemies":"2 Fungi Beasts","floor":5,"turns":4},{"damage":47,"enemies":"Gremlin Nob","floor":6,"turns":6},{"damage":3,"enemies":"3 Louse","floor":8,"turns":2},{"damage":10,"enemies":"Exordium Thugs","floor":10,"turns":3},{"damage":20,"enemies":"Lagavulin","floor":13,"turns":7},{"damage":10,"enemies":"Red Slaver","floor":14,"turns":4},{"damage":11,"enemies":"Hexaghost","floor":16,"turns":11},{"damage":21,"enemies":"2 Thieves","floor":18,"turns":3},{"damage":0,"enemies":"Chosen","floor":21,"turns":5},{"damage":17,"enemies":"Slavers","floor":23,"turns":2},{"damage":26,"enemies":"Book of Stabbing","floor":25,"turns":6},{"damage":6,"enemies":"Snake Plant","floor":30,"turns":3},{"damage":4,"enemies":"Centurion and Healer","floor":31,"turns":4},{"damage":65,"enemies":"Champ","floor":33,"turns":13},{"damage":10,"enemies":"3 Shapes","floor":35,"turns":6},{"damage":0,"enemies":"Orb Walker","floor":37,"turns":2},{"damage":4,"enemies":"Maw","floor":40,"turns":8},{"damage":0,"enemies":"Giant Head","floor":48,"turns":4},{"damage":0,"enemies":"Donu and Deca","floor":50,"turns":5}],"seed_played":"3355657743923918822","potions_obtained":[{"floor":1,"key":"EssenceOfSteel"},{"floor":8,"key":"Fruit Juice"},{"floor":10,"key":"SmokeBomb"},{"floor":14,"key":"Regen Potion"},{"floor":21,"key":"SpeedPotion"},{"floor":31,"key":"Poison Potion"},{"floor":33,"key":"Energy Potion"},{"floor":40,"key":"Block Potion"}],"is_trial":true,"path_per_floor":["M","?","M","M","M","E","R","M","T","M","$","R","E","M","R","B",null,"M","?","?","M","$","E","R","E","T","$","R","T","M","M","R","B",null,"M","?","M","?","?","M","?","?","T","R","$","R","$","E","R","B",null],"character_chosen":"THE_SILENT","items_purchased":["Footwork","Sling","Omamori","Tiny Chest","Bag of Preparation","Regal Pillow","Strawberry","Strength Potion","LiquidBronze","FearPotion","Happy Flower","HandDrill"],"campfire_rested":9,"item_purchase_floors":[11,11,22,22,27,27,45,45,45,45,47,47],"current_hp_per_floor":[70,70,70,66,66,19,40,42,42,32,32,54,34,24,46,35,75,54,54,54,54,54,42,64,40,40,40,75,75,69,67,75,10,75,65,65,67,67,67,65,65,65,65,65,65,65,65,65,65,65],"gold":93,"neow_bonus":"","is_prod":false,"is_daily":false,"chose_seed":false,"campfire_upgraded":0,"win_rate":0,"timestamp":1564242702,"path_taken":["M","?","M","M","?","E","R","M","T","M","$","R","E","M","R","BOSS","M","?","?","?","$","E","R","E","T","$","R","?","M","M","R","BOSS","M","?","M","?","?","?","?","?","T","R","$","R","$","E","R","BOSS"],"build_version":"2019-07-17","purchased_purges":0,"victory":true,"max_hp_per_floor":[70,70,70,70,70,70,70,75,75,75,75,75,75,75,75,75,75,75,75,75,75,75,75,75,75,75,75,75,75,75,75,75,75,75,75,75,75,75,75,75,75,75,75,75,82,82,82,82,82,82],"card_choices":[{"not_picked":["Blade Dance","Escape Plan"],"picked":"Cloak And Dagger","floor":1},{"not_picked":["PiercingWail","Finisher","Cloak And Dagger"],"picked":"SKIP","floor":3},{"not_picked":["Blade Dance","Distraction"],"picked":"Terror","floor":4},{"not_picked":["Blade Dance","Outmaneuver","Prepared"],"picked":"SKIP","floor":5},{"not_picked":["Underhanded Strike","Acrobatics"],"picked":"Corpse Explosion","floor":6},{"not_picked":["Cloak And Dagger","Accuracy","Poisoned Stab"],"picked":"SKIP","floor":8},{"not_picked":["Dagger Throw","Dodge and Roll"],"picked":"Dagger Spray","floor":10},{"not_picked":["Flechettes","Skewer"],"picked":"Backflip","floor":13},{"not_picked":["Tactician","Outmaneuver","Deadly Poison"],"picked":"SKIP","floor":14},{"not_picked":["After Image","Burst"],"picked":"Bullet Time","floor":16},{"not_picked":["Bane"],"picked":"SKIP","floor":18},{"not_picked":[],"picked":"Cloak And Dagger+1","floor":21},{"not_picked":["Outmaneuver"],"picked":"SKIP","floor":23},{"not_picked":["Deadly Poison"],"picked":"SKIP","floor":25},{"not_picked":["Finisher+1"],"picked":"SKIP","floor":30},{"not_picked":["Dagger Spray+1"],"picked":"SKIP","floor":31},{"not_picked":["Backflip+1"],"picked":"SKIP","floor":35},{"not_picked":["Dagger Spray+1"],"picked":"SKIP","floor":37},{"not_picked":["Dodge and Roll+1"],"picked":"SKIP","floor":40},{"not_picked":["Prepared+1"],"picked":"SKIP","floor":48}],"player_experience":429725,"relics_obtained":[{"floor":6,"key":"Ginger"},{"floor":9,"key":"Dead Branch"},{"floor":13,"key":"Calipers"},{"floor":23,"key":"Blood Vial"},{"floor":25,"key":"Nunchaku"},{"floor":26,"key":"Potion Belt"},{"floor":29,"key":"Orichalcum"},{"floor":43,"key":"PreservedInsect"},{"floor":48,"key":"Centennial Puzzle"},{"floor":48,"key":"Boot"}],"event_choices":[{"cards_removed":["Defend_G"],"damage_healed":0,"gold_gain":0,"player_choice":"Purged","damage_taken":0,"max_hp_gain":0,"max_hp_loss":0,"event_name":"Purifier","floor":2,"gold_loss":0},{"damage_healed":0,"gold_gain":0,"cards_transformed":["Strike_G","Defend_G"],"player_choice":"Became Test Subject","damage_taken":0,"max_hp_gain":0,"max_hp_loss":0,"event_name":"Drug Dealer","floor":19,"gold_loss":0,"cards_obtained":["Burst","Dash"]},{"damage_healed":0,"gold_gain":0,"player_choice":"Paid Gold","damage_taken":0,"relics_obtained":["StoneCalendar"],"max_hp_gain":0,"max_hp_loss":0,"event_name":"WeMeetAgain","floor":20,"gold_loss":117},{"damage_healed":0,"gold_gain":0,"player_choice":"Ignored","damage_taken":0,"max_hp_gain":0,"max_hp_loss":0,"event_name":"Tomb of Lord Red Mask","floor":36,"gold_loss":0},{"damage_healed":0,"gold_gain":0,"player_choice":"Ignored","damage_taken":0,"max_hp_gain":0,"max_hp_loss":0,"event_name":"Mysterious Sphere","floor":38,"gold_loss":0},{"damage_healed":0,"gold_gain":0,"player_choice":"Upgraded Two","damage_taken":0,"max_hp_gain":0,"max_hp_loss":0,"event_name":"Designer","floor":39,"gold_loss":40,"cards_upgraded":["Footwork","Backflip"]},{"damage_healed":0,"gold_gain":0,"player_choice":"Upgrade","damage_taken":0,"relics_obtained":["Mark of the Bloom"],"max_hp_gain":0,"max_hp_loss":0,"event_name":"MindBloom","floor":41,"gold_loss":0,"cards_upgraded":["Strike_G","Strike_G","Strike_G","Strike_G","Defend_G","Defend_G","Defend_G","Survivor","Neutralize","Cloak And Dagger","Cloak And Dagger","Cloak And Dagger","Terror","Terror","Terror","Corpse Explosion","Corpse Explosion","Corpse Explosion","Dagger Spray","Dagger Spray","Dagger Spray","Footwork","Footwork","Backflip","Backflip","Bullet Time","Bullet Time","Bullet Time","Burst","Burst","Burst","Dash","Dash","Dash"]},{"cards_removed":["Corpse Explosion"],"damage_healed":0,"gold_gain":0,"player_choice":"Removed Skill","damage_taken":0,"max_hp_gain":0,"max_hp_loss":0,"event_name":"Falling","floor":42,"gold_loss":0}],"is_beta":false,"boss_relics":[{"not_picked":["White Beast Statue","Eternal Feather"],"picked":"Busted Crown"},{"not_picked":["Coffee Dripper","Runic Dome"],"picked":"Black Star"}],"items_purged_floors":[],"is_endless":false,"potions_floor_spawned":[1,8,10,14,21,31,33,40,48],"ascension_level":1}