{"gold_per_floor":[116,116,116,133,143,143,143,143,168,168,199,209,221,250,250,250],"floor_reached":16,"playtime":351,"items_purged":[],"score":220,"play_id":"60e1350d-5c17-4d59-977e-7150e6f36ccd","local_time":"20190705194112","is_ascension_mode":true,"campfire_choices":[{"data":"Zap","floor":6,"key":"SMITH"},{"data":"Strike_B","floor":8,"key":"SMITH"},{"data":"Strike_B","floor":10,"key":"SMITH"},{"data":"Machine Learning","floor":15,"key":"SMITH"}],"neow_cost":"NONE","seed_source_timestamp":388861938180,"circlet_count":0,"master_deck":["AscendersBane","Strike_B","Strike_B","Strike_B+1","Strike_B+1","Defend_B","Defend_B","Defend_B","Defend_B","Zap+1","Dualcast","FTL","Gash","Pain","Chill","Cold Snap","Machine Learning+1"],"relics":["Cracked Core","NeowsBlessing","Smiling Mask","Bag of Preparation","WarpedTongs","DataDisk","Oddly Smooth Stone","Molten Egg 2"],"potions_floor_usage":[14,16],"damage_taken":[{"damage":0,"enemies":"Small Slimes","floor":1,"turns":1},{"damage":0,"enemies":"Jaw Worm","floor":4,"turns":1},{"damage":0,"enemies":"Cultist","floor":5,"turns":1},{"damage":17,"enemies":"Gremlin Nob","floor":11,"turns":3},{"damage":6,"enemies":"Looter","floor":12,"turns":3},{"damage":0,"enemies":"Red Slaver","floor":13,"turns":2},{"damage":9,"enemies":"Lagavulin","floor":14,"turns":5},{"damage":37,"enemies":"Hexaghost","floor":16,"turns":9}],"seed_played":"-4291351100111823198","potions_obtained":[{"floor":11,"key":"Poison Potion"},{"floor":12,"key":"Energy Potion"},{"floor":13,"key":"FairyPotion"},{"floor":14,"key":"Block Potion"}],"is_trial":false,"path_per_floor":["M","?","?","M","M","R","?","R","T","R","E","M","M","E","R","B"],"character_chosen":"DEFECT","items_purchased":[],"campfire_rested":0,"item_purchase_floors":[],"current_hp_per_floor":[64,53,53,53,53,53,53,53,53,53,36,30,30,21,21,0],"gold":250,"neow_bonus":"THREE_ENEMY_KILL","is_prod":false,"is_daily":false,"chose_seed":false,"campfire_upgraded":4,"win_rate":0,"timestamp":1562348472,"path_taken":["M","?","?","?","M","R","?","R","T","R","E","M","M","E","R","BOSS"],"build_version":"2019-07-03","purchased_purges":0,"victory":false,"max_hp_per_floor":[71,71,71,71,71,71,71,71,71,71,71,71,71,71,71,71],"card_choices":[{"not_picked":["Compile Driver","Turbo"],"picked":"Reinforced Body","floor":1},{"not_picked":["Scrape","Recycle"],"picked":"FTL","floor":4},{"not_picked":["Go for the Eyes","Steam"],"picked":"Gash","floor":5},{"not_picked":["Compile Driver","Darkness"],"picked":"Chill","floor":11},{"not_picked":["Beam Cell","Ball Lightning"],"picked":"Cold Snap","floor":12},{"not_picked":["Stack","Streamline","Aggregate"],"picked":"SKIP","floor":13},{"not_picked":["Hello World","Auto Shields"],"picked":"Machine Learning","floor":14}],"player_experience":1809437,"relics_obtained":[{"floor":9,"key":"DataDisk"},{"floor":11,"key":"Oddly Smooth Stone"},{"floor":14,"key":"Molten Egg 2"}],"event_choices":[{"damage_healed":0,"gold_gain":0,"player_choice":"Success","damage_taken":11,"relics_obtained":["Smiling Mask"],"max_hp_gain":0,"max_hp_loss":0,"event_name":"Scrap Ooze","floor":2,"gold_loss":0},{"cards_removed":["Reinforced Body"],"damage_healed":0,"gold_gain":0,"player_choice":"Gave Card","damage_taken":0,"relics_obtained":["Bag of Preparation"],"max_hp_gain":0,"max_hp_loss":0,"event_name":"WeMeetAgain","floor":3,"gold_loss":0},{"damage_healed":0,"gold_gain":0,"player_choice":"Rummage","damage_taken":0,"relics_obtained":["WarpedTongs"],"max_hp_gain":0,"max_hp_loss":0,"event_name":"Accursed Blacksmith","floor":7,"gold_loss":0,"cards_obtained":["Pain"]}],"is_beta":true,"boss_relics":[],"items_purged_floors":[],"is_endless":false,"potions_floor_spawned":[11,12,13,14],"killed_by":"Hexaghost","ascension_level":20}