{"gold_per_floor":[109,120,120,120,135,135,14,14,14,44,44,74,74,86,86,163,163,181,14,29,43,43,43,68,85,85,112,112],"floor_reached":28,"playtime":2649,"items_purged":[],"score":532,"play_id":"2575e773-08a2-48f7-8992-4ada5cdc0223","local_time":"20190809145259","is_ascension_mode":true,"campfire_choices":[{"data":"Deadly Poison","floor":6.0,"key":"SMITH"},{"floor":8.0,"key":"REST"},{"floor":11.0,"key":"REST"},{"data":"Malaise","floor":15.0,"key":"SMITH"},{"floor":23.0,"key":"REST"}],"neow_cost":"NONE","seed_source_timestamp":648996903798700,"circlet_count":0,"master_deck":["AscendersBane","Strike_G","Strike_G","Strike_G","Strike_G","Strike_G","Defend_G","Defend_G","Defend_G+1","Defend_G","Defend_G+1","Survivor","Neutralize","Leg Sweep","Flechettes","Deadly Poison+1","Footwork","Crippling Poison","Deflect","Malaise+1","Blade Dance","Night Terror","Footwork","Backflip","Cloak And Dagger","Backstab","Blade Dance","Noxious Fumes"],"special_seed":0,"relics":["Ring of the Snake","Regal Pillow","Shuriken","Tough Bandages","Matryoshka","Omamori","Singing Bowl","Busted Crown","Nilry\u0027s Codex","Torii","Orichalcum","Bottled Flame","Ninja Scroll"],"potions_floor_usage":[],"damage_taken":[{"damage":12.0,"enemies":"Jaw Worm","floor":1.0,"turns":7.0},{"damage":1.0,"enemies":"2 Louse","floor":2.0,"turns":5.0},{"damage":0.0,"enemies":"Cultist","floor":5.0,"turns":4.0},{"damage":44.0,"enemies":"3 Sentries","floor":10.0,"turns":17.0},{"damage":17.0,"enemies":"Lagavulin","floor":12.0,"turns":7.0},{"damage":5.0,"enemies":"Lots of Slimes","floor":14.0,"turns":4.0},{"damage":15.0,"enemies":"Hexaghost","floor":16.0,"turns":15.0},{"damage":1.0,"enemies":"3 Byrds","floor":18.0,"turns":5.0},{"damage":0.0,"enemies":"Spheric Guardian","floor":20.0,"turns":4.0},{"damage":15.0,"enemies":"3 Cultists","floor":21.0,"turns":7.0},{"damage":22.0,"enemies":"Slavers","floor":24.0,"turns":9.0},{"damage":8.0,"enemies":"Centurion and Healer","floor":25.0,"turns":9.0},{"damage":22,"enemies":"Gremlin Leader","floor":27,"turns":11},{"damage":10,"enemies":"Cultist and Chosen","floor":28,"turns":3}],"seed_played":"-8180879768760875515","potions_obtained":[{"floor":1.0,"key":"Block Potion"},{"floor":2.0,"key":"FairyPotion"},{"floor":16.0,"key":"SpeedPotion"},{"floor":20.0,"key":"GhostInAJar"},{"floor":21.0,"key":"Fire Potion"}],"is_trial":false,"path_per_floor":["M","M","?","?","M","R","$","R","T","E","R","E","T","M","R","B",null,"M","$","M","M","?","R","E","M","T","E","M"],"character_chosen":"THE_SILENT","items_purchased":["Footwork","Crippling Poison","Footwork","Backflip","Cloak And Dagger"],"campfire_rested":3,"item_purchase_floors":[7,7,19,19,19],"current_hp_per_floor":[47,46,26,26,26,26,26,60,60,16,50,33,33,28,28,13,53,54,54,54,41,20,56,36,28,28,6,0],"gold":112,"neow_bonus":"RANDOM_COMMON_RELIC","is_prod":false,"is_daily":false,"chose_seed":false,"campfire_upgraded":2,"win_rate":0,"timestamp":1565387579,"path_taken":["M","M","?","?","M","R","?","R","T","E","R","E","?","?","R","BOSS","M","$","?","?","?","R","E","M","T","E","M"],"build_version":"2019-07-17","purchased_purges":0,"victory":false,"max_hp_per_floor":[66,66,66,66,66,66,66,66,66,66,66,66,66,66,66,66,66,68,68,68,70,70,70,72,72,72,72,72],"card_choices":[{"not_picked":["Blade Dance","Sucker Punch"],"picked":"Leg Sweep","floor":1.0},{"not_picked":["Infinite Blades","Dagger Throw"],"picked":"Flechettes","floor":2.0},{"not_picked":["Flying Knee","Outmaneuver"],"picked":"Deadly Poison","floor":5.0},{"not_picked":["Underhanded Strike","Choke"],"picked":"Deflect","floor":10.0},{"not_picked":["Riddle With Holes","Blade Dance"],"picked":"Malaise","floor":12.0},{"not_picked":["Bane","Crippling Poison"],"picked":"Blade Dance","floor":14.0},{"not_picked":["A Thousand Cuts","Venomology"],"picked":"Night Terror","floor":16.0},{"not_picked":["Sucker Punch"],"picked":"Singing Bowl","floor":18.0},{"not_picked":[],"picked":"Backstab","floor":20.0},{"not_picked":["Backstab"],"picked":"Singing Bowl","floor":21.0},{"not_picked":["Flying Knee"],"picked":"Singing Bowl","floor":24.0},{"not_picked":[],"picked":"Blade Dance","floor":25.0},{"not_picked":[],"picked":"Noxious Fumes","floor":27}],"player_experience":1334128,"relics_obtained":[{"floor":9.0,"key":"Shuriken"},{"floor":10.0,"key":"Tough Bandages"},{"floor":12.0,"key":"Matryoshka"},{"floor":13.0,"key":"Omamori"},{"floor":13.0,"key":"Singing Bowl"},{"floor":22.0,"key":"Nilry\u0027s Codex"},{"floor":24.0,"key":"Torii"},{"floor":26.0,"key":"Orichalcum"},{"floor":26.0,"key":"Bottled Flame"},{"floor":27,"key":"Ninja Scroll"}],"event_choices":[{"damage_healed":0.0,"max_hp_gain":0.0,"max_hp_loss":0.0,"gold_gain":0.0,"event_name":"Shining Light","player_choice":"Entered Light","floor":3.0,"gold_loss":0.0,"damage_taken":20.0,"cards_upgraded":["Defend_G","Defend_G"]},{"damage_healed":0.0,"max_hp_gain":0.0,"max_hp_loss":0.0,"gold_gain":0.0,"event_name":"Liars Game","player_choice":"Ignored","floor":4.0,"gold_loss":0.0,"damage_taken":0.0},{"damage_healed":0.0,"max_hp_gain":0.0,"max_hp_loss":0.0,"gold_gain":0.0,"event_name":"Cursed Tome","player_choice":"Obtained Book","floor":22.0,"gold_loss":0.0,"damage_taken":21.0}],"is_beta":false,"boss_relics":[{"not_picked":["Lizard Tail","Fusion Hammer"],"picked":"Busted Crown"}],"items_purged_floors":[],"is_endless":false,"potions_floor_spawned":[1,2,16,20,21],"killed_by":"Cultist and Chosen","ascension_level":20}