{"gold_per_floor":[114,289,76,76,76,101,118,118,168,193,36,60,102,133,145,256,268,297,309,77,111,111,111,142,142,142,142,142,152,27,42,42,140,190,209,309,319,319,336,354,354,354,380,394,394,407,419,430,430,430],"floor_reached":50,"playtime":2465,"items_purged":["Doubt","Strike_B","Strike_B"],"score":671,"play_id":"5e99dac0-4c12-4ba7-9a43-561054ce5292","local_time":"20190701220815","is_ascension_mode":true,"campfire_choices":[{"data":"Good Instincts","floor":8,"key":"SMITH"},{"floor":15,"key":"REST"},{"data":"Zap","floor":23,"key":"SMITH"},{"data":"Scrape","floor":25,"key":"SMITH"},{"floor":28,"key":"RECALL"},{"data":"Go for the Eyes","floor":32,"key":"SMITH"},{"floor":42,"key":"REST"},{"data":"Gash","floor":49,"key":"SMITH"}],"neow_cost":"NONE","seed_source_timestamp":9788333005736,"circlet_count":0,"master_deck":["Strike_B+1","Strike_B+1","Defend_B+1","Defend_B+1","Defend_B+1","Zap+1","Dualcast+1","Machine Learning+1","Auto Shields+1","Good Instincts+1","Go for the Eyes+1","Self Repair+1","Go for the Eyes+1","Scrape+1","FTL+1","Machine Learning+1","Gash+1","Redo+1","Gash+1","Redo+1","Loop+1","Echo Form+1","Scrape+1","Gash+1","Melter+1","Beam Cell+1","Deep Breath+1","Good Instincts+1","Conserve Battery+1","Go for the Eyes+1","Gash+1","Parasite","Gash+1"],"relics":["Cracked Core","Whetstone","Mercury Hourglass","Vajra","MawBank","Bag of Preparation","Nuclear Battery","War Paint","Red Mask","Regal Pillow","Dream Catcher","Gambling Chip","Tiny House","Juzu Bracelet","Mark of the Bloom"],"potions_floor_usage":[6,46,47,50],"damage_taken":[{"damage":12,"enemies":"Jaw Worm","floor":1,"turns":3},{"damage":4,"enemies":"3 Sentries","floor":6,"turns":6},{"damage":0,"enemies":"Small Slimes","floor":7,"turns":2},{"damage":22,"enemies":"Lagavulin","floor":10,"turns":8},{"damage":24,"enemies":"Gremlin Nob","floor":13,"turns":4},{"damage":7,"enemies":"2 Louse","floor":14,"turns":2},{"damage":6,"enemies":"Hexaghost","floor":16,"turns":9},{"damage":2,"enemies":"Shell Parasite","floor":18,"turns":4},{"damage":10,"enemies":"Masked Bandits","floor":21,"turns":3},{"damage":5,"enemies":"Gremlin Leader","floor":24,"turns":6},{"damage":0,"enemies":"3 Byrds","floor":29,"turns":3},{"damage":0,"enemies":"Cultist and Chosen","floor":31,"turns":5},{"damage":36,"enemies":"Automaton","floor":33,"turns":8},{"damage":0,"enemies":"3 Shapes","floor":35,"turns":2},{"damage":7,"enemies":"Orb Walker","floor":37,"turns":3},{"damage":6,"enemies":"Sphere and 2 Shapes","floor":39,"turns":3},{"damage":41,"enemies":"Writhing Mass","floor":40,"turns":6},{"damage":25,"enemies":"Maw","floor":44,"turns":5},{"damage":11,"enemies":"Sphere and 2 Shapes","floor":46,"turns":3},{"damage":5,"enemies":"Spire Growth","floor":47,"turns":3},{"damage":28,"enemies":"Writhing Mass","floor":48,"turns":5},{"damage":8,"enemies":"Donu and Deca","floor":50,"turns":1}],"seed_played":"-3582407354853966907","potions_obtained":[{"floor":1,"key":"AttackPotion"},{"floor":13,"key":"FearPotion"},{"floor":14,"key":"FocusPotion"},{"floor":16,"key":"Strength Potion"},{"floor":24,"key":"Strength Potion"},{"floor":44,"key":"Poison Potion"},{"floor":46,"key":"Regen Potion"},{"floor":48,"key":"PowerPotion"}],"is_trial":false,"path_per_floor":["M","?","$","?","$","E","M","R","T","E","$","T","E","M","R","B",null,"M","?","$","?","?","R","E","R","T","T","R","M","$","M","R","B",null,"M","?","M","?","M","M","?","R","T","M","?","M","M","M","R","B"],"character_chosen":"DEFECT","items_purchased":["Good Instincts","Go for the Eyes","Vajra","War Paint"],"campfire_rested":2,"item_purchase_floors":[3,3,11,20],"current_hp_per_floor":[56,56,56,49,49,45,45,45,45,30,30,30,13,6,28,29,64,69,69,69,66,52,52,54,54,54,54,54,61,61,68,68,39,75,75,75,75,75,69,35,25,65,65,47,47,36,31,3,3,0],"gold":430,"neow_bonus":"ONE_RANDOM_RARE_CARD","is_prod":false,"is_daily":false,"chose_seed":false,"campfire_upgraded":5,"win_rate":0,"timestamp":1561986495,"path_taken":["M","?","?","?","$","E","M","R","T","E","?","?","E","M","R","BOSS","M","?","$","?","?","R","E","R","T","?","R","M","$","M","R","BOSS","M","?","?","?","M","M","?","R","T","M","?","M","M","M","R","BOSS"],"build_version":"2019-01-23","purchased_purges":3,"victory":false,"max_hp_per_floor":[75,75,75,75,75,75,75,75,75,75,75,75,75,75,75,75,75,75,75,75,75,80,80,80,80,80,80,80,80,80,80,80,80,85,85,85,85,85,85,85,85,85,85,85,85,85,85,85,85,85],"card_choices":[{"not_picked":["Genetic Algorithm","Rebound"],"picked":"Auto Shields","floor":1},{"not_picked":["Rip and Tear","Hello World"],"picked":"Self Repair","floor":6},{"not_picked":["Redo","Genetic Algorithm"],"picked":"Go for the Eyes","floor":7},{"not_picked":["Compile Driver","Turbo"],"picked":"Scrape","floor":10},{"not_picked":["Reprogram","Coolheaded"],"picked":"FTL","floor":13},{"not_picked":["Compile Driver","Conserve Battery","Turbo"],"picked":"SKIP","floor":14},{"not_picked":["Multi-Cast","Seek"],"picked":"Machine Learning","floor":16},{"not_picked":["Auto Shields","Compile Driver","Coolheaded"],"picked":"SKIP","floor":18},{"not_picked":["Streamline+1","Compile Driver"],"picked":"Redo+1","floor":21},{"not_picked":["Rip and Tear+1","Stack"],"picked":"Gash","floor":24},{"not_picked":["Stack","Streamline"],"picked":"Redo+1","floor":29},{"not_picked":["Amplify","Redo"],"picked":"Loop+1","floor":31},{"not_picked":["Fission","Core Surge"],"picked":"Echo Form","floor":33},{"not_picked":["Stack","Rebound"],"picked":"Scrape","floor":34},{"not_picked":["Hologram","Skim","Fusion+1"],"picked":"SKIP","floor":35},{"not_picked":["Hologram+1","Ball Lightning+1"],"picked":"Gash","floor":37},{"not_picked":["White Noise","Leap"],"picked":"Melter+1","floor":39},{"not_picked":["Conserve Battery","Sunder"],"picked":"Beam Cell+1","floor":40},{"not_picked":["Impatience","Madness"],"picked":"Deep Breath","floor":41},{"not_picked":["Purity","Discovery"],"picked":"Good Instincts","floor":41},{"not_picked":["Ball Lightning+1","Cold Snap"],"picked":"Conserve Battery+1","floor":42},{"not_picked":["Blizzard","Rebound","Fusion+1"],"picked":"SKIP","floor":44},{"not_picked":["Compile Driver","Coolheaded"],"picked":"Go for the Eyes+1","floor":46},{"not_picked":["Steam","Streamline"],"picked":"Gash","floor":47},{"not_picked":["Force Field+1","Darkness+1"],"picked":"Gash+1","floor":48}],"player_experience":117286,"relics_obtained":[{"floor":6,"key":"Whetstone"},{"floor":10,"key":"Mercury Hourglass"},{"floor":12,"key":"MawBank"},{"floor":13,"key":"Bag of Preparation"},{"floor":21,"key":"Red Mask"},{"floor":24,"key":"Regal Pillow"},{"floor":26,"key":"Dream Catcher"},{"floor":27,"key":"Gambling Chip"},{"floor":43,"key":"Juzu Bracelet"}],"event_choices":[{"damage_healed":0,"gold_gain":175,"player_choice":"AGREE","damage_taken":0,"max_hp_gain":0,"max_hp_loss":0,"event_name":"Liars Game","floor":2,"gold_loss":0,"cards_obtained":["Doubt"]},{"cards_removed":["Defend_B"],"damage_healed":0,"gold_gain":0,"player_choice":"Card Removal","damage_taken":7,"max_hp_gain":0,"max_hp_loss":0,"event_name":"Golden Wing","floor":4,"gold_loss":0},{"damage_healed":0,"gold_gain":0,"player_choice":"Read","damage_taken":0,"max_hp_gain":0,"max_hp_loss":0,"event_name":"The Library","floor":19,"gold_loss":0,"cards_obtained":["Gash"]},{"damage_healed":0,"gold_gain":0,"player_choice":"Fought Bandits","damage_taken":0,"max_hp_gain":0,"max_hp_loss":0,"event_name":"Masked Bandits","floor":21,"gold_loss":0},{"damage_healed":0,"gold_gain":0,"player_choice":"Shed Blood","damage_taken":19,"max_hp_gain":5,"max_hp_loss":0,"event_name":"Forgotten Altar","floor":22,"gold_loss":0},{"damage_healed":0,"gold_gain":100,"player_choice":"Pray","damage_taken":0,"max_hp_gain":0,"max_hp_loss":0,"event_name":"Golden Shrine","floor":36,"gold_loss":0},{"damage_healed":0,"gold_gain":0,"player_choice":"Ignored","damage_taken":0,"max_hp_gain":0,"max_hp_loss":0,"event_name":"Mysterious Sphere","floor":38,"gold_loss":0},{"damage_healed":0,"gold_gain":0,"player_choice":"Memory 3","damage_taken":10,"max_hp_gain":0,"max_hp_loss":0,"event_name":"SensoryStone","floor":41,"gold_loss":0},{"damage_healed":0,"gold_gain":0,"player_choice":"Upgrade","damage_taken":0,"relics_obtained":["Mark of the Bloom"],"max_hp_gain":0,"max_hp_loss":0,"event_name":"MindBloom","floor":45,"gold_loss":0,"cards_upgraded":["Defend_B","Defend_B","Machine Learning","Auto Shields","Self Repair","Go for the Eyes","FTL","Gash","Gash","Echo Form","Scrape","Gash","Deep Breath","Good Instincts"]}],"is_beta":false,"boss_relics":[{"not_picked":["Snecko Eye","Black Star"],"picked":"Nuclear Battery"},{"not_picked":["Astrolabe","Velvet Choker"],"picked":"Tiny House"}],"items_purged_floors":[3,20,30],"is_endless":false,"potions_floor_spawned":[1,13,14,16,24,33,44,46,48],"killed_by":"Donu and Deca","ascension_level":6}