{"gold_per_floor":[109,34,49,49,63,63,83,94,94,105,136,136,136,211,211,313,313,313,313,313,132,132,132,132,132,132,132,132,132,132,32,32,32,32,32,32,32,32,32,32,32,32,32,32,32,32,32,32,32,32],"floor_reached":50,"playtime":2550,"items_purged":["Strike_B","Strike_B","Defend_B"],"score":840,"play_id":"3b6f4762-ff2e-4e04-9028-b55fee6ca3b1","local_time":"20190801140528","is_ascension_mode":true,"campfire_choices":[{"data":"Zap","floor":6.0,"key":"SMITH"},{"data":"Dualcast","floor":12.0,"key":"SMITH"},{"floor":15,"key":"REST"},{"data":"Defragment","floor":23,"key":"SMITH"},{"data":"Scrape","floor":25,"key":"SMITH"},{"floor":32,"key":"REST"},{"floor":41,"key":"REST"},{"floor":47,"key":"REST"},{"floor":49,"key":"REST"}],"neow_cost":"TEN_PERCENT_HP_LOSS","seed_source_timestamp":209166211325352,"circlet_count":0,"master_deck":["Strike_B","Defend_B","Defend_B","Zap+1","Dualcast+1","Electrodynamics","Capacitor","Scrape+1","Glacier","All For One","Go for the Eyes+1","Defragment+1","Hologram+1","Go for the Eyes+1","Gash+1","Redo+1","Steam+1","All For One+1","Dark Shackles","Redo+1","Gash+1","Recycle+1","Beam Cell+1"],"special_seed":0,"relics":["Cracked Core","Anchor","Bronze Scales","Ectoplasm","Kunai","Molten Egg 2","Nunchaku","Red Mask","The Courier","Fusion Hammer","Dream Catcher","Sundial","Regal Pillow","Juzu Bracelet"],"potions_floor_usage":[24,40,40,50,50,50],"damage_taken":[{"damage":0.0,"enemies":"Cultist","floor":1.0,"turns":3.0},{"damage":0.0,"enemies":"Small Slimes","floor":3.0,"turns":2.0},{"damage":1.0,"enemies":"2 Louse","floor":5.0,"turns":3.0},{"damage":11.0,"enemies":"Blue Slaver","floor":7.0,"turns":3.0},{"damage":9.0,"enemies":"2 Fungi Beasts","floor":8.0,"turns":3.0},{"damage":0.0,"enemies":"Looter","floor":10.0,"turns":3.0},{"damage":15.0,"enemies":"Gremlin Nob","floor":11.0,"turns":5.0},{"damage":13,"enemies":"The Guardian","floor":16,"turns":12},{"damage":2,"enemies":"Chosen","floor":18,"turns":4},{"damage":0,"enemies":"3 Byrds","floor":19,"turns":2},{"damage":8,"enemies":"Shelled Parasite and Fungi","floor":22,"turns":5},{"damage":5,"enemies":"Book of Stabbing","floor":24,"turns":4},{"damage":13,"enemies":"Gremlin Leader","floor":27,"turns":5},{"damage":6,"enemies":"Masked Bandits","floor":28,"turns":3},{"damage":0,"enemies":"Book of Stabbing","floor":30,"turns":4},{"damage":7,"enemies":"Champ","floor":33,"turns":11},{"damage":7,"enemies":"3 Shapes","floor":35,"turns":3},{"damage":0,"enemies":"3 Darklings","floor":39,"turns":2},{"damage":49,"enemies":"Nemesis","floor":40,"turns":5},{"damage":19,"enemies":"Giant Head","floor":42,"turns":8},{"damage":0,"enemies":"Writhing Mass","floor":45,"turns":5},{"damage":89,"enemies":"Donu and Deca","floor":50,"turns":5}],"seed_played":"-5848766081906535748","potions_obtained":[{"floor":1.0,"key":"EssenceOfSteel"},{"floor":7.0,"key":"PowerPotion"},{"floor":11.0,"key":"PowerPotion"},{"floor":16,"key":"SteroidPotion"},{"floor":18,"key":"FocusPotion"},{"floor":28,"key":"GamblersBrew"},{"floor":42,"key":"Ancient Potion"},{"floor":45,"key":"Poison Potion"}],"is_trial":false,"path_per_floor":["M","$","M","?","M","R","M","M","T","M","E","R","?","?","R","B",null,"M","M","?","$","M","R","E","R","T","E","?","?","E","$","R","B",null,"M","?","?","?","M","E","R","E","T","$","M","T","R","T","R","B"],"character_chosen":"DEFECT","items_purchased":["Defragment"],"campfire_rested":5,"item_purchase_floors":[21],"current_hp_per_floor":[68,68,68,73,72,72,61,52,52,52,37,37,37,26,47,34,63,61,61,61,61,53,53,48,48,48,35,29,29,29,29,50,43,66,59,59,59,59,59,10,31,12,12,12,12,12,48,48,73,0],"gold":32,"neow_bonus":"THREE_RARE_CARDS","is_prod":false,"is_daily":false,"chose_seed":false,"campfire_upgraded":4,"win_rate":0,"timestamp":1564635928,"path_taken":["M","$","M","?","M","R","M","M","T","M","E","R","?","?","R","BOSS","M","M","?","$","M","R","E","R","T","E","?","?","E","?","R","BOSS","M","?","?","?","M","E","R","E","T","?","M","?","R","?","R","BOSS"],"build_version":"2019-07-17","purchased_purges":3,"victory":false,"max_hp_per_floor":[68,68,68,73,73,73,73,73,73,73,73,73,73,73,73,73,73,73,73,73,73,73,73,73,73,73,73,73,73,73,73,73,73,73,73,73,73,73,73,73,73,73,73,73,73,73,73,73,73,73],"card_choices":[{"not_picked":["Meteor Strike","Fission"],"picked":"Electrodynamics","floor":0.0},{"not_picked":["Chill","Force Field"],"picked":"Capacitor","floor":1.0},{"not_picked":["Go for the Eyes","Hello World"],"picked":"Scrape","floor":3.0},{"not_picked":["Hologram","Streamline","Ball Lightning"],"picked":"SKIP","floor":5.0},{"not_picked":["Hologram","Streamline","Ball Lightning"],"picked":"SKIP","floor":5.0},{"not_picked":["Conserve Battery","Gash"],"picked":"Glacier","floor":7.0},{"not_picked":["Heatsinks","Core Surge","Coolheaded"],"picked":"SKIP","floor":8.0},{"not_picked":["Ball Lightning","Steam Power","Scrape"],"picked":"SKIP","floor":10.0},{"not_picked":["Turbo","Redo","Leap"],"picked":"SKIP","floor":11.0},{"not_picked":["Reboot","Buffer"],"picked":"All For One","floor":16},{"not_picked":["Reinforced Body+1","Barrage","Consume"],"picked":"SKIP","floor":18},{"not_picked":["Rip and Tear","Rebound"],"picked":"Go for the Eyes+1","floor":19},{"not_picked":["Stack","Streamline"],"picked":"Hologram+1","floor":22},{"not_picked":["Conserve Battery","Sweeping Beam+1"],"picked":"Go for the Eyes+1","floor":24},{"not_picked":["White Noise+1","Cold Snap+1"],"picked":"Gash+1","floor":27},{"not_picked":["Barrage+1","Auto Shields"],"picked":"Redo+1","floor":28},{"not_picked":["Multi-Cast","Aggregate+1"],"picked":"Steam+1","floor":30},{"not_picked":["Hyperbeam+1","Biased Cognition"],"picked":"All For One+1","floor":33},{"not_picked":["Lockon+1","Compile Driver+1","Cold Snap+1"],"picked":"SKIP","floor":35},{"not_picked":["Blind","Enlightenment"],"picked":"Dark Shackles","floor":37},{"not_picked":["Double Energy","Turbo"],"picked":"Redo+1","floor":39},{"not_picked":["Go for the Eyes+1","Turbo+1","Static Discharge"],"picked":"SKIP","floor":40},{"not_picked":["Ball Lightning+1","Tempest"],"picked":"Gash+1","floor":41},{"not_picked":["Tempest+1","Sweeping Beam+1"],"picked":"Recycle+1","floor":42},{"not_picked":["Redo","Storm"],"picked":"Beam Cell+1","floor":45}],"player_experience":182397,"relics_obtained":[{"floor":9.0,"key":"Anchor"},{"floor":11.0,"key":"Bronze Scales"},{"floor":24,"key":"Kunai"},{"floor":26,"key":"Molten Egg 2"},{"floor":27,"key":"Nunchaku"},{"floor":28,"key":"Red Mask"},{"floor":30,"key":"The Courier"},{"floor":40,"key":"Dream Catcher"},{"floor":42,"key":"Sundial"},{"floor":46,"key":"Regal Pillow"},{"floor":48,"key":"Juzu Bracelet"}],"event_choices":[{"damage_healed":0.0,"max_hp_gain":5.0,"max_hp_loss":0.0,"gold_gain":0.0,"event_name":"Big Fish","player_choice":"Donut","floor":4.0,"gold_loss":0.0,"damage_taken":0.0},{"cards_removed":["Defend_B"],"damage_healed":0,"gold_gain":0,"player_choice":"Forget","damage_taken":0,"max_hp_gain":0,"max_hp_loss":0,"event_name":"Living Wall","floor":13,"gold_loss":0},{"damage_healed":0,"gold_gain":75,"player_choice":"Gather Gold","damage_taken":11,"max_hp_gain":0,"max_hp_loss":0,"event_name":"World of Goop","floor":14,"gold_loss":0},{"damage_healed":0,"gold_gain":99,"player_choice":"Stole From Cult","damage_taken":0,"max_hp_gain":0,"max_hp_loss":0,"event_name":"Nest","floor":20,"gold_loss":0},{"damage_healed":0,"gold_gain":0,"player_choice":"Fought Bandits","damage_taken":0,"max_hp_gain":0,"max_hp_loss":0,"event_name":"Masked Bandits","floor":28,"gold_loss":0},{"cards_removed":["Strike_B"],"damage_healed":0,"gold_gain":0,"player_choice":"Elegance","damage_taken":0,"max_hp_gain":0,"max_hp_loss":0,"event_name":"Back to Basics","floor":29,"gold_loss":0},{"damage_healed":0,"gold_gain":0,"player_choice":"Ignored","damage_taken":0,"max_hp_gain":0,"max_hp_loss":0,"event_name":"Mysterious Sphere","floor":36,"gold_loss":0},{"damage_healed":0,"gold_gain":0,"player_choice":"Memory 1","damage_taken":0,"max_hp_gain":0,"max_hp_loss":0,"event_name":"SensoryStone","floor":37,"gold_loss":0},{"damage_healed":0,"gold_gain":222,"player_choice":"Wore Mask","damage_taken":0,"max_hp_gain":0,"max_hp_loss":0,"event_name":"Tomb of Lord Red Mask","floor":38,"gold_loss":0}],"is_beta":false,"boss_relics":[{"not_picked":["Eternal Feather","Busted Crown"],"picked":"Ectoplasm"},{"not_picked":["Snecko Eye","Philosopher\u0027s Stone"],"picked":"Fusion Hammer"}],"items_purged_floors":[2,21,31],"is_endless":false,"potions_floor_spawned":[1,7,11,16,18,22,28,33,39,42,45],"killed_by":"Donu and Deca","ascension_level":9}