{"gold_per_floor":[118,135,3,33,45,45,79,79,129,146,146,146,162,193,193,269,269,284,307,307,319,339,339,389,16,16,16,50,50,50,78,78,155,155,169,169,169,189,189,189,222,222,222,222,250,265,290,300,300,300,300],"floor_reached":52,"playtime":1679,"items_purged":["Strike_B","Strike_B"],"score":2168,"play_id":"7a93131d-0d22-410a-afdf-ef5a36f4e3c6","local_time":"20190811125207","is_ascension_mode":true,"campfire_choices":[{"data":"Static Discharge","floor":6.0,"key":"SMITH"},{"data":"Biased Cognition","floor":8.0,"key":"SMITH"},{"data":"Zap","floor":11.0,"key":"SMITH"},{"data":"Tempest","floor":15.0,"key":"SMITH"},{"data":"Ghostly","floor":23.0,"key":"SMITH"},{"data":"Ghostly","floor":27.0,"key":"SMITH"},{"data":"Ghostly","floor":29.0,"key":"SMITH"},{"data":"Coolheaded","floor":32.0,"key":"SMITH"},{"floor":40.0,"key":"REST"},{"data":"Chill","floor":42.0,"key":"SMITH"},{"data":"Thunder Strike","floor":44.0,"key":"SMITH"},{"data":"Panacea","floor":49.0,"key":"SMITH"}],"neow_cost":"NONE","seed_source_timestamp":847345975908,"circlet_count":0,"master_deck":["AscendersBane","Strike_B","Strike_B+1","Defend_B","Defend_B","Defend_B","Defend_B","Zap+1","Dualcast","Static Discharge+1","Ball Lightning+1","Cold Snap","Biased Cognition+1","Ball Lightning","Tempest+1","BootSequence","All For One","Turbo","Ghostly+1","Ghostly+1","Ghostly+1","BootSequence","Coolheaded+1","Dramatic Entrance","Echo Form","Compile Driver","Thunder Strike+1","Capacitor+1","Panacea+1","Chill+1","Coolheaded+1","Conserve Battery+1","Glacier+1"],"special_seed":0,"relics":["Cracked Core","Tiny Chest","Regal Pillow","Whetstone","DataDisk","Runic Pyramid","Potion Belt","PreservedInsect","Pantograph","Mummified Hand","Happy Flower","Cables","Nuclear Battery","Bronze Scales","Centennial Puzzle","Toxic Egg 2","Omamori","FossilizedHelix"],"potions_floor_usage":[50],"damage_taken":[{"damage":7.0,"enemies":"Small Slimes","floor":1.0,"turns":4.0},{"damage":3.0,"enemies":"2 Louse","floor":2.0,"turns":3.0},{"damage":1.0,"enemies":"Cultist","floor":5.0,"turns":3.0},{"damage":0.0,"enemies":"Lagavulin","floor":7.0,"turns":7.0},{"damage":0.0,"enemies":"2 Fungi Beasts","floor":10.0,"turns":2.0},{"damage":5.0,"enemies":"Looter","floor":13.0,"turns":3.0},{"damage":6.0,"enemies":"Gremlin Nob","floor":14.0,"turns":3.0},{"damage":19.0,"enemies":"Hexaghost","floor":16.0,"turns":4.0},{"damage":6.0,"enemies":"3 Byrds","floor":18.0,"turns":2.0},{"damage":2.0,"enemies":"Spheric Guardian","floor":21.0,"turns":4.0},{"damage":21.0,"enemies":"Snecko","floor":22.0,"turns":4.0},{"damage":8.0,"enemies":"Gremlin Leader","floor":28.0,"turns":5.0},{"damage":8.0,"enemies":"Book of Stabbing","floor":31.0,"turns":4.0},{"damage":5.0,"enemies":"Automaton","floor":33.0,"turns":8.0},{"damage":21.0,"enemies":"3 Darklings","floor":35.0,"turns":6.0},{"damage":1.0,"enemies":"Orb Walker","floor":38.0,"turns":4.0},{"damage":0.0,"enemies":"Reptomancer","floor":41.0,"turns":5.0},{"damage":0.0,"enemies":"Giant Head","floor":45.0,"turns":7.0},{"damage":9.0,"enemies":"Sphere and 2 Shapes","floor":46.0,"turns":5.0},{"damage":2.0,"enemies":"Reptomancer","floor":47.0,"turns":6.0},{"damage":0.0,"enemies":"Spire Growth","floor":48.0,"turns":6.0},{"damage":12,"enemies":"Awakened One","floor":50,"turns":10},{"damage":0,"enemies":"Time Eater","floor":51,"turns":11}],"seed_played":"8150128787785663027","potions_obtained":[{"floor":1.0,"key":"EssenceOfSteel"},{"floor":5.0,"key":"EssenceOfSteel"},{"floor":13.0,"key":"Explosive Potion"},{"floor":16.0,"key":"Regen Potion"},{"floor":21.0,"key":"SteroidPotion"},{"floor":22.0,"key":"Strength Potion"},{"floor":38.0,"key":"Regen Potion"},{"floor":46.0,"key":"Poison Potion"},{"floor":47.0,"key":"AttackPotion"}],"is_trial":false,"path_per_floor":["M","M","$","?","M","R","E","R","T","M","R","?","M","E","R","B",null,"M","T","?","M","M","R","?","$","T","R","E","R","T","E","R","B",null,"M","?","?","M","?","R","E","R","T","R","E","M","E","M","R","B","B",null],"character_chosen":"DEFECT","items_purchased":["Cold Snap","PreservedInsect","Dramatic Entrance"],"campfire_rested":1,"item_purchase_floors":[3,25,25],"current_hp_per_floor":[64,61,61,43,42,42,42,42,42,42,42,78,73,67,67,48,71,65,65,39,37,16,16,16,16,16,16,22,22,22,14,14,34,38,17,17,17,16,16,39,39,39,39,39,39,30,28,28,28,27,39],"gold":300,"neow_bonus":"TEN_PERCENT_HP_BONUS","is_prod":false,"is_daily":false,"chose_seed":false,"campfire_upgraded":11,"win_rate":0,"timestamp":1565520727,"path_taken":["M","M","$","?","M","R","E","R","T","M","R","?","M","E","R","BOSS","M","?","?","M","M","R","?","$","T","R","E","R","?","E","R","BOSS","M","?","?","?","?","R","E","R","T","R","E","M","E","M","R","BOSS","BOSS"],"build_version":"2019-07-18","purchased_purges":2,"victory":true,"max_hp_per_floor":[78,78,78,78,78,78,78,78,78,78,78,78,78,78,78,78,78,78,78,39,39,39,39,39,39,39,39,39,39,39,39,39,39,39,39,39,39,39,39,39,39,39,39,39,39,39,39,39,39,39,39],"card_choices":[{"not_picked":["Fusion","Stack"],"picked":"Static Discharge","floor":1.0},{"not_picked":["Go for the Eyes","Steam"],"picked":"Ball Lightning","floor":2.0},{"not_picked":["Streamline","Aggregate"],"picked":"White Noise","floor":5.0},{"not_picked":["Beam Cell","Hello World"],"picked":"Biased Cognition","floor":7.0},{"not_picked":["Hello World","Leap"],"picked":"Ball Lightning","floor":10.0},{"not_picked":["Force Field","Steam"],"picked":"Tempest","floor":13.0},{"not_picked":["Fusion","Steam Power"],"picked":"BootSequence","floor":14.0},{"not_picked":["Biased Cognition","Rainbow"],"picked":"All For One","floor":16.0},{"not_picked":["Streamline+1","Stack"],"picked":"Turbo","floor":18.0},{"not_picked":["Conserve Battery","Undo+1"],"picked":"BootSequence","floor":21.0},{"not_picked":["Turbo","Steam Power"],"picked":"Coolheaded","floor":22.0},{"not_picked":["Melter","Sunder"],"picked":"Echo Form","floor":28.0},{"not_picked":["Doom and Gloom","Beam Cell"],"picked":"Compile Driver","floor":31.0},{"not_picked":["Biased Cognition","Creative AI"],"picked":"Thunder Strike","floor":33.0},{"not_picked":["Beam Cell","Rip and Tear","Scrape"],"picked":"SKIP","floor":35.0},{"not_picked":["Heatsinks","Rebound"],"picked":"Capacitor+1","floor":38.0},{"not_picked":["Transmutation","Impatience"],"picked":"Panacea","floor":39.0},{"not_picked":["Creative AI","Turbo"],"picked":"Chill","floor":41.0},{"not_picked":["Streamline","Gash"],"picked":"Coolheaded+1","floor":45.0},{"not_picked":["Redo+1","Scrape","Melter"],"picked":"SKIP","floor":46.0},{"not_picked":["Redo+1","Scrape","Melter"],"picked":"SKIP","floor":46.0},{"not_picked":["Cold Snap","Go for the Eyes"],"picked":"Conserve Battery+1","floor":47.0},{"not_picked":["Melter","Compile Driver"],"picked":"Glacier+1","floor":48.0}],"player_experience":1981671,"relics_obtained":[{"floor":7.0,"key":"Regal Pillow"},{"floor":9.0,"key":"Whetstone"},{"floor":14.0,"key":"DataDisk"},{"floor":19.0,"key":"Potion Belt"},{"floor":26.0,"key":"Pantograph"},{"floor":28.0,"key":"Mummified Hand"},{"floor":30.0,"key":"Happy Flower"},{"floor":31.0,"key":"Cables"},{"floor":41.0,"key":"Centennial Puzzle"},{"floor":43.0,"key":"Toxic Egg 2"},{"floor":45.0,"key":"Omamori"},{"floor":47.0,"key":"FossilizedHelix"}],"event_choices":[{"damage_healed":0.0,"max_hp_gain":0.0,"max_hp_loss":0.0,"gold_gain":0.0,"event_name":"Scrap Ooze","player_choice":"Success","floor":4.0,"gold_loss":0.0,"damage_taken":18.0,"relics_obtained":["Tiny Chest"]},{"cards_removed":["White Noise"],"damage_healed":36.0,"max_hp_gain":0.0,"max_hp_loss":0.0,"gold_gain":0.0,"event_name":"Bonfire Elementals","player_choice":"Offered Uncommon","floor":12.0,"gold_loss":0.0,"damage_taken":0.0},{"damage_healed":0.0,"max_hp_gain":0.0,"max_hp_loss":39.0,"gold_gain":0.0,"event_name":"Ghosts","player_choice":"Became a Ghost","floor":20.0,"gold_loss":0.0,"damage_taken":0.0,"cards_obtained":["Ghostly","Ghostly","Ghostly"]},{"damage_healed":0.0,"max_hp_gain":0.0,"max_hp_loss":0.0,"gold_gain":50.0,"event_name":"Nest","player_choice":"Stole From Cult","floor":24.0,"gold_loss":0.0,"damage_taken":0.0},{"damage_healed":0.0,"max_hp_gain":0.0,"max_hp_loss":0.0,"gold_gain":0.0,"event_name":"The Moai Head","player_choice":"Ignored","floor":36.0,"gold_loss":0.0,"damage_taken":0.0},{"damage_healed":0.0,"max_hp_gain":0.0,"max_hp_loss":0.0,"gold_gain":0.0,"event_name":"WeMeetAgain","player_choice":"Gave Potion","floor":37.0,"gold_loss":0.0,"damage_taken":0.0,"relics_obtained":["Bronze Scales"]},{"damage_healed":0.0,"max_hp_gain":0.0,"max_hp_loss":0.0,"gold_gain":0.0,"event_name":"SensoryStone","player_choice":"Memory 1","floor":39.0,"gold_loss":0.0,"damage_taken":0.0}],"is_beta":true,"boss_relics":[{"not_picked":["Orrery","Busted Crown"],"picked":"Runic Pyramid"},{"not_picked":["Calling Bell","Pandora\u0027s Box"],"picked":"Nuclear Battery"}],"items_purged_floors":[3,25],"is_endless":false,"potions_floor_spawned":[1,5,13,16,21,22,38,46,47],"ascension_level":20}