{"gold_per_floor":[117,117,127,127,145,176,176,211,236,15,30,49,49,75,75,149,149,169,169,169,186,24,24,58,58,58,58,70,102,118,129,129,203,203,214,264,274,274,374,407,407,66,90,0,16,50,50,79,79,79,79,79,79,27,56,56],"floor_reached":57,"playtime":6733,"items_purged":[],"score":2867,"play_id":"ae5b25ae-1d0e-4b73-9ee7-43fcbb9f17a2","local_time":"20190810195234","is_ascension_mode":true,"campfire_choices":[{"floor":7.0,"key":"REST"},{"data":"Backflip","floor":13.0,"key":"SMITH"},{"floor":15.0,"key":"REST"},{"floor":23.0,"key":"REST"},{"floor":27.0,"key":"REST"},{"floor":32.0,"key":"REST"},{"floor":41.0,"key":"REST"},{"floor":49.0,"key":"RECALL"},{"floor":53.0,"key":"REST"}],"neow_cost":"NONE","seed_source_timestamp":747913935629200,"circlet_count":0,"master_deck":["AscendersBane","Strike_G+1","Strike_G+1","Strike_G+1","Strike_G+1","Defend_G+1","Defend_G+1","Defend_G+1","Defend_G+1","Defend_G+1","Survivor","Neutralize","Backstab","Glass Knife+1","Dash","Backflip+1","Corpse Explosion","Caltrops","Dagger Spray","Catalyst","Tools of the Trade","Sucker Punch","Footwork+1","Night Terror","Poisoned Stab","Malaise","Sucker Punch+1","Escape Plan","Panacea","Discovery","Magnetism","Backflip","Burst","Crippling Poison+1","Dodge and Roll+1","Crippling Poison","Acrobatics","PiercingWail","Noxious Fumes"],"special_seed":0,"relics":["Ring of the Snake","Oddly Smooth Stone","Centennial Puzzle","Pen Nib","Orichalcum","Bottled Lightning","Fusion Hammer","Bag of Marbles","The Specimen","Pantograph","Blood Vial","Sozu","Calipers","Dream Catcher","Thread and Needle","Red Mask","Anchor","PreservedInsect","Snake Skull"],"potions_floor_usage":[56,56],"damage_taken":[{"damage":7.0,"enemies":"Small Slimes","floor":1.0,"turns":5.0},{"damage":1.0,"enemies":"Cultist","floor":3.0,"turns":3.0},{"damage":0.0,"enemies":"2 Louse","floor":5.0,"turns":2.0},{"damage":17.0,"enemies":"3 Sentries","floor":6.0,"turns":9.0},{"damage":19.0,"enemies":"Lagavulin","floor":8.0,"turns":6.0},{"damage":0.0,"enemies":"Large Slime","floor":11.0,"turns":4.0},{"damage":0.0,"enemies":"Looter","floor":12.0,"turns":1.0},{"damage":22.0,"enemies":"Gremlin Nob","floor":14.0,"turns":4.0},{"damage":24.0,"enemies":"The Guardian","floor":16.0,"turns":13.0},{"damage":8.0,"enemies":"Shell Parasite","floor":18.0,"turns":5.0},{"damage":4.0,"enemies":"2 Thieves","floor":21.0,"turns":2.0},{"damage":19.0,"enemies":"Book of Stabbing","floor":24.0,"turns":5.0},{"damage":12.0,"enemies":"Snake Plant","floor":28.0,"turns":3.0},{"damage":25.0,"enemies":"Slavers","floor":29.0,"turns":2.0},{"damage":3.0,"enemies":"Chosen and Byrds","floor":30.0,"turns":3.0},{"damage":0.0,"enemies":"Snecko","floor":31.0,"turns":5.0},{"damage":54.0,"enemies":"Collector","floor":33.0,"turns":8.0},{"damage":0.0,"enemies":"3 Darklings","floor":35.0,"turns":2.0},{"damage":0.0,"enemies":"Orb Walker","floor":37.0,"turns":2.0},{"damage":9.0,"enemies":"Mind Bloom Boss Battle","floor":39.0,"turns":8.0},{"damage":34.0,"enemies":"Reptomancer","floor":40.0,"turns":6.0},{"damage":0.0,"enemies":"4 Shapes","floor":45.0,"turns":2.0},{"damage":0.0,"enemies":"Nemesis","floor":46.0,"turns":7.0},{"damage":0.0,"enemies":"Reptomancer","floor":48.0,"turns":4.0},{"damage":29.0,"enemies":"Donu and Deca","floor":50.0,"turns":9.0},{"damage":4.0,"enemies":"Awakened One","floor":51.0,"turns":25.0},{"damage":21.0,"enemies":"Shield and Spear","floor":55.0,"turns":3.0},{"damage":36,"enemies":"The Heart","floor":56,"turns":9}],"seed_played":"-7865485696682959273","potions_obtained":[{"floor":0.0,"key":"GhostInAJar"},{"floor":0.0,"key":"SteroidPotion"},{"floor":18.0,"key":"PowerPotion"},{"floor":24.0,"key":"Fruit Juice"},{"floor":30.0,"key":"Explosive Potion"},{"floor":31.0,"key":"AttackPotion"},{"floor":33.0,"key":"Weak Potion"}],"is_trial":false,"path_per_floor":["M","?","M","?","M","E","R","E","T","$","M","M","R","E","R","B",null,"M","?","?","M","$","R","E","?","T","R","M","E","M","M","R","B",null,"M","?","M","?","?","E","R","$","T","?","M","E","$","E","R","B","B",null,"R","$","E","B",null],"character_chosen":"THE_SILENT","items_purchased":["Orichalcum","Dagger Spray","Bag of Marbles","Thread and Needle","PiercingWail"],"campfire_rested":7,"item_purchase_floors":[10,10,22,42,54],"current_hp_per_floor":[52,52,51,51,51,34,53,34,34,34,34,34,34,12,31,7,51,43,43,25,21,21,42,23,23,28,50,38,13,12,14,36,9,59,61,61,63,53,67,35,57,57,57,57,59,61,61,63,63,47,70,75,76,76,55,40],"gold":56,"neow_bonus":"THREE_SMALL_POTIONS","is_prod":false,"is_daily":false,"chose_seed":false,"campfire_upgraded":1,"win_rate":0,"timestamp":1565491954,"path_taken":["M","?","?","?","M","E","R","E","T","$","M","M","R","E","R","BOSS","M","?","?","M","$","R","E","?","T","R","M","E","M","?","R","BOSS","M","?","?","?","?","E","R","$","T","?","M","E","?","E","R","BOSS","BOSS","R","$","E","BOSS"],"build_version":"2019-07-17","purchased_purges":0,"victory":true,"max_hp_per_floor":[66,66,66,66,66,66,66,66,66,66,66,66,66,66,66,66,66,66,66,71,71,71,71,71,71,76,76,76,76,76,76,76,76,76,76,76,76,76,76,76,76,76,76,76,76,76,76,76,76,76,76,76,76,76,76,76],"card_choices":[{"not_picked":["Sucker Punch","Distraction"],"picked":"Backstab","floor":1.0},{"not_picked":["Leg Sweep","Masterful Stab"],"picked":"Dash","floor":3.0},{"not_picked":["Expertise","Bane"],"picked":"Backflip","floor":5.0},{"not_picked":["Leg Sweep","Bane"],"picked":"Corpse Explosion","floor":6.0},{"not_picked":["Backstab","Dagger Throw"],"picked":"Caltrops","floor":8.0},{"not_picked":["Setup","Dagger Spray","Cloak And Dagger"],"picked":"SKIP","floor":11.0},{"not_picked":["Underhanded Strike","Slice"],"picked":"Catalyst","floor":12.0},{"not_picked":["Distraction","Underhanded Strike","Deflect"],"picked":"SKIP","floor":14.0},{"not_picked":["Doppelganger","Die Die Die"],"picked":"Tools of the Trade","floor":16.0},{"not_picked":["Masterful Stab","Underhanded Strike","Backstab"],"picked":"SKIP","floor":18.0},{"not_picked":["Bane","Cloak And Dagger"],"picked":"Sucker Punch","floor":21.0},{"not_picked":["Deflect","Cloak And Dagger"],"picked":"Footwork+1","floor":24.0},{"not_picked":["Outmaneuver","Sucker Punch","Blade Dance"],"picked":"SKIP","floor":28.0},{"not_picked":["Caltrops","Calculated Gamble+1"],"picked":"Night Terror","floor":29.0},{"not_picked":["Sucker Punch","Caltrops"],"picked":"Poisoned Stab","floor":30.0},{"not_picked":["Reflex","Cloak And Dagger","Flying Knee"],"picked":"SKIP","floor":31.0},{"not_picked":["Glass Knife","Burst"],"picked":"Malaise","floor":33.0},{"not_picked":["Blade Dance+1","Flying Knee"],"picked":"Sucker Punch+1","floor":35.0},{"not_picked":["Deflect","All Out Attack"],"picked":"Escape Plan","floor":37.0},{"not_picked":["Mind Blast","Swift Strike"],"picked":"Panacea","floor":38.0},{"not_picked":["Forethought","Magnetism"],"picked":"Discovery","floor":38.0},{"not_picked":["Sadistic Nature","Dramatic Entrance"],"picked":"Magnetism","floor":38.0},{"not_picked":["Dagger Spray","Expertise"],"picked":"Backflip","floor":40.0},{"not_picked":["Bouncing Flask","Concentrate+1"],"picked":"Burst","floor":41.0},{"not_picked":["Dodge and Roll","Outmaneuver"],"picked":"Crippling Poison+1","floor":45.0},{"not_picked":["Heel Hook","Dagger Spray"],"picked":"Dodge and Roll+1","floor":46.0},{"not_picked":["Predator","Dash+1"],"picked":"Crippling Poison","floor":48.0},{"not_picked":["Cloak And Dagger","Prepared+1"],"picked":"Acrobatics","floor":53.0},{"not_picked":["Deflect+1","Cloak And Dagger"],"picked":"Noxious Fumes","floor":55.0}],"player_experience":1364969,"relics_obtained":[{"floor":6.0,"key":"Oddly Smooth Stone"},{"floor":8.0,"key":"Centennial Puzzle"},{"floor":9.0,"key":"Pen Nib"},{"floor":14.0,"key":"Bottled Lightning"},{"floor":24.0,"key":"The Specimen"},{"floor":26.0,"key":"Pantograph"},{"floor":29.0,"key":"Blood Vial"},{"floor":39.0,"key":"Calipers"},{"floor":40.0,"key":"Dream Catcher"},{"floor":46.0,"key":"Anchor"},{"floor":48.0,"key":"PreservedInsect"},{"floor":55.0,"key":"Snake Skull"}],"event_choices":[{"damage_healed":0.0,"max_hp_gain":0.0,"max_hp_loss":0.0,"gold_gain":0.0,"cards_transformed":["Strike_G"],"event_name":"Transmorgrifier","player_choice":"Transformed","floor":2.0,"gold_loss":0.0,"damage_taken":0.0,"cards_obtained":["Glass Knife"]},{"damage_healed":0.0,"max_hp_gain":0.0,"max_hp_loss":0.0,"gold_gain":0.0,"event_name":"Living Wall","player_choice":"Grow","floor":4.0,"gold_loss":0.0,"damage_taken":0.0,"cards_upgraded":["Glass Knife"]},{"damage_healed":0.0,"max_hp_gain":0.0,"max_hp_loss":0.0,"gold_gain":0.0,"event_name":"Back to Basics","player_choice":"Simplicity","floor":19.0,"gold_loss":0.0,"damage_taken":0.0,"cards_upgraded":["Strike_G","Strike_G","Strike_G","Strike_G","Defend_G","Defend_G","Defend_G","Defend_G","Defend_G"]},{"damage_healed":0.0,"max_hp_gain":5.0,"max_hp_loss":0.0,"gold_gain":0.0,"event_name":"Forgotten Altar","player_choice":"Shed Blood","floor":20.0,"gold_loss":0.0,"damage_taken":23.0},{"damage_healed":0.0,"max_hp_gain":0.0,"max_hp_loss":0.0,"gold_gain":0.0,"event_name":"The Mausoleum","player_choice":"Ignored","floor":25.0,"gold_loss":0.0,"damage_taken":0.0},{"damage_healed":0.0,"max_hp_gain":0.0,"max_hp_loss":0.0,"gold_gain":50.0,"event_name":"Golden Shrine","player_choice":"Pray","floor":36.0,"gold_loss":0.0,"damage_taken":0.0},{"damage_healed":0.0,"max_hp_gain":0.0,"max_hp_loss":0.0,"gold_gain":0.0,"event_name":"SensoryStone","player_choice":"Memory 3","floor":38.0,"gold_loss":0.0,"damage_taken":10.0},{"damage_healed":0.0,"max_hp_gain":0.0,"max_hp_loss":0.0,"gold_gain":0.0,"event_name":"MindBloom","player_choice":"Fight","floor":39.0,"gold_loss":0.0,"damage_taken":0.0},{"damage_healed":0.0,"max_hp_gain":0.0,"max_hp_loss":0.0,"gold_gain":0.0,"event_name":"Tomb of Lord Red Mask","player_choice":"Paid","floor":44.0,"gold_loss":90.0,"damage_taken":0.0,"relics_obtained":["Red Mask"]}],"is_beta":false,"boss_relics":[{"not_picked":["WristBlade","Coffee Dripper"],"picked":"Fusion Hammer"},{"not_picked":["HoveringKite","Astrolabe"],"picked":"Sozu"}],"items_purged_floors":[],"is_endless":false,"potions_floor_spawned":[1,5,6,18,24,30,31,33,45,46],"ascension_level":20}