{"gold_per_floor":[114,131,131,145,245,286,309,327,351,395,407,442,485,497,509,646,658,686,716,269,269,280,306,306,332,355,370,383,169,169,189,189,288,288,305,321,136,148,158,158,46,46,46,46,46,58,58,77,77,77,77,77,26,53,53],"floor_reached":55,"playtime":4429,"items_purged":["Strike_B","Strike_B","Strike_B"],"score":852,"play_id":"a469c3f1-1b21-4c7f-8566-6b52a75d933e","local_time":"20190701062517","is_ascension_mode":true,"campfire_choices":[{"floor":11.0,"key":"REST"},{"floor":15.0,"key":"RECALL"},{"floor":24.0,"key":"REST"},{"floor":32,"key":"REST"},{"floor":40,"key":"REST"},{"floor":42,"key":"REST"},{"floor":47,"key":"REST"},{"floor":49,"key":"REST"},{"floor":52,"key":"REST"}],"neow_cost":"NONE","seed_source_timestamp":0,"circlet_count":0,"master_deck":["Strike_B+1","Defend_B","Defend_B","Defend_B","Defend_B","Zap","Dualcast","Coolheaded","Gash","Streamline","Cold Snap","Conserve Battery","Reprogram","Coolheaded","Leap","Machine Learning","Echo Form","Gash+1","Melter+1","Amplify","Rebound","Streamline+1","Beam Cell+1","Auto Shields+1","Reboot","Defragment","Gash","Gash","Blizzard","Amplify","Gash","Hologram","Redo+1","Beam Cell+1","Blind","Echo Form","Glacier+1","Coolheaded+1","Defragment","Enlightenment","PanicButton","Chrysalis","Hologram+1","Seek","Blizzard+1","Go for the Eyes","Loop+1"],"special_seed":0,"relics":["Fusion Hammer","Bloody Idol","StoneCalendar","Regal Pillow","MawBank","PreservedInsect","Ancient Tea Set","Nuclear Battery","Membership Card","Whetstone","DataDisk","Prayer Wheel","Runic Capacitor","Lizard Tail","Anchor","Gremlin Horn","Frozen Egg 2","Centennial Puzzle"],"potions_floor_usage":[28,33,33,33,38,38,38,48,55],"damage_taken":[{"damage":7.0,"enemies":"Jaw Worm","floor":1.0,"turns":3.0},{"damage":0.0,"enemies":"Cultist","floor":2.0,"turns":4.0},{"damage":4.0,"enemies":"2 Louse","floor":4.0,"turns":3.0},{"damage":7.0,"enemies":"Lagavulin","floor":6.0,"turns":6.0},{"damage":11.0,"enemies":"Large Slime","floor":7.0,"turns":7.0},{"damage":6.0,"enemies":"Blue Slaver","floor":8.0,"turns":3.0},{"damage":0.0,"enemies":"3 Sentries","floor":10.0,"turns":7.0},{"damage":2.0,"enemies":"Exordium Wildlife","floor":12.0,"turns":6.0},{"damage":4.0,"enemies":"Gremlin Nob","floor":13.0,"turns":6.0},{"damage":48.0,"enemies":"Hexaghost","floor":16.0,"turns":15.0},{"damage":5.0,"enemies":"Chosen","floor":18.0,"turns":5.0},{"damage":24.0,"enemies":"2 Thieves","floor":19.0,"turns":5.0},{"damage":17.0,"enemies":"Snake Plant","floor":22.0,"turns":5.0},{"damage":10.0,"enemies":"Book of Stabbing","floor":23.0,"turns":6.0},{"damage":20.0,"enemies":"Gremlin Leader","floor":25.0,"turns":5.0},{"damage":5,"enemies":"Chosen and Byrds","floor":27,"turns":6},{"damage":6,"enemies":"Sentry and Sphere","floor":28,"turns":3},{"damage":3,"enemies":"Cultist and Chosen","floor":31,"turns":6},{"damage":34,"enemies":"Champ","floor":33,"turns":8},{"damage":19,"enemies":"Orb Walker","floor":35,"turns":5},{"damage":40,"enemies":"3 Darklings","floor":36,"turns":6},{"damage":43,"enemies":"Transient","floor":38,"turns":5},{"damage":12,"enemies":"4 Shapes","floor":39,"turns":7},{"damage":34,"enemies":"Jaw Worm Horde","floor":46,"turns":7},{"damage":0,"enemies":"Spire Growth","floor":48,"turns":7},{"damage":51,"enemies":"Awakened One","floor":50,"turns":15},{"damage":52,"enemies":"Shield and Spear","floor":54,"turns":7},{"damage":32,"enemies":"The Heart","floor":55,"turns":2}],"seed_played":"-8048750799888577758","potions_obtained":[{"floor":2.0,"key":"EntropicBrew"},{"floor":6.0,"key":"Fire Potion"},{"floor":8.0,"key":"FearPotion"},{"floor":12.0,"key":"AttackPotion"},{"floor":16.0,"key":"SteroidPotion"},{"floor":18.0,"key":"Swift Potion"},{"floor":25,"key":"Ancient Potion"},{"floor":28,"key":"LiquidBronze"},{"floor":31,"key":"Dexterity Potion"},{"floor":35,"key":"Energy Potion"},{"floor":36,"key":"Block Potion"},{"floor":38,"key":"FearPotion"},{"floor":46,"key":"Swift Potion"},{"floor":54,"key":"Explosive Potion"}],"is_trial":false,"path_per_floor":["M","M","?","M","?","E","M","M","T","E","R","M","E","?","R","B",null,"M","M","$","?","M","E","R","E","T","M","M","$","?","M","R","B",null,"M","M","$","M","M","R","$","R","T","?","?","M","R","M","R","B",null,"R","$","E","B"],"character_chosen":"DEFECT","items_purchased":["Amplify","Membership Card","Whetstone","Defragment","Gash","Runic Capacitor","Blind","Echo Form","GamblersBrew","Defragment","Anchor","SpeedPotion","Go for the Eyes"],"campfire_rested":8,"item_purchase_floors":[20,20,20,29,29,29,37,37,37,41,41,53,53],"current_hp_per_floor":[68,68,50,46,46,39,28,22,22,22,59,57,53,53,53,5,75,70,46,46,46,34,29,66,51,56,56,55,55,55,57,75,46,75,61,26,26,33,26,63,63,75,75,65,65,36,73,75,75,24,75,75,75,28,0],"gold":53,"neow_bonus":"BOSS_RELIC","is_prod":false,"is_daily":false,"chose_seed":false,"campfire_upgraded":0,"win_rate":0,"timestamp":1561929917,"path_taken":["M","M","?","M","?","E","M","M","T","E","R","?","E","?","R","BOSS","M","?","$","?","M","E","R","E","T","M","M","$","?","M","R","BOSS","M","M","$","M","M","R","$","R","T","?","?","M","R","M","R","BOSS","R","$","E","BOSS"],"build_version":"2019-01-23","purchased_purges":3,"victory":false,"max_hp_per_floor":[75,75,75,75,75,75,75,75,75,75,75,75,75,75,75,75,75,75,75,75,75,75,75,75,75,75,75,75,75,75,75,75,75,75,75,75,75,75,75,75,75,75,75,75,75,75,75,75,75,75,75,75,75,75,75],"card_choices":[{"not_picked":["Hologram","Leap"],"picked":"Coolheaded","floor":1.0},{"not_picked":["Hello World","Capacitor"],"picked":"Gash","floor":2.0},{"not_picked":["Rip and Tear","Compile Driver"],"picked":"Streamline","floor":4.0},{"not_picked":["Steam","Double Energy"],"picked":"Cold Snap","floor":6.0},{"not_picked":["Lockon","Skim"],"picked":"Conserve Battery","floor":7.0},{"not_picked":["Force Field","Steam"],"picked":"Reprogram","floor":8.0},{"not_picked":["All For One","Streamline"],"picked":"Coolheaded","floor":10.0},{"not_picked":["Sweeping Beam","Undo"],"picked":"Leap","floor":12.0},{"not_picked":["Cold Snap","Compile Driver"],"picked":"Machine Learning","floor":13.0},{"not_picked":["Meteor Strike","Biased Cognition"],"picked":"Echo Form","floor":16.0},{"not_picked":["Sweeping Beam","Compile Driver+1"],"picked":"Gash+1","floor":18.0},{"not_picked":["Beam Cell","Reprogram+1"],"picked":"Melter","floor":19.0},{"not_picked":["Tempest+1","Lockon","Turbo"],"picked":"SKIP","floor":22.0},{"not_picked":["Cold Snap","Sunder"],"picked":"Rebound","floor":23.0},{"not_picked":["Meteor Strike","Ball Lightning"],"picked":"Streamline+1","floor":25},{"not_picked":["Hello World","Stack"],"picked":"Beam Cell+1","floor":27},{"not_picked":["Stack","Steam","Compile Driver"],"picked":"SKIP","floor":27},{"not_picked":["Beam Cell","Coolheaded"],"picked":"Auto Shields+1","floor":28},{"not_picked":["Hologram","Cold Snap"],"picked":"Reboot","floor":28},{"not_picked":["Streamline","Doom and Gloom"],"picked":"Blizzard","floor":31},{"not_picked":["Steam Power","Ball Lightning","Heatsinks"],"picked":"SKIP","floor":31},{"not_picked":["Multi-Cast","Buffer"],"picked":"Amplify","floor":33},{"not_picked":["Hologram","Skim"],"picked":"Gash","floor":35},{"not_picked":["Hologram","Conserve Battery","Rip and Tear"],"picked":"SKIP","floor":35},{"not_picked":["Conserve Battery","Rip and Tear"],"picked":"Hologram","floor":35},{"not_picked":["Melter+1","Steam+1"],"picked":"Redo+1","floor":36},{"not_picked":["Rebound+1","Compile Driver+1"],"picked":"Beam Cell+1","floor":36},{"not_picked":["Redo+1","Double Energy"],"picked":"Glacier+1","floor":38},{"not_picked":["Amplify","Cold Snap","Steam Power+1"],"picked":"SKIP","floor":38},{"not_picked":["Undo+1","Buffer"],"picked":"Coolheaded+1","floor":39},{"not_picked":["Beam Cell","Rebound+1","Melter"],"picked":"SKIP","floor":39},{"not_picked":["Mind Blast","Blind"],"picked":"Enlightenment","floor":44},{"not_picked":["Finesse","Panacea"],"picked":"PanicButton","floor":44},{"not_picked":["PanicButton","Blind"],"picked":"Chrysalis","floor":44},{"not_picked":["Compile Driver","Blizzard"],"picked":"Hologram+1","floor":46},{"not_picked":["Rebound+1","Leap","Melter"],"picked":"SKIP","floor":46},{"not_picked":["Auto Shields+1","Redo+1"],"picked":"Seek","floor":48},{"not_picked":["Beam Cell","Auto Shields+1","Blizzard+1"],"picked":"SKIP","floor":48},{"not_picked":["Beam Cell","Auto Shields+1"],"picked":"Blizzard+1","floor":48},{"not_picked":["Amplify","Beam Cell+1"],"picked":"Loop+1","floor":54}],"player_experience":89045,"relics_obtained":[{"floor":6.0,"key":"StoneCalendar"},{"floor":9.0,"key":"Regal Pillow"},{"floor":10.0,"key":"MawBank"},{"floor":13.0,"key":"PreservedInsect"},{"floor":14.0,"key":"Ancient Tea Set"},{"floor":23.0,"key":"DataDisk"},{"floor":25,"key":"Prayer Wheel"},{"floor":43,"key":"Gremlin Horn"},{"floor":54,"key":"Centennial Puzzle"}],"event_choices":[{"damage_healed":0.0,"max_hp_gain":0.0,"max_hp_loss":0.0,"gold_gain":0.0,"event_name":"Golden Idol","player_choice":"Take Damage","floor":3.0,"gold_loss":0.0,"damage_taken":18.0,"relics_obtained":["Golden Idol"]},{"damage_healed":0.0,"max_hp_gain":0.0,"max_hp_loss":0.0,"gold_gain":100.0,"event_name":"Golden Shrine","player_choice":"Pray","floor":5.0,"gold_loss":0.0,"damage_taken":0.0},{"damage_healed":0.0,"max_hp_gain":0.0,"max_hp_loss":0.0,"gold_gain":0.0,"event_name":"Wheel of Change","player_choice":"Relic","floor":14.0,"gold_loss":0.0,"damage_taken":0.0},{"damage_healed":0.0,"max_hp_gain":0.0,"max_hp_loss":0.0,"gold_gain":0.0,"event_name":"Forgotten Altar","player_choice":"Gave Idol","floor":21.0,"relics_lost":["Golden Idol"],"gold_loss":0.0,"damage_taken":0.0,"relics_obtained":["Bloody Idol"]},{"damage_healed":0,"gold_gain":0,"player_choice":"Read","damage_taken":0,"max_hp_gain":0,"max_hp_loss":0,"event_name":"The Library","floor":30,"gold_loss":0,"cards_obtained":["Gash"]},{"damage_healed":0,"gold_gain":0,"player_choice":"Memory 3","damage_taken":10,"max_hp_gain":0,"max_hp_loss":0,"event_name":"SensoryStone","floor":44,"gold_loss":0},{"damage_healed":0,"gold_gain":0,"player_choice":"Gave Potion","damage_taken":0,"relics_obtained":["Frozen Egg 2"],"max_hp_gain":0,"max_hp_loss":0,"event_name":"WeMeetAgain","floor":45,"gold_loss":0}],"is_beta":false,"boss_relics":[{"not_picked":["Sozu","Cursed Key"],"picked":"Nuclear Battery"},{"not_picked":["Orrery","Coffee Dripper"],"picked":"Lizard Tail"}],"items_purged_floors":[20,29,37],"is_endless":false,"potions_floor_spawned":[2,6,8,12,16,18,25,28,31,35,36,38,46,54],"killed_by":"The Heart","ascension_level":2}