{"gold_per_floor":[115,128,141,159,159,159,189,245,270,303,322,322,322,322,322,396,396,415,415,432,443,44,44],"floor_reached":23,"playtime":794,"items_purged":["Strike_B"],"score":402,"play_id":"c98ac561-023e-496b-b2ee-99e2cceabed3","local_time":"20190707235940","is_ascension_mode":true,"campfire_choices":[{"data":"Sunder","floor":6,"key":"SMITH"},{"floor":12,"key":"REST"},{"data":"Zap","floor":15,"key":"SMITH"}],"neow_cost":"NONE","seed_source_timestamp":3278913153017,"circlet_count":0,"master_deck":["AscendersBane","Strike_B","Strike_B","Strike_B+1","Defend_B","Defend_B","Defend_B","Defend_B","Zap","Dualcast","Genetic Algorithm","Coolheaded","Sunder+1","Sweeping Beam+1","Fission","Leap","Conserve Battery","Storm","Zap+1","Thunder Strike","Tempest","FTL"],"relics":["Cracked Core","Vajra","Orichalcum","DataDisk","Omamori","Runic Pyramid","Letter Opener","Whetstone","Ancient Tea Set"],"potions_floor_usage":[7,10,16,20,23,23],"damage_taken":[{"damage":9,"enemies":"Small Slimes","floor":1,"turns":3},{"damage":6,"enemies":"2 Louse","floor":2,"turns":3},{"damage":1,"enemies":"Cultist","floor":3,"turns":4},{"damage":0,"enemies":"2 Fungi Beasts","floor":4,"turns":3},{"damage":23,"enemies":"3 Sentries","floor":7,"turns":8},{"damage":20,"enemies":"Gremlin Nob","floor":10,"turns":4},{"damage":17,"enemies":"Gremlin Gang","floor":11,"turns":4},{"damage":25,"enemies":"Hexaghost","floor":16,"turns":12},{"damage":8,"enemies":"Chosen","floor":18,"turns":6},{"damage":22,"enemies":"Shell Parasite","floor":20,"turns":5},{"damage":0,"enemies":"Snecko","floor":21,"turns":3},{"damage":27,"enemies":"Book of Stabbing","floor":23,"turns":5}],"seed_played":"-6420438658704229305","potions_obtained":[{"floor":1,"key":"SteroidPotion"},{"floor":4,"key":"Block Potion"},{"floor":10,"key":"Weak Potion"},{"floor":11,"key":"Energy Potion"},{"floor":16,"key":"Explosive Potion"},{"floor":20,"key":"Weak Potion"}],"is_trial":false,"path_per_floor":["M","M","M","M","?","R","E","?","T","E","M","R","?","?","R","B",null,"M","?","M","M","$","E"],"character_chosen":"DEFECT","items_purchased":["Whetstone","Ancient Tea Set"],"campfire_rested":1,"item_purchase_floors":[22,22],"current_hp_per_floor":[55,49,48,48,71,71,48,48,48,28,11,32,32,32,32,7,55,47,47,25,25,25,0],"gold":44,"neow_bonus":"RANDOM_COMMON_RELIC","is_prod":false,"is_daily":false,"chose_seed":false,"campfire_upgraded":2,"win_rate":0,"timestamp":1562536780,"path_taken":["M","M","M","M","?","R","E","?","T","E","M","R","?","?","R","BOSS","M","?","M","M","$","E"],"build_version":"2019-07-03","purchased_purges":1,"victory":false,"max_hp_per_floor":[71,71,71,71,71,71,71,71,71,71,71,71,71,71,71,71,71,71,71,71,71,71,71],"card_choices":[{"not_picked":["Leap","Conserve Battery"],"picked":"Genetic Algorithm","floor":1},{"not_picked":["Leap","Heatsinks"],"picked":"Coolheaded","floor":2},{"not_picked":["Streamline","Cold Snap"],"picked":"Sunder","floor":3},{"not_picked":["Leap","Heatsinks"],"picked":"Sweeping Beam","floor":4},{"not_picked":["Barrage","Loop"],"picked":"Fission","floor":7},{"not_picked":["Sweeping Beam","Gash"],"picked":"Leap","floor":10},{"not_picked":["Turbo","Gash"],"picked":"Conserve Battery","floor":11},{"not_picked":["Machine Learning","Amplify"],"picked":"Thunder Strike","floor":16},{"not_picked":["Cold Snap","Skim"],"picked":"Tempest","floor":18},{"not_picked":["Sunder","Hello World","Leap"],"picked":"SKIP","floor":20},{"not_picked":["Hello World","Sweeping Beam"],"picked":"FTL","floor":21}],"player_experience":1828000,"relics_obtained":[{"floor":7,"key":"Orichalcum"},{"floor":9,"key":"DataDisk"},{"floor":10,"key":"Omamori"}],"event_choices":[{"damage_healed":23,"gold_gain":0,"player_choice":"Banana","damage_taken":0,"max_hp_gain":0,"max_hp_loss":0,"event_name":"Big Fish","floor":5,"gold_loss":0},{"damage_healed":0,"gold_gain":56,"player_choice":"Gained Gold","damage_taken":0,"max_hp_gain":0,"max_hp_loss":0,"event_name":"Golden Wing","floor":8,"gold_loss":0},{"damage_healed":0,"gold_gain":0,"player_choice":"Searched \u00271\u0027 times","damage_taken":0,"max_hp_gain":0,"max_hp_loss":0,"event_name":"Dead Adventurer","floor":13,"gold_loss":0},{"damage_healed":0,"gold_gain":0,"player_choice":"2 cards matched","damage_taken":0,"max_hp_gain":0,"max_hp_loss":0,"event_name":"Match and Keep!","floor":14,"gold_loss":0,"cards_obtained":["Storm","Zap"]},{"damage_healed":0,"gold_gain":0,"player_choice":"2 cards matched","damage_taken":0,"max_hp_gain":0,"max_hp_loss":0,"event_name":"Match and Keep!","floor":14,"gold_loss":0,"cards_obtained":["Storm","Zap"]},{"damage_healed":0,"gold_gain":0,"player_choice":"Opened","damage_taken":0,"relics_obtained":["Letter Opener"],"max_hp_gain":0,"max_hp_loss":0,"event_name":"The Mausoleum","floor":19,"gold_loss":0,"cards_obtained":["Writhe"]}],"is_beta":true,"boss_relics":[{"not_picked":["Eternal Feather","White Beast Statue"],"picked":"Runic Pyramid"}],"items_purged_floors":[22],"is_endless":false,"potions_floor_spawned":[1,4,10,11,16,20],"killed_by":"Book of Stabbing","ascension_level":20}