{"gold_per_floor":[113,131,131,131,146,146,217,217,217,252,252,277,277,294,294,393,393,409,409,64,4,22,22,56,56,56,56,82,99,117,149,149,246,246,266,266,20,30,44,44,44,44,69,169,169,169,204,217,217,217],"floor_reached":51,"playtime":2841,"items_purged":["Strike_B","Strike_B"],"score":1130,"play_id":"75782248-8ad3-4f07-b98f-e6c34251063f","local_time":"20190801122800","is_ascension_mode":true,"campfire_choices":[{"data":"Defragment","floor":6,"key":"SMITH"},{"data":"Dualcast","floor":8,"key":"SMITH"},{"data":"Zap","floor":11,"key":"SMITH"},{"data":"Conserve Battery","floor":15,"key":"SMITH"},{"data":"Defragment","floor":23,"key":"SMITH"},{"data":"Capacitor","floor":25,"key":"SMITH"},{"data":"Glacier","floor":27,"key":"SMITH"},{"data":"Loop","floor":32,"key":"SMITH"},{"data":"Defend_B","floor":40,"key":"SMITH"},{"data":"Defend_B","floor":42,"key":"SMITH"},{"data":"Dark Shackles","floor":46,"key":"SMITH"},{"data":"Defend_B","floor":49,"key":"PURGE"}],"neow_cost":"NONE","seed_source_timestamp":203034277529151,"circlet_count":0,"master_deck":["Strike_B","Defend_B+1","Defend_B+1","Dualcast+1","Defragment+1","Conserve Battery+1","Ball Lightning","Glacier+1","Defragment+1","Capacitor+1","Defragment+1","Cold Snap","Loop+1","Barrage+1","Electrodynamics","Dark Shackles+1"],"relics":["Cracked Core","NeowsBlessing","Meat on the Bone","Regal Pillow","Bronze Scales","Sozu","ClockworkSouvenir","Gremlin Horn","Bottled Lightning","FossilizedHelix","Gambling Chip","Busted Crown","Membership Card","Omamori","Mango","Peace Pipe"],"potions_floor_usage":[10,16,16,24],"damage_taken":[{"damage":0,"enemies":"2 Louse","floor":1,"turns":1},{"damage":0,"enemies":"Cultist","floor":2,"turns":1},{"damage":0,"enemies":"Jaw Worm","floor":5,"turns":1},{"damage":35,"enemies":"Gremlin Nob","floor":10,"turns":4},{"damage":18,"enemies":"Lagavulin","floor":12,"turns":5},{"damage":0,"enemies":"Large Slime","floor":14,"turns":3},{"damage":8,"enemies":"Slime Boss","floor":16,"turns":9},{"damage":9,"enemies":"Shell Parasite","floor":18,"turns":4},{"damage":2,"enemies":"2 Thieves","floor":21,"turns":4},{"damage":0,"enemies":"Centurion and Healer","floor":22,"turns":5},{"damage":39,"enemies":"Book of Stabbing","floor":24,"turns":5},{"damage":5,"enemies":"Gremlin Leader","floor":28,"turns":7},{"damage":1,"enemies":"3 Cultists","floor":29,"turns":5},{"damage":0,"enemies":"Chosen and Byrds","floor":30,"turns":5},{"damage":0,"enemies":"Book of Stabbing","floor":31,"turns":5},{"damage":0,"enemies":"Collector","floor":33,"turns":8},{"damage":0,"enemies":"3 Shapes","floor":35,"turns":2},{"damage":0,"enemies":"Orb Walker","floor":38,"turns":3},{"damage":0,"enemies":"Spire Growth","floor":39,"turns":5},{"damage":0,"enemies":"Mind Bloom Boss Battle","floor":44,"turns":6},{"damage":0,"enemies":"Reptomancer","floor":47,"turns":6},{"damage":0,"enemies":"Writhing Mass","floor":48,"turns":7},{"damage":34,"enemies":"Awakened One","floor":50,"turns":13}],"seed_played":"8897317430321717994","potions_obtained":[{"floor":1,"key":"LiquidBronze"},{"floor":10,"key":"AttackPotion"},{"floor":12,"key":"Dexterity Potion"},{"floor":14,"key":"SteroidPotion"}],"is_trial":false,"path_per_floor":["M","M","$","?","M","R","T","R","T","E","R","E","?","M","R","B",null,"M","?","$","M","M","R","E","R","T","R","E","M","M","E","R","B",null,"M","?","$","M","M","R","?","R","T","?","?","R","E","M","R","B",null],"character_chosen":"DEFECT","items_purchased":["ClockworkSouvenir","Capacitor","Membership Card"],"campfire_rested":0,"item_purchase_floors":[20,20,37],"current_hp_per_floor":[68,68,68,68,68,68,68,68,68,45,45,39,32,44,44,48,68,59,59,59,57,57,57,30,30,30,30,37,48,48,48,48,48,68,68,68,68,68,68,68,68,68,68,82,82,82,82,82,82,48],"gold":217,"neow_bonus":"THREE_ENEMY_KILL","is_prod":false,"is_daily":false,"chose_seed":false,"campfire_upgraded":11,"win_rate":0,"timestamp":1564630080,"path_taken":["M","M","$","?","?","R","?","R","T","E","R","E","?","M","R","BOSS","M","?","?","M","?","R","E","R","T","R","E","M","?","E","R","BOSS","M","?","$","M","M","R","?","R","T","?","?","R","E","M","R","BOSS"],"build_version":"2019-07-17","purchased_purges":2,"victory":true,"max_hp_per_floor":[75,75,75,75,75,75,75,75,75,75,75,75,75,75,75,75,75,75,75,75,75,75,75,75,75,75,75,75,75,75,75,75,75,75,75,75,75,75,75,75,75,75,75,89,89,89,89,89,89,89],"card_choices":[{"not_picked":["Lockon","Steam Power"],"picked":"Defragment","floor":1},{"not_picked":["Turbo","Genetic Algorithm"],"picked":"Conserve Battery","floor":2},{"not_picked":["Sweeping Beam","Hologram"],"picked":"Ball Lightning","floor":5},{"not_picked":["Melter","Meteor Strike","Leap"],"picked":"SKIP","floor":10},{"not_picked":["Storm","Sunder","Skim"],"picked":"SKIP","floor":12},{"not_picked":["Darkness","Barrage"],"picked":"Glacier","floor":14},{"not_picked":["Fusion","Redo","Chaos"],"picked":"SKIP","floor":18},{"not_picked":["Stack","Steam","Fission"],"picked":"SKIP","floor":21},{"not_picked":["White Noise","Stack+1"],"picked":"Defragment","floor":22},{"not_picked":["Chaos+1","Aggregate+1"],"picked":"Cold Snap","floor":24},{"not_picked":["Streamline","Static Discharge","Blizzard+1"],"picked":"SKIP","floor":28},{"not_picked":["Recycle","Sweeping Beam"],"picked":"Loop","floor":29},{"not_picked":["Skim","Leap","Rebound+1"],"picked":"SKIP","floor":30},{"not_picked":["Stack+1","Glacier"],"picked":"Barrage+1","floor":31},{"not_picked":["Seek","Reboot"],"picked":"Electrodynamics","floor":33},{"not_picked":["Blizzard+1"],"picked":"SKIP","floor":35},{"not_picked":["Scrape+1"],"picked":"SKIP","floor":38},{"not_picked":["Hologram"],"picked":"SKIP","floor":39},{"not_picked":[],"picked":"Dark Shackles","floor":41},{"not_picked":["Turbo"],"picked":"SKIP","floor":47},{"not_picked":["Coolheaded+1"],"picked":"SKIP","floor":48}],"player_experience":176517,"relics_obtained":[{"floor":7,"key":"Meat on the Bone"},{"floor":10,"key":"Regal Pillow"},{"floor":12,"key":"Bronze Scales"},{"floor":24,"key":"Gremlin Horn"},{"floor":26,"key":"Bottled Lightning"},{"floor":28,"key":"FossilizedHelix"},{"floor":31,"key":"Gambling Chip"},{"floor":43,"key":"Omamori"},{"floor":44,"key":"Mango"},{"floor":47,"key":"Peace Pipe"}],"event_choices":[{"cards_removed":["Defend_B"],"damage_healed":0,"gold_gain":0,"player_choice":"Purged","damage_taken":0,"max_hp_gain":0,"max_hp_loss":0,"event_name":"Purifier","floor":4,"gold_loss":0},{"cards_removed":["Strike_B"],"damage_healed":0,"gold_gain":0,"player_choice":"Card Removal","damage_taken":7,"max_hp_gain":0,"max_hp_loss":0,"event_name":"Golden Wing","floor":13,"gold_loss":0},{"damage_healed":0,"gold_gain":0,"player_choice":"Copied","damage_taken":0,"max_hp_gain":0,"max_hp_loss":0,"event_name":"Duplicator","floor":19,"gold_loss":0,"cards_obtained":["Defragment"]},{"damage_healed":0,"gold_gain":0,"player_choice":"Ignored","damage_taken":0,"max_hp_gain":0,"max_hp_loss":0,"event_name":"Tomb of Lord Red Mask","floor":36,"gold_loss":0},{"damage_healed":0,"gold_gain":0,"player_choice":"Memory 1","damage_taken":0,"max_hp_gain":0,"max_hp_loss":0,"event_name":"SensoryStone","floor":41,"gold_loss":0},{"damage_healed":0,"gold_gain":0,"player_choice":"Fight","damage_taken":0,"max_hp_gain":0,"max_hp_loss":0,"event_name":"MindBloom","floor":44,"gold_loss":0},{"cards_removed":["Zap"],"damage_healed":0,"gold_gain":0,"player_choice":"Removed Skill","damage_taken":0,"max_hp_gain":0,"max_hp_loss":0,"event_name":"Falling","floor":45,"gold_loss":0}],"is_beta":false,"boss_relics":[{"not_picked":["Astrolabe","Black Star"],"picked":"Sozu"},{"not_picked":["Eternal Feather","Snecko Eye"],"picked":"Busted Crown"}],"items_purged_floors":[20,37],"is_endless":false,"potions_floor_spawned":[1,10,12,14,22,29,31,33,39,44,48],"ascension_level":8}