{"gold_per_floor":[113,132,132,32,32,32,32,67,67,82,120,140,158,33,33,153,153,169,200,200,215,236,236,251,286,286,256,256,287,287,302,302,427,427,442,515,737,485,500,500,519,519,519,644,43,68,89,89,89,89],"floor_reached":51,"playtime":2724,"items_purged":["Strike_B","Doubt","Injury","Strike_B"],"score":1505,"play_id":"109b015f-4006-4fed-87dc-3a872f527e10","local_time":"20190806223045","is_ascension_mode":true,"campfire_choices":[{"data":"Zap","floor":6.0,"key":"SMITH"},{"data":"Defragment","floor":15.0,"key":"SMITH"},{"data":"Creative AI","floor":23,"key":"SMITH"},{"data":"Echo Form","floor":30,"key":"SMITH"},{"floor":32,"key":"REST"},{"floor":42,"key":"REST"},{"floor":49,"key":"REST"}],"neow_cost":"","seed_source_timestamp":0,"circlet_count":0,"master_deck":["Strike_B","Strike_B","Defend_B","Defend_B","Defend_B","Defend_B","Zap+1","Dualcast","Sweeping Beam+1","Melter+1","Beam Cell+1","Steam+1","Streamline+1","Defragment+1","White Noise+1","Creative AI+1","Doom and Gloom+1","Conserve Battery+1","Auto Shields+1","Glacier+1","Echo Form+1","Seek+1","Core Surge+1","Go for the Eyes+1"],"special_seed":0,"relics":["Cracked Core","Thread and Needle","Molten Egg 2","Golden Idol","Meat on the Bone","Toxic Egg 2","Pear","Velvet Choker","Red Mask","Cables","Symbiotic Virus","Pantograph","Mummified Hand","Fusion Hammer","Gremlin Horn","Question Card","Dead Branch","Ginger","DataDisk"],"potions_floor_usage":[19,29,29,38,40],"damage_taken":[{"damage":0.0,"enemies":"Small Slimes","floor":1.0,"turns":2.0},{"damage":0.0,"enemies":"Cultist","floor":2.0,"turns":3.0},{"damage":16.0,"enemies":"3 Sentries","floor":8.0,"turns":6.0},{"damage":3.0,"enemies":"Jaw Worm","floor":10.0,"turns":2.0},{"damage":32.0,"enemies":"Lagavulin","floor":11.0,"turns":6.0},{"damage":0.0,"enemies":"Lots of Slimes","floor":12.0,"turns":3.0},{"damage":0.0,"enemies":"Exordium Wildlife","floor":13.0,"turns":3.0},{"damage":4.0,"enemies":"Hexaghost","floor":16.0,"turns":7.0},{"damage":5,"enemies":"3 Byrds","floor":18,"turns":5},{"damage":3,"enemies":"Masked Bandits","floor":19,"turns":3},{"damage":5,"enemies":"Chosen","floor":21,"turns":4},{"damage":9,"enemies":"Snake Plant","floor":22,"turns":3},{"damage":18,"enemies":"Centurion and Healer","floor":24,"turns":4},{"damage":31,"enemies":"Gremlin Leader","floor":25,"turns":6},{"damage":0,"enemies":"Book of Stabbing","floor":29,"turns":6},{"damage":21,"enemies":"Sentry and Sphere","floor":31,"turns":4},{"damage":0,"enemies":"Collector","floor":33,"turns":8},{"damage":0,"enemies":"Orb Walker","floor":35,"turns":3},{"damage":18,"enemies":"3 Darklings","floor":39,"turns":4},{"damage":1,"enemies":"Nemesis","floor":40,"turns":3},{"damage":20,"enemies":"Transient","floor":41,"turns":5},{"damage":35,"enemies":"Mind Bloom Boss Battle","floor":44,"turns":5},{"damage":18,"enemies":"Writhing Mass","floor":46,"turns":4},{"damage":5,"enemies":"Sphere and 2 Shapes","floor":47,"turns":4},{"damage":58,"enemies":"Time Eater","floor":50,"turns":9}],"seed_played":"-5183871774484554599","potions_obtained":[{"floor":1.0,"key":"GamblersBrew"},{"floor":7.0,"key":"EntropicBrew"},{"floor":10.0,"key":"Block Potion"},{"floor":11.0,"key":"Fire Potion"},{"floor":22,"key":"Energy Potion"},{"floor":25,"key":"Poison Potion"},{"floor":27,"key":"SmokeBomb"}],"is_trial":false,"path_per_floor":["M","M","?","$","?","R","?","E","T","M","E","M","M","$","R","B",null,"M","?","T","M","M","R","M","E","T","?","$","E","R","M","R","B",null,"M","T","?","$","M","E","M","R","T","?","$","M","M","$","R","B",null],"character_chosen":"DEFECT","items_purchased":["Molten Egg 2","Sweeping Beam+1","Regen Potion","Melter+1","Fruit Juice","Ginger","DataDisk","Core Surge+1"],"campfire_rested":3,"item_purchase_floors":[0,0,0,0,38,45,45,45],"current_hp_per_floor":[44,44,44,44,44,44,44,43,43,40,30,42,54,54,54,50,76,71,68,68,63,54,54,48,29,29,29,29,41,41,32,57,82,84,84,84,84,89,71,70,50,77,77,55,55,49,56,56,83,44],"gold":89,"neow_bonus":"","is_prod":false,"is_daily":false,"chose_seed":false,"campfire_upgraded":4,"win_rate":0,"timestamp":1565148645,"path_taken":["M","M","?","$","?","R","?","E","T","M","E","?","M","$","R","BOSS","BOSS","M","?","?","M","?","R","M","E","T","?","$","E","R","M","R","BOSS","M","?","?","?","?","E","M","R","T","?","$","M","M","$","R","BOSS"],"build_version":"2019-07-17","purchased_purges":4,"victory":true,"max_hp_per_floor":[75,75,75,75,75,75,75,75,75,75,85,85,85,85,85,85,85,85,85,85,85,85,85,85,85,85,85,85,85,85,85,85,85,85,85,85,85,90,90,90,90,90,90,90,90,90,90,90,90,90],"card_choices":[{"not_picked":["Turbo","Glacier"],"picked":"Beam Cell+1","floor":1.0},{"not_picked":["Cold Snap+1","Aggregate","Compile Driver+1"],"picked":"SKIP","floor":2.0},{"not_picked":["Force Field","Heatsinks","Gash+1"],"picked":"SKIP","floor":8.0},{"not_picked":["Beam Cell+1","Double Energy+1"],"picked":"Steam+1","floor":10.0},{"not_picked":["Sweeping Beam+1","Steam+1"],"picked":"Streamline+1","floor":11.0},{"not_picked":["Hologram+1","Skim+1"],"picked":"Defragment","floor":12.0},{"not_picked":["Melter+1","Multi-Cast+1"],"picked":"White Noise+1","floor":13.0},{"not_picked":["Thunder Strike+1","Biased Cognition"],"picked":"Creative AI","floor":16},{"not_picked":["Reprogram+1","Rebound+1"],"picked":"Doom and Gloom+1","floor":18},{"not_picked":["Leap+1","Hologram+1"],"picked":"Conserve Battery+1","floor":19},{"not_picked":["Cold Snap+1","Reinforced Body+1"],"picked":"Auto Shields+1","floor":21},{"not_picked":["Gash+1","Leap+1","Rebound+1"],"picked":"SKIP","floor":22},{"not_picked":["Loop+1","Rip and Tear+1"],"picked":"Glacier+1","floor":24},{"not_picked":["Rip and Tear+1","Compile Driver+1","Fusion+1"],"picked":"SKIP","floor":25},{"not_picked":["Blizzard+1","Hyperbeam+1"],"picked":"Echo Form","floor":29},{"not_picked":["Reprogram+1","Barrage+1","Genetic Algorithm+1"],"picked":"SKIP","floor":31},{"not_picked":["Creative AI","Reboot+1"],"picked":"Seek+1","floor":33},{"not_picked":["Stack+1","Blizzard+1","Gash+1"],"picked":"SKIP","floor":35},{"not_picked":["Streamline+1","Beam Cell+1","Barrage+1"],"picked":"SKIP","floor":39},{"not_picked":["Cold Snap+1","Conserve Battery+1","Streamline+1"],"picked":"SKIP","floor":41},{"not_picked":["Turbo+1","Leap+1","Aggregate+1"],"picked":"Go for the Eyes+1","floor":46},{"not_picked":["Undo+1","Darkness+1","Barrage+1","Sweeping Beam+1"],"picked":"SKIP","floor":47}],"player_experience":474329,"relics_obtained":[{"floor":8.0,"key":"Meat on the Bone"},{"floor":9.0,"key":"Toxic Egg 2"},{"floor":11.0,"key":"Pear"},{"floor":19,"key":"Red Mask"},{"floor":20,"key":"Cables"},{"floor":25,"key":"Symbiotic Virus"},{"floor":26,"key":"Pantograph"},{"floor":29,"key":"Mummified Hand"},{"floor":36,"key":"Gremlin Horn"},{"floor":43,"key":"Question Card"},{"floor":44,"key":"Dead Branch"}],"event_choices":[{"damage_healed":0.0,"max_hp_gain":0.0,"max_hp_loss":0.0,"gold_gain":0.0,"event_name":"Liars Game","player_choice":"Ignored","floor":3.0,"gold_loss":0.0,"damage_taken":0.0},{"damage_healed":0.0,"max_hp_gain":0.0,"max_hp_loss":0.0,"gold_gain":0.0,"event_name":"Golden Idol","player_choice":"Take Wound","floor":5.0,"gold_loss":0.0,"damage_taken":0.0,"relics_obtained":["Golden Idol"],"cards_obtained":["Injury"]},{"damage_healed":0.0,"max_hp_gain":0.0,"max_hp_loss":0.0,"gold_gain":0.0,"event_name":"Lab","player_choice":"Got Potions","floor":7.0,"gold_loss":0.0,"damage_taken":0.0},{"damage_healed":0,"gold_gain":0,"player_choice":"Fought Bandits","damage_taken":0,"max_hp_gain":0,"max_hp_loss":0,"event_name":"Masked Bandits","floor":19,"gold_loss":0},{"damage_healed":0,"gold_gain":0,"player_choice":"Bought 2 Potions","damage_taken":0,"max_hp_gain":0,"max_hp_loss":0,"event_name":"The Woman in Blue","floor":27,"gold_loss":0},{"damage_healed":0,"gold_gain":222,"player_choice":"Wore Mask","damage_taken":0,"max_hp_gain":0,"max_hp_loss":0,"event_name":"Tomb of Lord Red Mask","floor":37,"gold_loss":0},{"damage_healed":0,"gold_gain":0,"player_choice":"Fight","damage_taken":0,"max_hp_gain":0,"max_hp_loss":0,"event_name":"MindBloom","floor":44,"gold_loss":0}],"is_beta":false,"boss_relics":[{"not_picked":["Black Star","Runic Pyramid"],"picked":"Velvet Choker"},{"not_picked":["Nuclear Battery","Inserter"],"picked":"Fusion Hammer"}],"items_purged_floors":[0,4,14,38],"is_endless":false,"potions_floor_spawned":[1,10,11,22,25,29,33,35,40],"ascension_level":8}