{"gold_per_floor":[119,119,19,37,111,111,144,144,144,179,107,118,118,138,138,235,235,255,137,153,153,28,57,57,69,69,122,122,139,139],"floor_reached":30,"playtime":1583,"items_purged":["Strike_G","Strike_G","Parasite"],"score":498,"play_id":"b249689b-ffb4-4ab0-ae09-02be600b8d51","local_time":"20190809211002","is_ascension_mode":true,"campfire_choices":[{"data":"Neutralize","floor":6,"key":"SMITH"},{"data":"Dagger Spray","floor":8,"key":"SMITH"},{"data":"Noxious Fumes","floor":15,"key":"SMITH"},{"floor":24,"key":"REST"}],"neow_cost":"","seed_source_timestamp":533255246493699,"circlet_count":0,"master_deck":["Strike_G","Strike_G","Strike_G","Defend_G","Defend_G","Defend_G","Defend_G","Defend_G","Survivor","Neutralize+1","Sucker Punch","Backstab","Dagger Spray+1","Noxious Fumes+1","Footwork","Noxious Fumes","Bullet Time","Envenom","Blade Dance","Infinite Blades","PiercingWail","Crippling Poison+1","Noxious Fumes+1"],"relics":["Ring of the Snake","Nloth\u0027s Gift","Pear","Ornamental Fan","Peace Pipe","Kunai","Darkstone Periapt","Sozu","Nunchaku","Du-Vu Doll","Letter Opener","Vajra"],"potions_floor_usage":[10,16,23],"damage_taken":[{"damage":3,"enemies":"Cultist","floor":1,"turns":6},{"damage":0,"enemies":"2 Louse","floor":4,"turns":3},{"damage":29,"enemies":"Gremlin Nob","floor":7,"turns":6},{"damage":8,"enemies":"3 Sentries","floor":10,"turns":6},{"damage":0,"enemies":"Jaw Worm","floor":12,"turns":3},{"damage":11,"enemies":"Exordium Thugs","floor":14,"turns":5},{"damage":25,"enemies":"Hexaghost","floor":16,"turns":11},{"damage":24,"enemies":"3 Byrds","floor":18,"turns":5},{"damage":11,"enemies":"Shell Parasite","floor":20,"turns":4},{"damage":28,"enemies":"Gremlin Leader","floor":23,"turns":7},{"damage":5,"enemies":"Chosen and Byrds","floor":25,"turns":6},{"damage":18,"enemies":"Snake Plant","floor":29,"turns":4},{"damage":14,"enemies":"Centurion and Healer","floor":30,"turns":2}],"seed_played":"-1360793239867934818","potions_obtained":[{"floor":7,"key":"SpeedPotion"},{"floor":12,"key":"Regen Potion"},{"floor":14,"key":"Ancient Potion"},{"floor":16,"key":"Weak Potion"}],"is_trial":false,"path_per_floor":["M","?","$","M","T","R","E","R","T","E","$","M","?","M","R","B",null,"M","$","M","?","$","E","R","M","T","T","?","M","M"],"character_chosen":"THE_SILENT","items_purchased":["Sucker Punch","Deflect","Footwork","Blade Dance","Infinite Blades"],"campfire_rested":1,"item_purchase_floors":[0,0,11,19,19],"current_hp_per_floor":[60,70,70,70,70,70,41,41,41,33,33,33,59,48,48,38,74,50,50,39,39,39,11,35,30,30,30,30,12,0],"gold":139,"neow_bonus":"","is_prod":false,"is_daily":false,"chose_seed":false,"campfire_upgraded":3,"win_rate":0,"timestamp":1565403002,"path_taken":["M","?","$","?","?","R","E","R","T","E","$","M","?","M","R","BOSS","M","$","M","?","?","E","R","M","T","?","?","M","M"],"build_version":"2019-07-17","purchased_purges":3,"victory":false,"max_hp_per_floor":[70,80,80,80,80,80,80,80,80,80,80,80,86,86,86,86,86,86,86,86,86,83,83,83,83,83,83,83,83,83],"card_choices":[{"not_picked":["Flechettes","Backflip","Dagger Throw"],"picked":"SKIP","floor":1},{"not_picked":["Poisoned Stab","Underhanded Strike"],"picked":"Backstab","floor":4},{"not_picked":["After Image","Doppelganger"],"picked":"Dagger Spray","floor":7},{"not_picked":["Dagger Spray","Dodge and Roll"],"picked":"Noxious Fumes","floor":10},{"not_picked":["Outmaneuver","Deadly Poison"],"picked":"Noxious Fumes","floor":12},{"not_picked":["Burst","Skewer"],"picked":"Bullet Time","floor":14},{"not_picked":["Doppelganger","Die Die Die"],"picked":"Envenom","floor":16},{"not_picked":["Distraction","Prepared+1","Blur"],"picked":"SKIP","floor":18},{"not_picked":["Predator","Backflip"],"picked":"PiercingWail","floor":20},{"not_picked":["Die Die Die","PiercingWail"],"picked":"Crippling Poison+1","floor":23},{"not_picked":["Bane","Skewer+1","Sucker Punch"],"picked":"SKIP","floor":25},{"not_picked":["Bane","Skewer+1","Sucker Punch"],"picked":"SKIP","floor":25},{"not_picked":["Bane","Skewer+1","Sucker Punch"],"picked":"SKIP","floor":25},{"not_picked":["Deadly Poison","Sucker Punch","Endless Agony"],"picked":"SKIP","floor":29}],"player_experience":485674,"relics_obtained":[{"floor":5,"key":"Ornamental Fan"},{"floor":7,"key":"Peace Pipe"},{"floor":9,"key":"Kunai"},{"floor":10,"key":"Darkstone Periapt"},{"floor":23,"key":"Du-Vu Doll"},{"floor":26,"key":"Letter Opener"},{"floor":27,"key":"Vajra"}],"event_choices":[{"cards_removed":["Deflect"],"damage_healed":0,"gold_gain":0,"player_choice":"Gave Card","damage_taken":0,"relics_obtained":["Pear"],"max_hp_gain":0,"max_hp_loss":0,"event_name":"WeMeetAgain","floor":2,"gold_loss":0},{"damage_healed":20,"gold_gain":0,"player_choice":"Healed and dodged fight","damage_taken":0,"max_hp_gain":0,"max_hp_loss":0,"event_name":"Mushrooms","floor":13,"gold_loss":0,"cards_obtained":["Parasite"]},{"damage_healed":0,"gold_gain":0,"player_choice":"Opened","damage_taken":0,"relics_obtained":["Nunchaku"],"max_hp_gain":0,"max_hp_loss":0,"event_name":"The Mausoleum","floor":21,"gold_loss":0},{"damage_healed":0,"gold_gain":0,"player_choice":"Copied","damage_taken":0,"max_hp_gain":0,"max_hp_loss":0,"event_name":"Duplicator","floor":28,"gold_loss":0,"cards_obtained":["Noxious Fumes"]}],"is_beta":false,"boss_relics":[{"not_picked":["Black Star","WristBlade"],"picked":"Sozu"}],"items_purged_floors":[0,3,22],"is_endless":false,"potions_floor_spawned":[7,12,14,16,23,25],"killed_by":"Centurion and Healer","ascension_level":8}