{"gold_per_floor":[118,118,135,146,0,0,35,53,53,53,53,73,73,99,99,197,197,210,170,188,287,287,312,312,312,312,156,167,181,127,127,127,232,232,249,268,268,279,279,279,27,27,27,27,47,47,61,61,61,61],"floor_reached":50,"playtime":2722,"items_purged":[],"score":915,"play_id":"98e528f3-5c07-49cc-a798-3a647595e6b7","local_time":"20190811170645","is_ascension_mode":true,"campfire_choices":[{"data":"Neutralize","floor":6,"key":"SMITH"},{"data":"Terror","floor":10,"key":"SMITH"},{"data":"Dash","floor":13,"key":"SMITH"},{"data":"PiercingWail","floor":15,"key":"SMITH"},{"floor":32,"key":"REST"},{"floor":40,"key":"REST"},{"floor":42,"key":"REST"},{"floor":46,"key":"REST"},{"floor":49,"key":"REST"}],"neow_cost":"","seed_source_timestamp":690321863275400,"circlet_count":0,"master_deck":["Defend_G+1","Defend_G+1","Defend_G+1","Defend_G+1","Defend_G+1","Survivor+1","Neutralize+1","PiercingWail+1","Dash+1","All Out Attack+1","Terror+1","Backflip+1","Flying Knee+1","Malaise+1","Leg Sweep+1","Poisoned Stab+1","Bite+1","Bite+1","Bite+1","Bite+1","Bite+1","Cloak And Dagger+1","Adrenaline+1","Deflect+1","Outmaneuver+1","Blade Dance+1","Writhe","Venomology+1","Footwork+1","Crippling Poison+1","Caltrops+1","Panacea+1","Sucker Punch+1","Parasite"],"relics":["Ring of the Snake","Gambling Chip","Vajra","Potion Belt","Centennial Puzzle","Toxic Egg 2","WristBlade","StoneCalendar","NlothsMask","Shuriken","Snecko Eye","Bronze Scales","Bottled Tornado","Mark of the Bloom"],"potions_floor_usage":[7,28,28,33,33,45,50,50,50],"damage_taken":[{"damage":0,"enemies":"2 Louse","floor":1,"turns":3},{"damage":0,"enemies":"Jaw Worm","floor":3,"turns":3},{"damage":0,"enemies":"Small Slimes","floor":4,"turns":3},{"damage":23,"enemies":"Lagavulin","floor":7,"turns":6},{"damage":0,"enemies":"Gremlin Gang","floor":8,"turns":3},{"damage":1,"enemies":"2 Fungi Beasts","floor":12,"turns":3},{"damage":2,"enemies":"Gremlin Nob","floor":14,"turns":4},{"damage":14,"enemies":"The Guardian","floor":16,"turns":12},{"damage":0,"enemies":"Shell Parasite","floor":18,"turns":5},{"damage":0,"enemies":"Chosen","floor":20,"turns":5},{"damage":33,"enemies":"Gremlin Leader","floor":23,"turns":9},{"damage":2,"enemies":"Shelled Parasite and Fungi","floor":28,"turns":4},{"damage":12,"enemies":"Centurion and Healer","floor":29,"turns":4},{"damage":34,"enemies":"Collector","floor":33,"turns":9},{"damage":6,"enemies":"Orb Walker","floor":35,"turns":3},{"damage":5,"enemies":"3 Darklings","floor":36,"turns":4},{"damage":23,"enemies":"Transient","floor":38,"turns":5},{"damage":26,"enemies":"Sphere and 2 Shapes","floor":45,"turns":7},{"damage":7,"enemies":"Writhing Mass","floor":47,"turns":5},{"damage":45,"enemies":"Donu and Deca","floor":50,"turns":7}],"seed_played":"-2406813350505634951","potions_obtained":[{"floor":3,"key":"AttackPotion"},{"floor":7,"key":"GamblersBrew"},{"floor":8,"key":"EssenceOfSteel"},{"floor":20,"key":"Explosive Potion"},{"floor":23,"key":"Dexterity Potion"},{"floor":45,"key":"SpeedPotion"},{"floor":47,"key":"EssenceOfSteel"}],"is_trial":false,"path_per_floor":["M","?","M","M","$","R","E","M","T","R","?","M","R","E","R","B",null,"M","?","M","?","?","E","?","?","T","$","M","M","$","?","R","B",null,"M","M","?","M","?","R","$","R","T","?","M","R","M","?","R","B"],"character_chosen":"THE_SILENT","items_purchased":["PiercingWail","Dash","Vajra","Adrenaline+1","Blade Dance+1","Crippling Poison+1","Bronze Scales","Caltrops"],"campfire_rested":5,"item_purchase_floors":[0,0,5,27,30,41,41,41],"current_hp_per_floor":[56,70,70,70,70,70,47,47,47,47,47,46,46,44,44,30,60,60,60,60,60,49,22,13,13,13,13,19,21,21,21,35,17,41,37,40,40,29,29,43,43,49,49,49,27,41,36,36,36,0],"gold":61,"neow_bonus":"","is_prod":false,"is_daily":false,"chose_seed":false,"campfire_upgraded":4,"win_rate":0,"timestamp":1565561205,"path_taken":["M","?","M","M","$","R","E","M","T","R","?","M","R","E","R","BOSS","M","?","?","?","?","E","?","?","T","$","?","M","$","?","R","BOSS","M","M","?","M","?","R","$","R","T","?","M","R","?","?","R","BOSS"],"build_version":"2019-07-17","purchased_purges":0,"victory":false,"max_hp_per_floor":[70,70,70,70,70,70,70,70,70,70,70,70,70,70,70,70,70,70,70,70,70,49,49,49,49,49,49,49,49,49,49,49,49,49,49,49,49,49,49,49,49,49,49,49,49,49,49,49,49,49],"card_choices":[{"not_picked":["Skewer","Expertise"],"picked":"All Out Attack","floor":1},{"not_picked":["Bane","Dodge and Roll","Dagger Spray"],"picked":"SKIP","floor":3},{"not_picked":["Predator","Underhanded Strike","Quick Slash"],"picked":"SKIP","floor":4},{"not_picked":["Acrobatics","Eviscerate"],"picked":"Terror","floor":7},{"not_picked":["Calculated Gamble","All Out Attack"],"picked":"Backflip","floor":8},{"not_picked":["Outmaneuver","Dagger Throw"],"picked":"Flying Knee","floor":12},{"not_picked":["Sucker Punch","Choke","Acrobatics"],"picked":"SKIP","floor":14},{"not_picked":["Envenom","Night Terror+1"],"picked":"Malaise+1","floor":16},{"not_picked":["Heel Hook+1","Bouncing Flask+1"],"picked":"Leg Sweep+1","floor":18},{"not_picked":["PiercingWail+1","Slice"],"picked":"Poisoned Stab+1","floor":20},{"not_picked":["Quick Slash","Crippling Poison+1"],"picked":"Cloak And Dagger+1","floor":23},{"not_picked":["Outmaneuver+1","Prepared+1"],"picked":"Deflect+1","floor":28},{"not_picked":["All Out Attack","Dagger Spray"],"picked":"Outmaneuver+1","floor":29},{"not_picked":["Adrenaline+1","Storm of Steel+1"],"picked":"Venomology+1","floor":33},{"not_picked":["Quick Slash","Endless Agony+1","Finisher"],"picked":"SKIP","floor":35},{"not_picked":["Eviscerate+1","Deflect+1","Predator+1"],"picked":"SKIP","floor":36},{"not_picked":["Setup+1","Dodge and Roll+1"],"picked":"Footwork","floor":38},{"not_picked":["Dagger Throw+1","Setup+1","Bane+1"],"picked":"SKIP","floor":45},{"not_picked":["Bane+1","Underhanded Strike+1","Sucker Punch"],"picked":"SKIP","floor":47}],"player_experience":492829,"relics_obtained":[{"floor":7,"key":"Potion Belt"},{"floor":9,"key":"Centennial Puzzle"},{"floor":14,"key":"Toxic Egg 2"},{"floor":23,"key":"StoneCalendar"},{"floor":43,"key":"Bottled Tornado"}],"event_choices":[{"damage_healed":23,"gold_gain":0,"player_choice":"Banana","damage_taken":0,"max_hp_gain":0,"max_hp_loss":0,"event_name":"Big Fish","floor":2,"gold_loss":0},{"damage_healed":0,"gold_gain":0,"player_choice":"Fled","damage_taken":0,"max_hp_gain":0,"max_hp_loss":0,"event_name":"Scrap Ooze","floor":11,"gold_loss":0},{"damage_healed":0,"gold_gain":0,"player_choice":"Upgraded Two","damage_taken":0,"max_hp_gain":0,"max_hp_loss":0,"event_name":"Designer","floor":19,"gold_loss":40,"cards_upgraded":["Strike_G","Strike_G"]},{"damage_healed":0,"gold_gain":99,"player_choice":"Stole From Cult","damage_taken":0,"max_hp_gain":0,"max_hp_loss":0,"event_name":"Nest","floor":21,"gold_loss":0},{"damage_healed":0,"gold_gain":0,"player_choice":"Became a vampire","damage_taken":0,"max_hp_gain":0,"max_hp_loss":21,"event_name":"Vampires","floor":22,"gold_loss":0,"cards_obtained":["Bite","Bite","Bite","Bite","Bite"]},{"damage_healed":0,"gold_gain":0,"player_choice":"Stopped","damage_taken":9,"max_hp_gain":0,"max_hp_loss":0,"event_name":"Cursed Tome","floor":24,"gold_loss":0},{"damage_healed":0,"gold_gain":0,"player_choice":"Trade","damage_taken":0,"relics_obtained":["NlothsMask"],"max_hp_gain":0,"max_hp_loss":0,"event_name":"FaceTrader","floor":25,"gold_loss":0},{"damage_healed":0,"gold_gain":0,"player_choice":"Opened","damage_taken":0,"relics_obtained":["Shuriken"],"max_hp_gain":0,"max_hp_loss":0,"event_name":"The Mausoleum","floor":31,"gold_loss":0,"cards_obtained":["Writhe"]},{"damage_healed":0,"gold_gain":0,"player_choice":"Ignored","damage_taken":0,"max_hp_gain":0,"max_hp_loss":0,"event_name":"Tomb of Lord Red Mask","floor":37,"gold_loss":0},{"damage_healed":0,"gold_gain":0,"player_choice":"Ignored","damage_taken":0,"max_hp_gain":0,"max_hp_loss":0,"event_name":"Mysterious Sphere","floor":39,"gold_loss":0},{"damage_healed":0,"gold_gain":0,"player_choice":"2 cards matched","damage_taken":0,"max_hp_gain":0,"max_hp_loss":0,"event_name":"Match and Keep!","floor":44,"gold_loss":0,"cards_obtained":["Panacea","Sucker Punch"]},{"damage_healed":0,"gold_gain":0,"player_choice":"Upgrade","damage_taken":0,"relics_obtained":["Mark of the Bloom"],"max_hp_gain":0,"max_hp_loss":0,"event_name":"MindBloom","floor":48,"gold_loss":0,"cards_upgraded":["Defend_G","Defend_G","Defend_G","Defend_G","Defend_G","Survivor","All Out Attack","Backflip","Flying Knee","Bite","Bite","Bite","Bite","Bite","Footwork","Caltrops","Sucker Punch"]}],"is_beta":false,"boss_relics":[{"not_picked":["Black Star","Ring of the Serpent"],"picked":"WristBlade"},{"not_picked":["White Beast Statue","Lizard Tail"],"picked":"Snecko Eye"}],"items_purged_floors":[],"is_endless":false,"potions_floor_spawned":[3,7,8,20,23,45,47],"killed_by":"Donu and Deca","ascension_level":8}