{"gold_per_floor":[112,112,128,53,53,86,86,117,140,140,155,155,186,210,210,309,309,329,244,244,8,24,60,60,60],"floor_reached":25,"playtime":1043,"items_purged":["Pain"],"score":485,"play_id":"435aafd5-b699-405c-95b7-8d92f237e112","local_time":"20190805180351","is_ascension_mode":true,"campfire_choices":[{"data":"Loop","floor":7.0,"key":"SMITH"},{"data":"Zap","floor":10.0,"key":"SMITH"},{"floor":12.0,"key":"REST"},{"floor":15,"key":"REST"},{"floor":24,"key":"REST"}],"neow_cost":"NONE","seed_source_timestamp":35587224382217,"circlet_count":0,"master_deck":["AscendersBane","Strike_B","Strike_B","Strike_B","Strike_B","Defend_B","Defend_B","Defend_B","Defend_B","Zap+1","Dualcast","Loop+1","Hyperbeam","Reprogram","Rebound","Conserve Battery","Biased Cognition","Hologram","Self Repair","Sunder","Creative AI","Loop","Conserve Battery"],"special_seed":0,"relics":["Cracked Core","NeowsBlessing","WarpedTongs","Golden Idol","Potion Belt","Bag of Preparation","DataDisk","Snecko Eye","Smiling Mask","Shovel"],"potions_floor_usage":[16,22,23,23],"damage_taken":[{"damage":0.0,"enemies":"2 Louse","floor":1.0,"turns":1.0},{"damage":0.0,"enemies":"Cultist","floor":3.0,"turns":1.0},{"damage":0.0,"enemies":"Gremlin Nob","floor":6.0,"turns":1.0},{"damage":38.0,"enemies":"3 Sentries","floor":8.0,"turns":8.0},{"damage":2.0,"enemies":"Jaw Worm","floor":11.0,"turns":3.0},{"damage":23.0,"enemies":"Gremlin Nob","floor":13.0,"turns":4.0},{"damage":0,"enemies":"Exordium Wildlife","floor":14,"turns":2},{"damage":17,"enemies":"Hexaghost","floor":16,"turns":9},{"damage":16,"enemies":"3 Byrds","floor":18,"turns":5},{"damage":14,"enemies":"Chosen","floor":22,"turns":4},{"damage":38,"enemies":"Gremlin Leader","floor":23,"turns":8},{"damage":45,"enemies":"Book of Stabbing","floor":25,"turns":4}],"seed_played":"-1104509681852950426","potions_obtained":[{"floor":6.0,"key":"GamblersBrew"},{"floor":11.0,"key":"PowerPotion"},{"floor":14,"key":"Regen Potion"},{"floor":22,"key":"SkillPotion"}],"is_trial":false,"path_per_floor":["M","?","M","$","?","E","R","E","T","R","M","R","E","M","R","B",null,"M","?","?","$","M","E","R","E"],"character_chosen":"DEFECT","items_purchased":["Sunder","Creative AI"],"campfire_rested":3,"item_purchase_floors":[21,21],"current_hp_per_floor":[64,64,64,64,64,64,64,26,26,26,24,43,20,20,39,22,54,38,38,38,38,43,15,34,0],"gold":60,"neow_bonus":"THREE_ENEMY_KILL","is_prod":false,"is_daily":false,"chose_seed":false,"campfire_upgraded":2,"win_rate":0,"timestamp":1564995831,"path_taken":["M","?","?","?","?","E","R","E","T","R","M","R","E","M","R","BOSS","M","?","?","$","?","E","R","E"],"build_version":"2019-07-17","purchased_purges":1,"victory":false,"max_hp_per_floor":[71,71,71,71,64,64,64,64,64,64,64,64,64,64,64,64,64,64,64,64,64,64,64,64,64],"card_choices":[{"not_picked":["Redo","Steam Power","Sweeping Beam"],"picked":"SKIP","floor":1.0},{"not_picked":["Turbo","Chaos","Darkness"],"picked":"SKIP","floor":3.0},{"not_picked":["Steam","Auto Shields"],"picked":"Loop","floor":6.0},{"not_picked":["Consume","Conserve Battery"],"picked":"Hyperbeam","floor":8.0},{"not_picked":["Undo","Leap"],"picked":"Reprogram","floor":11.0},{"not_picked":["Hello World","Streamline"],"picked":"Rebound","floor":13},{"not_picked":["Steam","Stack"],"picked":"Conserve Battery","floor":14},{"not_picked":["Multi-Cast","Rainbow"],"picked":"Biased Cognition","floor":16},{"not_picked":["Redo","Cold Snap"],"picked":"Hologram","floor":18},{"not_picked":["Cold Snap","Barrage+1"],"picked":"Loop","floor":22},{"not_picked":["Leap+1","Streamline"],"picked":"Conserve Battery","floor":23}],"player_experience":245816,"relics_obtained":[{"floor":6.0,"key":"Potion Belt"},{"floor":8.0,"key":"Bag of Preparation"},{"floor":9.0,"key":"DataDisk"},{"floor":23,"key":"Shovel"}],"event_choices":[{"damage_healed":0.0,"max_hp_gain":0.0,"max_hp_loss":0.0,"gold_gain":0.0,"event_name":"Accursed Blacksmith","player_choice":"Rummage","floor":2.0,"gold_loss":0.0,"damage_taken":0.0,"relics_obtained":["WarpedTongs"],"cards_obtained":["Pain"]},{"damage_healed":0.0,"max_hp_gain":0.0,"max_hp_loss":7.0,"gold_gain":0.0,"event_name":"Golden Idol","player_choice":"Lose Max HP","floor":5.0,"gold_loss":0.0,"damage_taken":0.0,"relics_obtained":["Golden Idol"]},{"damage_healed":0,"gold_gain":0,"player_choice":"Obtained Relic","damage_taken":0,"relics_obtained":["Smiling Mask"],"max_hp_gain":0,"max_hp_loss":0,"event_name":"Addict","floor":19,"gold_loss":85},{"damage_healed":0,"gold_gain":0,"player_choice":"1 cards matched","damage_taken":0,"max_hp_gain":0,"max_hp_loss":0,"event_name":"Match and Keep!","floor":20,"gold_loss":0,"cards_obtained":["Self Repair"]}],"is_beta":false,"boss_relics":[{"not_picked":["White Beast Statue","FrozenCore"],"picked":"Snecko Eye"}],"items_purged_floors":[4],"is_endless":false,"potions_floor_spawned":[6,11,14,22],"killed_by":"Book of Stabbing","ascension_level":17}