{"gold_per_floor":[111,15,15,32,49,74,74,174,174,209,209,224,234,234,234,311,311,327,340,340,185,185,185,213,227,227,227,142,142,174,190,190,261,261,275,286,121,141,141,172,172,203,203,233,253,267,267,287,287,287,287],"floor_reached":51,"playtime":5796,"items_purged":[],"score":1570,"play_id":"00b4e5f7-afa3-4437-bc27-61408f2da0f4","local_time":"20190721115833","is_ascension_mode":true,"campfire_choices":[{"floor":7,"key":"REST"},{"data":"Footwork","floor":11,"key":"SMITH"},{"data":"Neutralize","floor":15,"key":"SMITH"},{"data":"Predator","floor":23,"key":"SMITH"},{"data":"Infinite Blades","floor":27,"key":"SMITH"},{"data":"Survivor","floor":32,"key":"SMITH"},{"floor":41,"key":"REST"},{"floor":47,"key":"RECALL"},{"floor":49,"key":"REST"}],"neow_cost":"NONE","seed_source_timestamp":128223619492697,"circlet_count":0,"master_deck":["AscendersBane","Defend_G","Defend_G","Defend_G","Defend_G","Defend_G","Survivor+1","Neutralize+1","Poisoned Stab","Infinite Blades+1","Poisoned Stab","Bane","Bane","Footwork+1","Cloak And Dagger+1","Catalyst+1","Backflip+1","Bullet Time+1","Skewer+1","Outmaneuver+1","Bite","Bite","Bite","Bite","Bite","Predator+1","Crippling Poison+1","Flechettes+1","Crippling Poison+1","Backstab+1","Malaise+1","Dodge and Roll+1","Bouncing Flask+1","Blur+1","Well Laid Plans","PiercingWail+1","Backflip+1","Acrobatics+1","A Thousand Cuts","Footwork","Crippling Poison+1"],"relics":["Ring of the Snake","Bird Faced Urn","Mummified Hand","Toxic Egg 2","Snecko Eye","Meat on the Bone","Shuriken","Blood Vial","Ninja Scroll","Pocketwatch","Fusion Hammer","Anchor","Bottled Lightning","Dodecahedron"],"potions_floor_usage":[10,24,44,44],"damage_taken":[{"damage":6,"enemies":"Jaw Worm","floor":1,"turns":6},{"damage":0,"enemies":"2 Louse","floor":4,"turns":2},{"damage":1,"enemies":"Cultist","floor":5,"turns":3},{"damage":35,"enemies":"Lagavulin","floor":6,"turns":5},{"damage":21,"enemies":"3 Sentries","floor":10,"turns":7},{"damage":8,"enemies":"Large Slime","floor":12,"turns":7},{"damage":0,"enemies":"Looter","floor":13,"turns":2},{"damage":2,"enemies":"Hexaghost","floor":16,"turns":9},{"damage":10,"enemies":"Spheric Guardian","floor":18,"turns":4},{"damage":11,"enemies":"Shell Parasite","floor":19,"turns":4},{"damage":4,"enemies":"Gremlin Leader","floor":24,"turns":4},{"damage":0,"enemies":"Snecko","floor":25,"turns":3},{"damage":0,"enemies":"Slavers","floor":30,"turns":4},{"damage":3,"enemies":"3 Cultists","floor":31,"turns":4},{"damage":55,"enemies":"Champ","floor":33,"turns":8},{"damage":5,"enemies":"3 Shapes","floor":35,"turns":3},{"damage":9,"enemies":"3 Darklings","floor":36,"turns":3},{"damage":29,"enemies":"Spire Growth","floor":38,"turns":4},{"damage":36,"enemies":"Reptomancer","floor":40,"turns":6},{"damage":28,"enemies":"Nemesis","floor":42,"turns":3},{"damage":24,"enemies":"Reptomancer","floor":44,"turns":7},{"damage":0,"enemies":"Writhing Mass","floor":45,"turns":4},{"damage":1,"enemies":"Transient","floor":46,"turns":6},{"damage":22,"enemies":"Jaw Worm Horde","floor":48,"turns":4},{"damage":51,"enemies":"Time Eater","floor":50,"turns":11},{"damage":39,"enemies":"Donu and Deca","floor":51,"turns":5}],"seed_played":"-4328438941575448142","potions_obtained":[{"floor":6,"key":"Explosive Potion"},{"floor":10,"key":"Dexterity Potion"},{"floor":18,"key":"Block Potion"},{"floor":24,"key":"SkillPotion"},{"floor":31,"key":"Energy Potion"},{"floor":40,"key":"Swift Potion"},{"floor":46,"key":"SpeedPotion"},{"floor":48,"key":"SpeedPotion"}],"is_trial":false,"path_per_floor":["M","$","?","M","M","E","R","?","T","E","R","M","M","?","R","B",null,"M","M","?","$","?","R","E","M","T","R","?","?","E","M","R","B",null,"M","M","$","M","?","E","R","E","T","E","M","M","R","M","R","B","B"],"character_chosen":"THE_SILENT","items_purchased":["Infinite Blades","Poisoned Stab","Predator","Crippling Poison+1","Blur+1","Well Laid Plans"],"campfire_rested":3,"item_purchase_floors":[2,2,21,21,37,37],"current_hp_per_floor":[59,59,59,59,58,23,44,44,44,27,27,23,27,27,27,29,61,55,48,48,48,35,35,43,53,53,53,53,53,55,54,54,34,50,50,52,52,28,28,22,38,32,32,30,36,55,55,37,53,27,0],"gold":287,"neow_bonus":"TEN_PERCENT_HP_BONUS","is_prod":false,"is_daily":false,"chose_seed":false,"campfire_upgraded":5,"win_rate":0,"timestamp":1563699513,"path_taken":["M","$","?","M","M","E","R","?","T","E","R","M","?","?","R","BOSS","M","M","?","$","?","R","E","M","T","R","?","?","E","M","R","BOSS","M","M","$","M","?","E","R","E","T","E","M","M","R","M","R","BOSS","BOSS"],"build_version":"2019-07-17","purchased_purges":0,"victory":false,"max_hp_per_floor":[72,72,72,72,72,72,72,72,72,72,72,72,72,72,72,72,72,72,72,50,50,55,55,55,55,55,55,55,55,55,55,55,55,55,55,55,55,55,55,55,55,55,55,55,55,55,55,55,55,55,55],"card_choices":[{"not_picked":["Flying Knee","Calculated Gamble"],"picked":"Poisoned Stab","floor":1},{"not_picked":["Outmaneuver","Cloak And Dagger"],"picked":"Bane","floor":4},{"not_picked":["Blur","Tactician"],"picked":"Bane","floor":5},{"not_picked":["Quick Slash","Venomology"],"picked":"Footwork","floor":6},{"not_picked":["Predator","Calculated Gamble"],"picked":"Cloak And Dagger","floor":10},{"not_picked":["Quick Slash","Sucker Punch"],"picked":"Catalyst+1","floor":12},{"not_picked":["Distraction+1","Dash"],"picked":"Backflip+1","floor":13},{"not_picked":["Glass Knife","Unload"],"picked":"Bullet Time+1","floor":16},{"not_picked":["Riddle With Holes","Reflex+1"],"picked":"Skewer+1","floor":18},{"not_picked":["Blade Dance+1","Poisoned Stab"],"picked":"Outmaneuver+1","floor":19},{"not_picked":["Poisoned Stab","Bane+1","Accuracy"],"picked":"SKIP","floor":24},{"not_picked":["Prepared+1","Expertise+1"],"picked":"Flechettes+1","floor":25},{"not_picked":["Poisoned Stab","Well Laid Plans"],"picked":"Crippling Poison+1","floor":30},{"not_picked":["Infinite Blades","Flying Knee"],"picked":"Backstab+1","floor":31},{"not_picked":["Phantasmal Killer+1","Venomology+1"],"picked":"Malaise+1","floor":33},{"not_picked":["Deadly Poison+1","Bane"],"picked":"Dodge and Roll+1","floor":35},{"not_picked":["Accuracy+1","Slice"],"picked":"Bouncing Flask+1","floor":36},{"not_picked":["Skewer","Poisoned Stab"],"picked":"PiercingWail+1","floor":38},{"not_picked":["Bouncing Flask+1","Slice+1"],"picked":"Backflip+1","floor":40},{"not_picked":["Deflect+1","Distraction+1"],"picked":"Acrobatics+1","floor":42},{"not_picked":["Accuracy","Caltrops+1","Bane+1"],"picked":"SKIP","floor":44},{"not_picked":["PiercingWail+1","Deadly Poison+1"],"picked":"A Thousand Cuts","floor":45},{"not_picked":["Outmaneuver+1","Poisoned Stab"],"picked":"Footwork","floor":46},{"not_picked":["Blade Dance+1","Quick Slash"],"picked":"Crippling Poison+1","floor":48}],"player_experience":852263,"relics_obtained":[{"floor":6,"key":"Bird Faced Urn"},{"floor":9,"key":"Mummified Hand"},{"floor":10,"key":"Toxic Egg 2"},{"floor":24,"key":"Meat on the Bone"},{"floor":26,"key":"Shuriken"},{"floor":30,"key":"Pocketwatch"},{"floor":40,"key":"Anchor"},{"floor":42,"key":"Bottled Lightning"},{"floor":44,"key":"Dodecahedron"}],"event_choices":[{"cards_removed":["Strike_G"],"damage_healed":0,"gold_gain":0,"player_choice":"Forget","damage_taken":0,"max_hp_gain":0,"max_hp_loss":0,"event_name":"Living Wall","floor":3,"gold_loss":0},{"damage_healed":0,"gold_gain":100,"player_choice":"Gold","damage_taken":0,"max_hp_gain":0,"max_hp_loss":0,"event_name":"Wheel of Change","floor":8,"gold_loss":0},{"damage_healed":0,"gold_gain":0,"player_choice":"Ignored","damage_taken":0,"max_hp_gain":0,"max_hp_loss":0,"event_name":"Liars Game","floor":14,"gold_loss":0},{"damage_healed":0,"gold_gain":0,"player_choice":"Became a vampire","damage_taken":0,"max_hp_gain":0,"max_hp_loss":22,"event_name":"Vampires","floor":20,"gold_loss":0,"cards_obtained":["Bite","Bite","Bite","Bite","Bite"]},{"damage_healed":0,"gold_gain":0,"player_choice":"Shed Blood","damage_taken":18,"max_hp_gain":5,"max_hp_loss":0,"event_name":"Forgotten Altar","floor":22,"gold_loss":0},{"damage_healed":0,"gold_gain":0,"player_choice":"Obtained Relic","damage_taken":0,"relics_obtained":["Blood Vial"],"max_hp_gain":0,"max_hp_loss":0,"event_name":"Addict","floor":28,"gold_loss":85},{"damage_healed":0,"gold_gain":0,"player_choice":"Gave Potion","damage_taken":0,"relics_obtained":["Ninja Scroll"],"max_hp_gain":0,"max_hp_loss":0,"event_name":"WeMeetAgain","floor":29,"gold_loss":0},{"damage_healed":0,"gold_gain":0,"player_choice":"Ignored","damage_taken":0,"max_hp_gain":0,"max_hp_loss":0,"event_name":"SecretPortal","floor":39,"gold_loss":0}],"is_beta":false,"boss_relics":[{"not_picked":["HoveringKite","Philosopher\u0027s Stone"],"picked":"Snecko Eye"},{"not_picked":["Empty Cage","Cursed Key"],"picked":"Fusion Hammer"}],"items_purged_floors":[],"is_endless":false,"potions_floor_spawned":[6,10,18,19,24,31,38,40,42,46,48],"killed_by":"Donu and Deca","ascension_level":20}