{"gold_per_floor":[111,125,200,200,200,200,235,254,254,285,309,44,44],"floor_reached":13,"playtime":370,"items_purged":[],"score":186,"play_id":"b52589f1-39c8-48c2-aadf-fc00769af189","local_time":"20190707233200","is_ascension_mode":true,"campfire_choices":[{"floor":6,"key":"REST"}],"neow_cost":"PERCENT_DAMAGE","seed_source_timestamp":2042529228877,"circlet_count":0,"master_deck":["AscendersBane","Strike_B","Strike_B","Strike_B","Defend_B","Defend_B","Defend_B","Defend_B","Zap","Dualcast","Sweeping Beam","Ball Lightning","Darkness","Sweeping Beam","Loop","Conserve Battery","Apotheosis","Conserve Battery"],"relics":["Cracked Core","Golden Idol","Question Card","Ornamental Fan","Juzu Bracelet"],"potions_floor_usage":[7,11,13],"damage_taken":[{"damage":4,"enemies":"Small Slimes","floor":1,"turns":4},{"damage":0,"enemies":"Cultist","floor":2,"turns":3},{"damage":28,"enemies":"3 Sentries","floor":7,"turns":7},{"damage":5,"enemies":"2 Louse","floor":8,"turns":3},{"damage":20,"enemies":"Lagavulin","floor":10,"turns":6},{"damage":13,"enemies":"Exordium Thugs","floor":11,"turns":4},{"damage":7,"enemies":"Red Slaver","floor":13,"turns":2}],"seed_played":"-3434848422599917926","potions_obtained":[{"floor":1,"key":"Energy Potion"},{"floor":2,"key":"EssenceOfSteel"},{"floor":7,"key":"Ancient Potion"}],"is_trial":false,"path_per_floor":["M","M","?","?","?","R","E","M","T","E","M","$","M"],"character_chosen":"DEFECT","items_purchased":["Apotheosis","SkillPotion","Conserve Battery"],"campfire_rested":1,"item_purchase_floors":[12,12,12],"current_hp_per_floor":[56,56,45,45,45,68,40,35,35,15,2,2,0],"gold":44,"neow_bonus":"TWENTY_PERCENT_HP_BONUS","is_prod":false,"is_daily":false,"chose_seed":false,"campfire_upgraded":0,"win_rate":0,"timestamp":1562535120,"path_taken":["M","M","?","?","?","R","E","M","T","E","M","$","M"],"build_version":"2019-07-03","purchased_purges":0,"victory":false,"max_hp_per_floor":[85,85,85,77,77,77,77,77,77,77,77,77,77],"card_choices":[{"not_picked":["Turbo","Chill"],"picked":"Sweeping Beam","floor":1},{"not_picked":["Cold Snap","Beam Cell"],"picked":"Ball Lightning","floor":2},{"not_picked":["Creative AI","Skim"],"picked":"Darkness","floor":7},{"not_picked":["Leap","Steam Power","Consume"],"picked":"Sweeping Beam","floor":8},{"not_picked":["Lockon","Chill","Storm"],"picked":"Loop","floor":10},{"not_picked":["Stack","Amplify","Redo"],"picked":"Conserve Battery","floor":11}],"player_experience":1826781,"relics_obtained":[{"floor":7,"key":"Question Card"},{"floor":9,"key":"Ornamental Fan"},{"floor":10,"key":"Juzu Bracelet"}],"event_choices":[{"damage_healed":0,"gold_gain":75,"player_choice":"Gather Gold","damage_taken":11,"max_hp_gain":0,"max_hp_loss":0,"event_name":"World of Goop","floor":3,"gold_loss":0},{"damage_healed":0,"gold_gain":0,"player_choice":"Lose Max HP","damage_taken":0,"relics_obtained":["Golden Idol"],"max_hp_gain":0,"max_hp_loss":8,"event_name":"Golden Idol","floor":4,"gold_loss":0},{"cards_removed":["Strike_B"],"damage_healed":0,"gold_gain":0,"player_choice":"Offered Basic","damage_taken":0,"max_hp_gain":0,"max_hp_loss":0,"event_name":"Bonfire Elementals","floor":5,"gold_loss":0}],"is_beta":true,"boss_relics":[],"items_purged_floors":[],"is_endless":false,"potions_floor_spawned":[1,2,7],"killed_by":"Red Slaver","ascension_level":20}