{"gold_per_floor":[113,113,113,38,51,90,90,128,155,188,188,25,0,0],"floor_reached":14,"playtime":162,"items_purged":["Strike_B"],"score":258,"play_id":"5c339983-2e67-435b-86b5-afb310496e2a","local_time":"20190610205348","is_ascension_mode":true,"campfire_choices":[{"data":"Dualcast","floor":7,"key":"SMITH"}],"neow_cost":"NONE","seed_source_timestamp":9309864777862,"circlet_count":0,"master_deck":["AscendersBane","Strike_B","Strike_B+1","Defend_B","Defend_B","Defend_B","Defend_B","Zap+1","Dualcast+1","FTL","Cold Snap","All For One","Ball Lightning","Cold Snap","Self Repair"],"relics":["Cracked Core","NeowsBlessing","Golden Idol","Bronze Scales","Happy Flower","Art of War","Mummified Hand"],"potions_floor_usage":[10,14],"damage_taken":[{"damage":0,"enemies":"Small Slimes","floor":1,"turns":1},{"damage":0,"enemies":"2 Louse","floor":5,"turns":1},{"damage":0,"enemies":"Lagavulin","floor":6,"turns":1},{"damage":28,"enemies":"Gremlin Nob","floor":8,"turns":4},{"damage":13,"enemies":"3 Sentries","floor":10,"turns":6},{"damage":10,"enemies":"Jaw Worm","floor":14,"turns":1}],"seed_played":"8590768495357107783","potions_obtained":[{"floor":8,"key":"SpeedPotion"},{"floor":10,"key":"Explosive Potion"}],"is_trial":false,"path_per_floor":["M","?","?","?","M","E","R","E","T","E","?","$","?","M"],"character_chosen":"DEFECT","items_purchased":["Self Repair"],"campfire_rested":0,"item_purchase_floors":[12],"current_hp_per_floor":[64,43,43,43,43,43,43,15,15,2,2,2,2,0],"gold":0,"neow_bonus":"THREE_ENEMY_KILL","is_prod":false,"is_daily":false,"chose_seed":false,"campfire_upgraded":1,"win_rate":0,"timestamp":1560192828,"path_taken":["M","?","?","?","M","E","R","E","T","E","?","$","?","M"],"build_version":"2019-06-07","purchased_purges":1,"victory":false,"max_hp_per_floor":[71,71,64,64,64,64,64,64,64,64,64,64,64,64],"card_choices":[{"not_picked":["Coolheaded","Conserve Battery"],"picked":"FTL","floor":1},{"not_picked":["Chill","Gash"],"picked":"Cold Snap","floor":5},{"not_picked":["Beam Cell","Gash"],"picked":"All For One","floor":6},{"not_picked":["Melter","Conserve Battery"],"picked":"Ball Lightning","floor":8},{"not_picked":["Scrape","Tempest"],"picked":"Cold Snap","floor":10}],"player_experience":1708356,"relics_obtained":[{"floor":6,"key":"Bronze Scales"},{"floor":8,"key":"Happy Flower"},{"floor":9,"key":"Art of War"},{"floor":10,"key":"Mummified Hand"}],"event_choices":[{"damage_healed":0,"gold_gain":0,"player_choice":"Entered Light","damage_taken":21,"max_hp_gain":0,"max_hp_loss":0,"event_name":"Shining Light","floor":2,"gold_loss":0,"cards_upgraded":["Zap","Strike_B"]},{"damage_healed":0,"gold_gain":0,"player_choice":"Lose Max HP","damage_taken":0,"relics_obtained":["Golden Idol"],"max_hp_gain":0,"max_hp_loss":7,"event_name":"Golden Idol","floor":3,"gold_loss":0},{"cards_removed":["Strike_B"],"damage_healed":0,"gold_gain":0,"player_choice":"Card Removal","damage_taken":0,"max_hp_gain":0,"max_hp_loss":0,"event_name":"The Cleric","floor":4,"gold_loss":75},{"damage_healed":0,"gold_gain":0,"player_choice":"Searched \u00271\u0027 times","damage_taken":0,"max_hp_gain":0,"max_hp_loss":0,"event_name":"Dead Adventurer","floor":11,"gold_loss":0},{"damage_healed":0,"gold_gain":0,"player_choice":"Left Gold","damage_taken":0,"max_hp_gain":0,"max_hp_loss":0,"event_name":"World of Goop","floor":13,"gold_loss":25}],"is_beta":true,"boss_relics":[],"items_purged_floors":[12],"is_endless":false,"potions_floor_spawned":[8,10],"killed_by":"Jaw Worm","ascension_level":20}