{"gold_per_floor":[117,133,4,17,31,31,59,74,144,158,188,188,188,206,206,302,302,285,309,23,23,36,36],"floor_reached":23,"playtime":849,"items_purged":[],"score":410,"play_id":"120ad182-8945-42ae-9ab5-a66509ef957a","local_time":"20190707234617","is_ascension_mode":true,"campfire_choices":[{"data":"Static Discharge","floor":6,"key":"SMITH"},{"data":"Coolheaded","floor":13,"key":"SMITH"},{"data":"Coolheaded","floor":15,"key":"SMITH"}],"neow_cost":"NONE","seed_source_timestamp":2421587234820,"circlet_count":0,"master_deck":["AscendersBane","Zap","Dualcast","Lockon","Self Repair","Reinforced Body","Static Discharge+1","Coolheaded+1","Genetic Algorithm","Ball Lightning","Cold Snap","Cold Snap","Coolheaded+1","Buffer","Buffer","Creative AI","FTL","Gash","Glacier","Machine Learning","Steam","Blizzard","Conserve Battery","Ghostly","Ghostly","Ghostly"],"relics":["Cracked Core","Pear","Sundial","Peace Pipe","Golden Idol","Pandora\u0027s Box","Runic Capacitor"],"potions_floor_usage":[5,7,16,16,23,23],"damage_taken":[{"damage":1,"enemies":"Cultist","floor":1,"turns":4},{"damage":11,"enemies":"Small Slimes","floor":2,"turns":4},{"damage":0,"enemies":"2 Louse","floor":4,"turns":2},{"damage":0,"enemies":"Gremlin Gang","floor":5,"turns":6},{"damage":18,"enemies":"3 Sentries","floor":7,"turns":3},{"damage":15,"enemies":"Large Slime","floor":8,"turns":8},{"damage":10,"enemies":"Looter","floor":10,"turns":3},{"damage":24,"enemies":"Gremlin Nob","floor":11,"turns":3},{"damage":9,"enemies":"Red Slaver","floor":14,"turns":2},{"damage":23,"enemies":"Slime Boss","floor":16,"turns":12},{"damage":42,"enemies":"2 Thieves","floor":18,"turns":4},{"damage":10,"enemies":"Chosen","floor":19,"turns":8},{"damage":7,"enemies":"Snake Plant","floor":22,"turns":7},{"damage":38,"enemies":"Gremlin Leader","floor":23,"turns":6}],"seed_played":"-2708279744614967616","potions_obtained":[{"floor":1,"key":"AttackPotion"},{"floor":2,"key":"Fire Potion"},{"floor":8,"key":"Explosive Potion"},{"floor":11,"key":"PowerPotion"},{"floor":22,"key":"SkillPotion"}],"is_trial":false,"path_per_floor":["M","M","$","M","M","R","E","M","T","M","E","?","R","M","R","B",null,"M","M","$","?","M","E"],"character_chosen":"DEFECT","items_purchased":["Self Repair","Reinforced Body","Runic Capacitor","Explosive Potion"],"campfire_rested":0,"item_purchase_floors":[3,3,20,20],"current_hp_per_floor":[70,59,59,59,66,66,65,57,57,54,30,30,30,28,28,12,63,28,25,25,25,25,0],"gold":36,"neow_bonus":"TEN_PERCENT_HP_BONUS","is_prod":false,"is_daily":false,"chose_seed":false,"campfire_upgraded":3,"win_rate":0,"timestamp":1562535977,"path_taken":["M","?","?","M","M","R","E","M","T","M","E","?","R","M","R","BOSS","M","M","$","?","M","E"],"build_version":"2019-07-03","purchased_purges":0,"victory":false,"max_hp_per_floor":[78,78,78,78,78,78,88,88,88,88,88,80,80,80,80,80,80,80,80,80,40,40,40],"card_choices":[{"not_picked":["Tempest","Steam"],"picked":"Lockon","floor":1},{"not_picked":["Hello World","Blizzard","Melter"],"picked":"SKIP","floor":2},{"not_picked":["Reinforced Body","Skim"],"picked":"Static Discharge","floor":4},{"not_picked":["Rebound","Stack"],"picked":"Coolheaded","floor":5},{"not_picked":["Stack","Conserve Battery"],"picked":"Genetic Algorithm","floor":7},{"not_picked":["BootSequence","Reprogram"],"picked":"Ball Lightning","floor":8},{"not_picked":["Leap","Sunder"],"picked":"Cold Snap","floor":10},{"not_picked":["Chaos","Melter"],"picked":"Cold Snap","floor":11},{"not_picked":["Leap","Steam"],"picked":"Coolheaded","floor":14},{"not_picked":["Amplify","Seek"],"picked":"Buffer","floor":16},{"not_picked":["Redo","Rebound"],"picked":"Conserve Battery","floor":18},{"not_picked":["Streamline","Consume","Rebound"],"picked":"SKIP","floor":19},{"not_picked":["Leap","Steam Power","Steam+1"],"picked":"SKIP","floor":22}],"player_experience":1827151,"relics_obtained":[{"floor":7,"key":"Pear"},{"floor":9,"key":"Sundial"},{"floor":11,"key":"Peace Pipe"}],"event_choices":[{"damage_healed":0,"gold_gain":0,"player_choice":"Lose Max HP","damage_taken":0,"relics_obtained":["Golden Idol"],"max_hp_gain":0,"max_hp_loss":8,"event_name":"Golden Idol","floor":12,"gold_loss":0},{"damage_healed":0,"gold_gain":0,"player_choice":"Became a Ghost","damage_taken":0,"max_hp_gain":0,"max_hp_loss":40,"event_name":"Ghosts","floor":21,"gold_loss":0,"cards_obtained":["Ghostly","Ghostly","Ghostly"]}],"is_beta":true,"boss_relics":[{"not_picked":["Nuclear Battery","Coffee Dripper"],"picked":"Pandora\u0027s Box"}],"items_purged_floors":[],"is_endless":false,"potions_floor_spawned":[1,2,4,8,11,22],"killed_by":"Gremlin Leader","ascension_level":20}