{"gold_per_floor":[115,73,73,73,96,130,42,42,42,42,42,42,60,93,93,186,249,274,30,30,53,53,53,78,78,102,102,102],"floor_reached":28,"playtime":1033,"items_purged":["Strike_B"],"score":482,"play_id":"2507c1fd-303c-4631-bb10-3157451b717f","local_time":"20190806213625","is_ascension_mode":true,"campfire_choices":[{"floor":8,"key":"REST"},{"floor":12,"key":"REST"},{"data":"Dualcast","floor":15,"key":"SMITH"},{"data":"Defragment","floor":23,"key":"SMITH"},{"floor":27,"key":"REST"}],"neow_cost":"NONE","seed_source_timestamp":44225601148938,"circlet_count":0,"master_deck":["AscendersBane","Strike_B","Strike_B","Strike_B+1","Defend_B","Defend_B","Defend_B","Zap+1","Dualcast+1","Cold Snap","Glacier","Ball Lightning","Streamline","Capacitor","Reinforced Body","Go for the Eyes","Amplify","Defragment+1","Barrage+1","Recycle","Glacier","BootSequence","Defragment+1"],"relics":["Black Star","Golden Idol","Vajra","Question Card","Dodecahedron","Pen Nib","Shovel","Regal Pillow","Tiny House","Blood Vial"],"potions_floor_usage":[14,18,28],"damage_taken":[{"damage":1,"enemies":"2 Louse","floor":1,"turns":3},{"damage":14,"enemies":"Jaw Worm","floor":5,"turns":4},{"damage":20,"enemies":"Lagavulin","floor":6,"turns":9},{"damage":0,"enemies":"Cultist","floor":13,"turns":3},{"damage":0,"enemies":"Gremlin Nob","floor":14,"turns":3},{"damage":38,"enemies":"The Guardian","floor":16,"turns":11},{"damage":7,"enemies":"3 Byrds","floor":18,"turns":3},{"damage":10,"enemies":"Spheric Guardian","floor":21,"turns":5},{"damage":28,"enemies":"Centurion and Healer","floor":24,"turns":8},{"damage":55,"enemies":"Book of Stabbing","floor":28,"turns":5}],"seed_played":"-2487189395534978414","potions_obtained":[{"floor":6,"key":"Fire Potion"},{"floor":16,"key":"Explosive Potion"},{"floor":17,"key":"PowerPotion"}],"is_trial":false,"path_per_floor":["M","$","?","?","M","E","$","R","T","T","?","R","M","E","R","B",null,"M","$","?","M","?","R","M","?","T","R","E"],"character_chosen":"DEFECT","items_purchased":["Glacier","Capacitor","Recycle","FocusPotion"],"campfire_rested":3,"item_purchase_floors":[2,7,19,19],"current_hp_per_floor":[63,63,63,63,49,29,29,48,48,48,48,64,64,64,64,26,60,53,53,53,43,43,43,15,15,15,50,0],"gold":102,"neow_bonus":"BOSS_RELIC","is_prod":false,"is_daily":false,"chose_seed":false,"campfire_upgraded":2,"win_rate":0,"timestamp":1565094985,"path_taken":["M","$","?","?","M","E","$","R","T","?","?","R","M","E","R","BOSS","M","$","?","M","?","R","M","?","T","R","E"],"build_version":"2019-07-17","purchased_purges":1,"victory":false,"max_hp_per_floor":[71,71,71,64,64,64,64,64,64,64,64,64,64,64,64,64,69,69,69,69,69,69,69,69,69,69,69,69],"card_choices":[{"not_picked":["Rebound","Stack"],"picked":"Cold Snap","floor":1},{"not_picked":["Redo","Conserve Battery"],"picked":"Ball Lightning","floor":5},{"not_picked":["Darkness","Heatsinks"],"picked":"Streamline","floor":6},{"not_picked":["Sweeping Beam","Reprogram","Cold Snap"],"picked":"Reinforced Body","floor":13},{"not_picked":["Static Discharge","Doom and Gloom","Darkness"],"picked":"Go for the Eyes","floor":14},{"not_picked":["Fission","Buffer","Multi-Cast"],"picked":"Amplify","floor":16},{"not_picked":["Auto Shields","FTL","Hologram"],"picked":"Defragment","floor":17},{"not_picked":["Leap","Gash","Conserve Battery"],"picked":"Barrage+1","floor":18},{"not_picked":["Barrage","Beam Cell","Steam"],"picked":"BootSequence","floor":21},{"not_picked":["Rebound","Steam Power","Stack"],"picked":"Defragment","floor":24}],"player_experience":263758,"relics_obtained":[{"floor":6,"key":"Vajra"},{"floor":6,"key":"Question Card"},{"floor":9,"key":"Dodecahedron"},{"floor":10,"key":"Pen Nib"},{"floor":14,"key":"Shovel"},{"floor":14,"key":"Regal Pillow"},{"floor":26,"key":"Blood Vial"}],"event_choices":[{"cards_removed":["Defend_B"],"damage_healed":0,"gold_gain":0,"player_choice":"Forget","damage_taken":0,"max_hp_gain":0,"max_hp_loss":0,"event_name":"Living Wall","floor":3,"gold_loss":0},{"damage_healed":0,"gold_gain":0,"player_choice":"Lose Max HP","damage_taken":0,"relics_obtained":["Golden Idol"],"max_hp_gain":0,"max_hp_loss":7,"event_name":"Golden Idol","floor":4,"gold_loss":0},{"damage_healed":0,"gold_gain":0,"player_choice":"Upgraded","damage_taken":0,"max_hp_gain":0,"max_hp_loss":0,"event_name":"Upgrade Shrine","floor":11,"gold_loss":0,"cards_upgraded":["Zap"]},{"damage_healed":0,"gold_gain":0,"player_choice":"Read","damage_taken":0,"max_hp_gain":0,"max_hp_loss":0,"event_name":"The Library","floor":20,"gold_loss":0,"cards_obtained":["Glacier"]},{"damage_healed":0,"gold_gain":0,"player_choice":"Ignored","damage_taken":0,"max_hp_gain":0,"max_hp_loss":0,"event_name":"The Mausoleum","floor":22,"gold_loss":0},{"damage_healed":0,"gold_gain":0,"player_choice":"Upgraded","damage_taken":0,"max_hp_gain":0,"max_hp_loss":0,"event_name":"Upgrade Shrine","floor":25,"gold_loss":0,"cards_upgraded":["Defragment"]}],"is_beta":false,"boss_relics":[{"not_picked":["White Beast Statue","Fusion Hammer"],"picked":"Tiny House"}],"items_purged_floors":[19],"is_endless":false,"potions_floor_spawned":[6,16,24],"killed_by":"Book of Stabbing","ascension_level":19}