{"gold_per_floor":[119,119,134,3,3,3,335,335,416,228,239,254,52,52,52,151,151,174,187,23,23,23,23,61,61,61,61,81,81,120,133,133,224,224,239,239,1238,1257,89,89,89],"floor_reached":41,"playtime":1442,"items_purged":["Regret","Strike_B","Strike_B","Normality"],"score":1075,"play_id":"0a883bcb-deea-4c46-a3c0-f03f4593b39a","local_time":"20190803010105","is_ascension_mode":true,"campfire_choices":[{"data":"Hologram","floor":6.0,"key":"SMITH"},{"floor":8.0,"key":"REST"},{"data":"Dualcast","floor":15.0,"key":"SMITH"},{"floor":23.0,"key":"REST"},{"floor":25.0,"key":"REST"},{"floor":29.0,"key":"REST"},{"data":"Biased Cognition","floor":32.0,"key":"SMITH"},{"data":"Defragment","floor":40.0,"key":"SMITH"}],"neow_cost":"NONE","seed_source_timestamp":18257811907088,"circlet_count":0,"master_deck":["AscendersBane","Strike_B+1","Strike_B+1","Defend_B+1","Defend_B+1","Defend_B+1","Defend_B+1","Zap+1","Dualcast+1","Darkness+1","Cold Snap","Hologram+1","Echo Form","Glacier+1","Compile Driver","Redo+1","Capacitor","Biased Cognition+1","Consume+1","Reinforced Body+1","Fission+1","Double Energy+1","Chaos+1","Stack+1","Core Surge","Normality","Defragment+1"],"special_seed":0,"relics":["Cracked Core","Bag of Preparation","Omamori","Old Coin","Toxic Egg 2","Golden Idol","Nuclear Battery","Pear","The Courier","Bottled Flame","Runic Pyramid","Ancient Tea Set","Bag of Marbles","FossilizedHelix","War Paint","Gambling Chip","Strawberry"],"potions_floor_usage":[],"damage_taken":[{"damage":3.0,"enemies":"Small Slimes","floor":1.0,"turns":3.0},{"damage":10.0,"enemies":"Jaw Worm","floor":3.0,"turns":5.0},{"damage":30.0,"enemies":"3 Sentries","floor":7.0,"turns":8.0},{"damage":0.0,"enemies":"2 Louse","floor":11.0,"turns":3.0},{"damage":13.0,"enemies":"Exordium Wildlife","floor":12.0,"turns":5.0},{"damage":0.0,"enemies":"The Guardian","floor":16.0,"turns":11.0},{"damage":19.0,"enemies":"Chosen","floor":18.0,"turns":6.0},{"damage":22.0,"enemies":"Spheric Guardian","floor":19.0,"turns":4.0},{"damage":64.0,"enemies":"Slavers","floor":24.0,"turns":8.0},{"damage":16.0,"enemies":"Centurion and Healer","floor":28.0,"turns":9.0},{"damage":0.0,"enemies":"Gremlin Leader","floor":30.0,"turns":8.0},{"damage":0.0,"enemies":"Snecko","floor":31.0,"turns":4.0},{"damage":19.0,"enemies":"Champ","floor":33.0,"turns":14.0},{"damage":0.0,"enemies":"3 Shapes","floor":35.0,"turns":5.0},{"damage":0.0,"enemies":"Orb Walker","floor":38.0,"turns":3.0},{"damage":94,"enemies":"Reptomancer","floor":41,"turns":11}],"seed_played":"-8681238525720675641","potions_obtained":[{"floor":11.0,"key":"Weak Potion"},{"floor":12.0,"key":"Ancient Potion"},{"floor":24.0,"key":"Swift Potion"},{"floor":31.0,"key":"FearPotion"}],"is_trial":false,"path_per_floor":["M","?","M","$","?","R","E","R","T","$","M","M","$","?","R","B",null,"M","M","$","?","$","R","E","R","T","?","M","R","E","M","R","B",null,"M","?","?","M","$","R","E"],"character_chosen":"DEFECT","items_purchased":["Hologram","Glacier+1","Capacitor","Fission+1","Regen Potion","Ancient Tea Set","Bag of Marbles","FossilizedHelix","War Paint","Gambling Chip","Strawberry","Defragment"],"campfire_rested":4,"item_purchase_floors":[4,10,13,20,20,39,39,39,39,39,39,39],"current_hp_per_floor":[61,61,51,51,51,51,21,42,42,42,42,29,29,29,29,29,61,42,20,20,34,34,55,16,40,40,40,24,48,48,48,48,29,68,68,81,81,81,88,88,0],"gold":89,"neow_bonus":"RANDOM_COMMON_RELIC","is_prod":false,"is_daily":false,"chose_seed":false,"campfire_upgraded":4,"win_rate":0,"timestamp":1564786865,"path_taken":["M","?","M","$","?","R","E","R","T","$","M","M","$","?","R","BOSS","M","M","$","?","$","R","E","R","T","?","M","R","E","M","R","BOSS","M","?","?","M","$","R","E"],"build_version":"2019-07-18","purchased_purges":4,"victory":false,"max_hp_per_floor":[71,71,71,71,71,71,71,71,71,71,71,71,71,71,71,71,71,71,71,71,71,71,71,81,81,81,81,81,81,81,81,81,81,81,81,81,81,81,88,88,88],"card_choices":[{"not_picked":["Sweeping Beam","Coolheaded"],"picked":"Darkness","floor":1.0},{"not_picked":["Machine Learning","Go for the Eyes"],"picked":"Cold Snap","floor":3.0},{"not_picked":["Genetic Algorithm","Capacitor"],"picked":"Echo Form","floor":7.0},{"not_picked":["Cold Snap","Rebound"],"picked":"Compile Driver","floor":11.0},{"not_picked":["Gash","Sunder"],"picked":"Redo+1","floor":12.0},{"not_picked":["All For One","Buffer"],"picked":"Biased Cognition","floor":16.0},{"not_picked":["Steam+1","Scrape"],"picked":"Consume+1","floor":18.0},{"not_picked":["Go for the Eyes","Steam Power+1"],"picked":"Reinforced Body+1","floor":19.0},{"not_picked":["Barrage","Steam Power+1","Ball Lightning"],"picked":"SKIP","floor":24.0},{"not_picked":["Sweeping Beam","Rebound+1"],"picked":"Double Energy+1","floor":28.0},{"not_picked":["Cold Snap+1","Static Discharge"],"picked":"Chaos+1","floor":30.0},{"not_picked":["Stack+1","Steam Power+1","Sweeping Beam"],"picked":"SKIP","floor":31.0},{"not_picked":["Steam Power+1","Sweeping Beam"],"picked":"Stack+1","floor":31.0},{"not_picked":["Machine Learning","Meteor Strike"],"picked":"Core Surge","floor":33.0},{"not_picked":["Rebound","Beam Cell","Barrage"],"picked":"SKIP","floor":35.0},{"not_picked":["Barrage","Cold Snap","Melter"],"picked":"SKIP","floor":38.0}],"player_experience":1946590,"relics_obtained":[{"floor":7.0,"key":"Old Coin"},{"floor":9.0,"key":"Toxic Egg 2"},{"floor":24.0,"key":"Pear"},{"floor":26.0,"key":"The Courier"},{"floor":30.0,"key":"Bottled Flame"}],"event_choices":[{"damage_healed":0.0,"max_hp_gain":0.0,"max_hp_loss":0.0,"gold_gain":0.0,"event_name":"Big Fish","player_choice":"Box","floor":2.0,"gold_loss":0.0,"damage_taken":0.0,"relics_obtained":["Omamori"],"cards_obtained":["Regret"]},{"damage_healed":0.0,"max_hp_gain":0.0,"max_hp_loss":0.0,"gold_gain":0.0,"event_name":"Living Wall","player_choice":"Grow","floor":5.0,"gold_loss":0.0,"damage_taken":0.0,"cards_upgraded":["Darkness"]},{"damage_healed":0.0,"max_hp_gain":0.0,"max_hp_loss":0.0,"gold_gain":0.0,"event_name":"Golden Idol","player_choice":"Take Wound","floor":14.0,"gold_loss":0.0,"damage_taken":0.0,"relics_obtained":["Golden Idol"],"cards_obtained":["Injury"]},{"damage_healed":14.0,"max_hp_gain":0.0,"max_hp_loss":0.0,"gold_gain":0.0,"event_name":"The Library","player_choice":"Heal","floor":21.0,"gold_loss":0.0,"damage_taken":0.0},{"damage_healed":0.0,"max_hp_gain":0.0,"max_hp_loss":0.0,"gold_gain":0.0,"event_name":"Back to Basics","player_choice":"Simplicity","floor":27.0,"gold_loss":0.0,"damage_taken":0.0,"cards_upgraded":["Strike_B","Strike_B","Defend_B","Defend_B","Defend_B","Defend_B"]},{"damage_healed":16.0,"max_hp_gain":0.0,"max_hp_loss":0.0,"gold_gain":0.0,"event_name":"Winding Halls","player_choice":"Writhe","floor":36.0,"gold_loss":0.0,"damage_taken":0.0,"cards_obtained":["Writhe"]},{"damage_healed":0.0,"max_hp_gain":0.0,"max_hp_loss":0.0,"gold_gain":999.0,"event_name":"MindBloom","player_choice":"Gold","floor":37.0,"gold_loss":0.0,"damage_taken":0.0,"cards_obtained":["Normality","Normality"]}],"is_beta":true,"boss_relics":[{"not_picked":["Orrery","Lizard Tail"],"picked":"Nuclear Battery"},{"not_picked":["Empty Cage","Busted Crown"],"picked":"Runic Pyramid"}],"items_purged_floors":[4,10,13,39],"is_endless":false,"potions_floor_spawned":[11,12,16,24,31],"killed_by":"Reptomancer","ascension_level":20}