{"gold_per_floor":[112,112,112,39,39,39,59,72,72,87,87,118,118,159,159,159],"floor_reached":16,"playtime":1103,"items_purged":["Strike_G"],"score":130,"play_id":"7e9458f4-9d72-44d1-b7e2-989c28cf9206","local_time":"20190531233241","is_ascension_mode":true,"campfire_choices":[{"data":"Backstab","floor":6.0,"key":"SMITH"},{"data":"Underhanded Strike","floor":11,"key":"SMITH"},{"data":"Deflect","floor":13,"key":"SMITH"},{"data":"Acrobatics","floor":15,"key":"SMITH"}],"neow_cost":"","seed_source_timestamp":0,"circlet_count":0,"master_deck":["Defend_G","Defend_G","Defend_G","Defend_G","Defend_G","Strike_G","Strike_G","Strike_G","Strike_G","Survivor+1","Neutralize+1","Deflect+1","Dagger Throw","Injury","Backstab+1","Underhanded Strike+1","Underhanded Strike+1","Acrobatics+1"],"special_seed":0,"relics":["Ring of the Snake","Golden Idol","Gremlin Horn","Molten Egg 2","Pantograph"],"potions_floor_usage":[12,16,16,16],"damage_taken":[{"damage":1.0,"enemies":"Cultist","floor":1.0,"turns":6.0},{"damage":0.0,"enemies":"Jaw Worm","floor":7.0,"turns":3.0},{"damage":0,"enemies":"Small Slimes","floor":8,"turns":2},{"damage":0,"enemies":"Looter","floor":10,"turns":3},{"damage":15,"enemies":"3 Sentries","floor":12,"turns":5},{"damage":9,"enemies":"Gremlin Nob","floor":14,"turns":4},{"damage":58,"enemies":"Hexaghost","floor":16,"turns":14}],"seed_played":"-7369170745845967948","potions_obtained":[{"floor":1.0,"key":"Weak Potion"},{"floor":8,"key":"Explosive Potion"},{"floor":12,"key":"Swift Potion"},{"floor":14,"key":"Fire Potion"}],"is_trial":false,"path_per_floor":["M","?","?","$","$","R","M","M","T","M","R","E","R","E","R","B"],"character_chosen":"THE_SILENT","items_purchased":["Deflect","Backstab"],"campfire_rested":0,"item_purchase_floors":[0,4],"current_hp_per_floor":[69,55,55,55,55,55,55,55,55,55,55,40,40,31,31,0],"gold":159,"neow_bonus":"","is_prod":false,"is_daily":false,"chose_seed":false,"campfire_upgraded":4,"win_rate":0,"timestamp":1559363561,"path_taken":["M","?","?","?","$","R","M","M","T","M","R","E","R","E","R","BOSS"],"build_version":"2019-01-23","purchased_purges":1,"victory":false,"max_hp_per_floor":[70,70,70,70,70,70,70,70,70,70,70,70,70,70,70,70],"card_choices":[{"not_picked":["Backflip","Deflect"],"picked":"Dagger Throw","floor":1.0},{"not_picked":["Backflip","Deadly Poison","Cloak And Dagger"],"picked":"SKIP","floor":7.0},{"not_picked":["PiercingWail","Skewer","Slice"],"picked":"SKIP","floor":8},{"not_picked":["PiercingWail","Skewer","Slice"],"picked":"SKIP","floor":8},{"not_picked":["Poisoned Stab","Riddle With Holes"],"picked":"Underhanded Strike","floor":10},{"not_picked":["Well Laid Plans","Quick Slash"],"picked":"Underhanded Strike","floor":12},{"not_picked":["After Image","Eviscerate+1"],"picked":"Acrobatics","floor":14}],"player_experience":337930,"relics_obtained":[{"floor":9,"key":"Gremlin Horn"},{"floor":12,"key":"Molten Egg 2"},{"floor":14,"key":"Pantograph"}],"event_choices":[{"damage_healed":0.0,"max_hp_gain":0.0,"max_hp_loss":0.0,"gold_gain":0.0,"event_name":"Shining Light","player_choice":"Entered Light","floor":2.0,"gold_loss":0.0,"damage_taken":14.0,"cards_upgraded":["Neutralize","Survivor"]},{"damage_healed":0.0,"max_hp_gain":0.0,"max_hp_loss":0.0,"gold_gain":0.0,"event_name":"Golden Idol","player_choice":"Take Wound","floor":3.0,"gold_loss":0.0,"damage_taken":0.0,"relics_obtained":["Golden Idol"],"cards_obtained":["Injury"]}],"is_beta":false,"boss_relics":[],"items_purged_floors":[0],"is_endless":false,"potions_floor_spawned":[1,8,12,14],"killed_by":"Hexaghost","ascension_level":4}