{"gold_per_floor":[113,113,163,182,182,215,215,241,241,251,44,55,55,55,55,127,127,142,1,1,20,33,33,33,233,305,321,321,348,107,125,125,196,196,206,216,216,268,279,279,305,305,305,317,329],"floor_reached":45,"playtime":3466,"items_purged":["Writhe"],"score":1238,"play_id":"f0b16183-77e6-4178-bc8e-bcef19e47389","local_time":"20190803125205","is_ascension_mode":true,"campfire_choices":[{"data":"Deadly Poison","floor":7.0,"key":"SMITH"},{"data":"Apotheosis","floor":13.0,"key":"SMITH"},{"data":"Footwork","floor":15.0,"key":"SMITH"},{"data":"After Image","floor":23.0,"key":"SMITH"},{"data":"Well Laid Plans","floor":32.0,"key":"SMITH"},{"floor":40.0,"key":"RECALL"}],"neow_cost":"NONE","seed_source_timestamp":122332702536300,"circlet_count":0,"master_deck":["AscendersBane","Strike_G","Strike_G","Strike_G","Strike_G","Strike_G","Defend_G","Defend_G","Defend_G","Defend_G","Defend_G","Survivor","Neutralize","Endless Agony","Deadly Poison+1","Deadly Poison","Cloak And Dagger","Footwork+1","Apotheosis+1","Backflip","Envenom","After Image+1","Dash","Noxious Fumes","Footwork+1","Blade Dance+1","Deadly Poison","Ghostly+1","Ghostly","Ghostly","PiercingWail","Well Laid Plans+1","Catalyst","Glass Knife+1","Cloak And Dagger","Deadly Poison","PiercingWail"],"special_seed":0,"relics":["Ring of the Snake","NeowsBlessing","Gremlin Horn","Anchor","Blood Vial","Mercury Hourglass","Vajra","Coffee Dripper","Matryoshka","Boot","Molten Egg 2","Fusion Hammer","Tingsha","Potion Belt","MawBank"],"potions_floor_usage":[41,41],"damage_taken":[{"damage":0.0,"enemies":"Small Slimes","floor":1.0,"turns":1.0},{"damage":0.0,"enemies":"2 Louse","floor":4.0,"turns":1.0},{"damage":0.0,"enemies":"3 Sentries","floor":6.0,"turns":1.0},{"damage":37.0,"enemies":"Lagavulin","floor":8.0,"turns":6.0},{"damage":0.0,"enemies":"Cultist","floor":10.0,"turns":2.0},{"damage":0.0,"enemies":"Blue Slaver","floor":12.0,"turns":3.0},{"damage":8.0,"enemies":"Hexaghost","floor":16.0,"turns":7.0},{"damage":0.0,"enemies":"Shell Parasite","floor":18.0,"turns":5.0},{"damage":4.0,"enemies":"3 Byrds","floor":21.0,"turns":4.0},{"damage":4.0,"enemies":"3 Cultists","floor":22.0,"turns":4.0},{"damage":0.0,"enemies":"Centurion and Healer","floor":27.0,"turns":6.0},{"damage":13.0,"enemies":"Slavers","floor":29.0,"turns":7.0},{"damage":0.0,"enemies":"Snake Plant","floor":31.0,"turns":4.0},{"damage":0.0,"enemies":"Champ","floor":33.0,"turns":9.0},{"damage":0.0,"enemies":"3 Darklings","floor":35.0,"turns":5.0},{"damage":0.0,"enemies":"3 Shapes","floor":36.0,"turns":4.0},{"damage":8.0,"enemies":"2 Orb Walkers","floor":38.0,"turns":5.0},{"damage":15.0,"enemies":"Writhing Mass","floor":39.0,"turns":7.0},{"damage":0,"enemies":"Reptomancer","floor":41,"turns":6},{"damage":25,"enemies":"Nemesis","floor":45,"turns":3}],"seed_played":"8305435413735165019","potions_obtained":[{"floor":1.0,"key":"Energy Potion"},{"floor":10.0,"key":"Weak Potion"},{"floor":12.0,"key":"PowerPotion"},{"floor":22.0,"key":"GhostInAJar"},{"floor":31.0,"key":"GamblersBrew"},{"floor":33.0,"key":"EssenceOfSteel"},{"floor":38.0,"key":"SpeedPotion"},{"floor":41,"key":"FearPotion"}],"is_trial":false,"path_per_floor":["M","?","?","M","?","E","R","E","T","M","$","M","R","T","R","B",null,"M","$","?","M","M","R","?","?","T","M","?","E","$","M","R","B",null,"M","M","?","?","M","R","E","?","T","R","E"],"character_chosen":"THE_SILENT","items_purchased":["Apotheosis","Backflip","Noxious Fumes","Fire Potion","Well Laid Plans","Catalyst"],"campfire_rested":0,"item_purchase_floors":[11,11,19,19,30,30],"current_hp_per_floor":[59,64,64,64,53,53,53,16,16,18,18,20,20,20,20,14,57,59,59,59,57,55,55,35,35,35,35,35,22,22,24,24,26,33,35,35,35,27,14,14,16,16,16,16,0],"gold":329,"neow_bonus":"THREE_ENEMY_KILL","is_prod":false,"is_daily":false,"chose_seed":false,"campfire_upgraded":5,"win_rate":0,"timestamp":1564861925,"path_taken":["M","?","?","?","?","E","R","E","T","M","$","M","R","?","R","BOSS","M","$","?","M","?","R","?","?","T","?","?","E","$","M","R","BOSS","M","M","?","?","M","R","E","?","T","R","E"],"build_version":"2019-07-17","purchased_purges":1,"victory":false,"max_hp_per_floor":[66,71,71,71,71,71,71,71,71,71,71,71,71,71,71,71,71,71,71,71,71,71,71,35,35,35,35,35,35,35,35,35,35,35,35,35,35,35,35,35,35,35,35,35,35],"card_choices":[{"not_picked":["Leg Sweep","Blade Dance"],"picked":"Endless Agony","floor":1.0},{"not_picked":["Prepared","Quick Slash"],"picked":"Deadly Poison","floor":4.0},{"not_picked":["Bane","Slice"],"picked":"Deadly Poison","floor":6.0},{"not_picked":["Flying Knee","Dodge and Roll"],"picked":"Cloak And Dagger","floor":8.0},{"not_picked":["Eviscerate","Finisher"],"picked":"Footwork","floor":10.0},{"not_picked":["Prepared","Bane"],"picked":"Envenom","floor":12.0},{"not_picked":["A Thousand Cuts","Adrenaline"],"picked":"After Image","floor":16.0},{"not_picked":["Sucker Punch+1","Poisoned Stab"],"picked":"Dash","floor":18.0},{"not_picked":["Choke","Underhanded Strike"],"picked":"Blade Dance+1","floor":21.0},{"not_picked":["Eviscerate","Cloak And Dagger"],"picked":"Deadly Poison","floor":22.0},{"not_picked":["Quick Slash","Dagger Throw","Blade Dance"],"picked":"SKIP","floor":27.0},{"not_picked":["Storm of Steel","Deflect"],"picked":"PiercingWail","floor":29.0},{"not_picked":["Riddle With Holes+1","Slice+1","Blade Dance"],"picked":"SKIP","floor":31.0},{"not_picked":["Phantasmal Killer","Unload+1"],"picked":"Glass Knife+1","floor":33.0},{"not_picked":["Noxious Fumes","Outmaneuver"],"picked":"Cloak And Dagger","floor":35.0},{"not_picked":["Setup","Dagger Throw+1"],"picked":"Deadly Poison","floor":36.0},{"not_picked":["Distraction","Masterful Stab+1","Riddle With Holes+1"],"picked":"SKIP","floor":39.0},{"not_picked":["Bane+1","Cloak And Dagger"],"picked":"PiercingWail","floor":41}],"player_experience":1196192,"relics_obtained":[{"floor":6.0,"key":"Anchor"},{"floor":8.0,"key":"Blood Vial"},{"floor":9.0,"key":"Mercury Hourglass"},{"floor":14.0,"key":"Vajra"},{"floor":26.0,"key":"Matryoshka"},{"floor":29.0,"key":"Molten Egg 2"},{"floor":38.0,"key":"Tingsha"},{"floor":41,"key":"Potion Belt"},{"floor":43,"key":"MawBank"}],"event_choices":[{"damage_healed":0.0,"max_hp_gain":5.0,"max_hp_loss":0.0,"gold_gain":0.0,"event_name":"Big Fish","player_choice":"Donut","floor":2.0,"gold_loss":0.0,"damage_taken":0.0},{"damage_healed":0.0,"max_hp_gain":0.0,"max_hp_loss":0.0,"gold_gain":50.0,"event_name":"Golden Shrine","player_choice":"Pray","floor":3.0,"gold_loss":0.0,"damage_taken":0.0},{"damage_healed":0.0,"max_hp_gain":0.0,"max_hp_loss":0.0,"gold_gain":0.0,"event_name":"Scrap Ooze","player_choice":"Success","floor":5.0,"gold_loss":0.0,"damage_taken":11.0,"relics_obtained":["Gremlin Horn"]},{"damage_healed":0.0,"max_hp_gain":0.0,"max_hp_loss":0.0,"gold_gain":0.0,"event_name":"Duplicator","player_choice":"Copied","floor":20.0,"gold_loss":0.0,"damage_taken":0.0,"cards_obtained":["Footwork"]},{"damage_healed":0.0,"max_hp_gain":0.0,"max_hp_loss":36.0,"gold_gain":0.0,"event_name":"Ghosts","player_choice":"Became a Ghost","floor":24.0,"gold_loss":0.0,"damage_taken":0.0,"cards_obtained":["Ghostly","Ghostly","Ghostly"]},{"damage_healed":0.0,"max_hp_gain":0.0,"max_hp_loss":0.0,"gold_gain":200.0,"event_name":"Wheel of Change","player_choice":"Gold","floor":25.0,"gold_loss":0.0,"damage_taken":0.0},{"damage_healed":0.0,"max_hp_gain":0.0,"max_hp_loss":0.0,"gold_gain":0.0,"event_name":"The Mausoleum","player_choice":"Opened","floor":28.0,"gold_loss":0.0,"damage_taken":0.0,"relics_obtained":["Boot"],"cards_obtained":["Writhe"]},{"damage_healed":0.0,"max_hp_gain":0.0,"max_hp_loss":0.0,"gold_gain":0.0,"event_name":"Tomb of Lord Red Mask","player_choice":"Ignored","floor":37.0,"gold_loss":0.0,"damage_taken":0.0},{"damage_healed":0.0,"max_hp_gain":0.0,"max_hp_loss":0.0,"gold_gain":0.0,"event_name":"Mysterious Sphere","player_choice":"Fight","floor":38.0,"gold_loss":0.0,"damage_taken":0.0},{"damage_healed":0,"gold_gain":0,"player_choice":"Upgraded","damage_taken":0,"max_hp_gain":0,"max_hp_loss":0,"event_name":"Upgrade Shrine","floor":42,"gold_loss":0,"cards_upgraded":["Ghostly"]}],"is_beta":false,"boss_relics":[{"not_picked":["Orrery","Empty Cage"],"picked":"Coffee Dripper"},{"not_picked":["Black Star","Busted Crown"],"picked":"Fusion Hammer"}],"items_purged_floors":[30],"is_endless":false,"potions_floor_spawned":[1,10,12,21,22,27,31,33,35,36,38,41],"killed_by":"Nemesis","ascension_level":20}