{"gold_per_floor":[116,116,64,64,10,43,43,60,140,166,166,166,199,213,213,284,284,296,309,325,325],"floor_reached":21,"playtime":1686,"items_purged":[],"score":444,"play_id":"f9d0bfe4-0a0f-4b84-8630-ed1a92125aaf","local_time":"20190730225156","is_ascension_mode":true,"campfire_choices":[{"data":"Bash","floor":7.0,"key":"SMITH"},{"data":"Clothesline","floor":11.0,"key":"SMITH"},{"data":"Feel No Pain","floor":15.0,"key":"SMITH"}],"neow_cost":"NONE","seed_source_timestamp":948444874534828,"circlet_count":0,"master_deck":["AscendersBane","Bash+1","Feel No Pain+1","Clothesline+1","Twin Strike","Corruption","Pummel","Dark Embrace","Rupture","Immolate","Headbutt","Demon Form","Anger","Barricade","Entrench","Corruption","Entrench","Flame Barrier","Impervious","Feel No Pain","Shrug It Off","Reckless Charge+1"],"special_seed":0,"relics":["Burning Blood","NeowsBlessing","Bag of Marbles","Mummified Hand","Shuriken","Boot","Pandora\u0027s Box"],"potions_floor_usage":[],"damage_taken":[{"damage":0.0,"enemies":"2 Louse","floor":1.0,"turns":1.0},{"damage":0.0,"enemies":"Gremlin Nob","floor":6.0,"turns":1.0},{"damage":0.0,"enemies":"Cultist","floor":8.0,"turns":1.0},{"damage":27.0,"enemies":"Lagavulin","floor":10.0,"turns":5.0},{"damage":26.0,"enemies":"Gremlin Nob","floor":13.0,"turns":4.0},{"damage":0.0,"enemies":"Small Slimes","floor":14.0,"turns":1.0},{"damage":27.0,"enemies":"The Guardian","floor":16.0,"turns":11.0},{"damage":18.0,"enemies":"Chosen","floor":18.0,"turns":4.0},{"damage":30.0,"enemies":"Shell Parasite","floor":19.0,"turns":5.0},{"damage":14,"enemies":"Centurion and Healer","floor":20,"turns":4},{"damage":18,"enemies":"Masked Bandits","floor":21,"turns":3}],"seed_played":"-8043856128377751779","potions_obtained":[{"floor":6.0,"key":"Weak Potion"},{"floor":8.0,"key":"Swift Potion"},{"floor":13.0,"key":"EssenceOfSteel"}],"is_trial":false,"path_per_floor":["M","?","$","?","$","E","R","M","T","E","R","?","E","M","R","B",null,"M","M","M","?"],"character_chosen":"IRONCLAD","items_purchased":["Clothesline","Twin Strike"],"campfire_rested":0,"item_purchase_floors":[3,5],"current_hp_per_floor":[74,74,74,74,74,75,75,75,75,54,54,54,34,40,40,19,61,49,25,17,0],"gold":325,"neow_bonus":"THREE_ENEMY_KILL","is_prod":false,"is_daily":false,"chose_seed":false,"campfire_upgraded":3,"win_rate":0,"timestamp":1564516316,"path_taken":["M","?","?","?","$","E","R","M","T","E","R","?","E","M","R","BOSS","M","M","?","?"],"build_version":"2019-07-17","purchased_purges":0,"victory":false,"max_hp_per_floor":[75,75,75,75,75,75,75,75,75,75,75,75,75,75,75,75,75,75,75,75,75],"card_choices":[{"not_picked":["Warcry","Armaments"],"picked":"Feel No Pain","floor":1.0},{"not_picked":["Intimidate","Twin Strike"],"picked":"Corruption","floor":6.0},{"not_picked":["Cleave","Dual Wield"],"picked":"Pummel","floor":8.0},{"not_picked":["Shrug It Off","Perfected Strike"],"picked":"Dark Embrace","floor":10.0},{"not_picked":["Headbutt","Searing Blow"],"picked":"Immolate","floor":13.0},{"not_picked":["Flex","Body Slam"],"picked":"Headbutt","floor":14.0},{"not_picked":["Feed","Bludgeon"],"picked":"Demon Form","floor":16.0},{"not_picked":["Sever Soul","Seeing Red"],"picked":"Feel No Pain","floor":18.0},{"not_picked":["Perfected Strike","Armaments"],"picked":"Shrug It Off","floor":19.0},{"not_picked":["Iron Wave","Anger+1"],"picked":"Reckless Charge+1","floor":20}],"player_experience":1119249,"relics_obtained":[{"floor":6.0,"key":"Bag of Marbles"},{"floor":9.0,"key":"Mummified Hand"},{"floor":10.0,"key":"Shuriken"},{"floor":13.0,"key":"Boot"}],"event_choices":[{"cards_removed":["Strike_R"],"damage_healed":0.0,"max_hp_gain":0.0,"max_hp_loss":0.0,"gold_gain":0.0,"event_name":"Purifier","player_choice":"Purged","floor":2.0,"gold_loss":0.0,"damage_taken":0.0},{"damage_healed":0.0,"max_hp_gain":0.0,"max_hp_loss":0.0,"gold_gain":0.0,"event_name":"The Cleric","player_choice":"Leave","floor":4.0,"gold_loss":0.0,"damage_taken":0.0},{"damage_healed":0.0,"max_hp_gain":0.0,"max_hp_loss":0.0,"gold_gain":0.0,"cards_transformed":["Strike_R"],"event_name":"Transmorgrifier","player_choice":"Transformed","floor":12.0,"gold_loss":0.0,"damage_taken":0.0,"cards_obtained":["Rupture"]},{"damage_healed":0,"gold_gain":0,"player_choice":"Fought Bandits","damage_taken":0,"max_hp_gain":0,"max_hp_loss":0,"event_name":"Masked Bandits","floor":21,"gold_loss":0}],"is_beta":false,"boss_relics":[{"not_picked":["Lizard Tail","Calling Bell"],"picked":"Pandora\u0027s Box"}],"items_purged_floors":[],"is_endless":false,"potions_floor_spawned":[6,8,13,14],"killed_by":"Masked Bandits","ascension_level":20}