{"gold_per_floor":[111,123,43,43,43,43,43,57,139,139,153,153,7,18,18,119,119,105,120,139,139,158,158,171,171,171,171],"floor_reached":27,"playtime":3680,"items_purged":["Regret"],"score":205,"play_id":"024bc995-6450-450a-9396-e03490ad5a3e","local_time":"20190709011026","is_ascension_mode":false,"campfire_choices":[{"data":"Hemokinesis","floor":6,"key":"SMITH"},{"data":"Bash","floor":10,"key":"SMITH"},{"data":"Second Wind","floor":12,"key":"SMITH"},{"floor":15,"key":"REST"},{"floor":23,"key":"REST"},{"floor":25,"key":"REST"}],"neow_cost":"","seed_source_timestamp":2027358274992,"circlet_count":0,"master_deck":["Strike_R+1","Strike_R+1","Strike_R+1","Strike_R+1","Strike_R+1","Defend_R+1","Defend_R+1","Defend_R+1","Defend_R+1","Bash+1","Pommel Strike","Clothesline+1","Hemokinesis+1","Burning Pact","Second Wind+1","Impervious","Reckless Charge","Berserk","Writhe","Parasite","Doubt","Sword Boomerang+1","Carnage+1","Flame Barrier+1","Dropkick+1","Headbutt"],"relics":["Burning Blood","Vajra","Unceasing Top","Letter Opener","Calling Bell","Oddly Smooth Stone","Pear","Incense Burner","Girya"],"potions_floor_usage":[],"damage_taken":[{"damage":10,"enemies":"Small Slimes","floor":1,"turns":4},{"damage":7,"enemies":"2 Louse","floor":2,"turns":3},{"damage":5,"enemies":"Cultist","floor":8,"turns":2},{"damage":20,"enemies":"3 Louse","floor":11,"turns":3},{"damage":6,"enemies":"2 Fungi Beasts","floor":14,"turns":3},{"damage":70,"enemies":"The Guardian","floor":16,"turns":10},{"damage":14,"enemies":"2 Thieves","floor":18,"turns":4},{"damage":28,"enemies":"3 Byrds","floor":19,"turns":7},{"damage":20,"enemies":"3 Cultists","floor":20,"turns":5},{"damage":22,"enemies":"Shelled Parasite and Fungi","floor":22,"turns":5},{"damage":35,"enemies":"Centurion and Healer","floor":24,"turns":7},{"damage":67,"enemies":"Slavers","floor":27,"turns":3}],"seed_played":"-8318489204478071892","potions_obtained":[{"floor":2,"key":"Ancient Potion"},{"floor":14,"key":"Ancient Potion"},{"floor":16,"key":"Block Potion"},{"floor":18,"key":"EssenceOfSteel"},{"floor":20,"key":"Block Potion"}],"is_trial":false,"path_per_floor":["M","M","$","?","?","R","?","M","T","R","M","R","$","M","R","B",null,"M","M","M","?","M","R","M","R","T","E"],"character_chosen":"IRONCLAD","items_purchased":["Hemokinesis","Impervious"],"campfire_rested":3,"item_purchase_floors":[3,13],"current_hp_per_floor":[76,75,75,72,72,72,72,73,73,73,59,59,59,59,80,16,90,82,60,46,46,30,57,28,55,55,0],"gold":171,"neow_bonus":"","is_prod":false,"is_daily":false,"chose_seed":false,"campfire_upgraded":3,"win_rate":0.0,"timestamp":1562649026,"path_taken":["M","M","$","?","?","R","?","M","T","R","M","R","$","M","R","BOSS","M","?","M","?","M","R","M","R","T","E"],"build_version":"2019-07-05","purchased_purges":1,"victory":false,"max_hp_per_floor":[80,80,80,80,80,80,80,80,80,80,80,80,80,80,80,80,90,90,90,90,90,90,90,90,90,90,90],"card_choices":[{"not_picked":["Body Slam","Burning Pact"],"picked":"Pommel Strike","floor":1},{"not_picked":["Pommel Strike","True Grit"],"picked":"Clothesline","floor":2},{"not_picked":["Thunderclap","Flex"],"picked":"Burning Pact","floor":8},{"not_picked":["Anger","Flex"],"picked":"Second Wind","floor":11},{"not_picked":["Flex","Pommel Strike"],"picked":"Reckless Charge","floor":14},{"not_picked":["Brutality","Double Tap"],"picked":"Berserk","floor":16},{"not_picked":["Perfected Strike","Intimidate+1"],"picked":"Sword Boomerang+1","floor":18},{"not_picked":["True Grit","Headbutt"],"picked":"Carnage+1","floor":19},{"not_picked":["Sword Boomerang+1","Disarm"],"picked":"Flame Barrier+1","floor":20},{"not_picked":["Burning Pact","Twin Strike"],"picked":"Dropkick+1","floor":22},{"not_picked":["Iron Wave","Fire Breathing"],"picked":"Headbutt","floor":24}],"player_experience":0,"relics_obtained":[{"floor":9,"key":"Letter Opener"},{"floor":17,"key":"Oddly Smooth Stone"},{"floor":17,"key":"Pear"},{"floor":17,"key":"Incense Burner"},{"floor":26,"key":"Girya"}],"event_choices":[{"damage_healed":0,"gold_gain":0,"player_choice":"Success","damage_taken":3,"relics_obtained":["Vajra"],"max_hp_gain":0,"max_hp_loss":0,"event_name":"Scrap Ooze","floor":4,"gold_loss":0},{"damage_healed":0,"gold_gain":0,"player_choice":"Box","damage_taken":0,"relics_obtained":["Unceasing Top"],"max_hp_gain":0,"max_hp_loss":0,"event_name":"Big Fish","floor":5,"gold_loss":0,"cards_obtained":["Regret"]},{"damage_healed":0,"gold_gain":0,"player_choice":"Upgraded","damage_taken":0,"max_hp_gain":0,"max_hp_loss":0,"event_name":"Upgrade Shrine","floor":7,"gold_loss":0,"cards_upgraded":["Clothesline"]},{"damage_healed":0,"gold_gain":0,"player_choice":"Simplicity","damage_taken":0,"max_hp_gain":0,"max_hp_loss":0,"event_name":"Back to Basics","floor":21,"gold_loss":0,"cards_upgraded":["Strike_R","Strike_R","Strike_R","Strike_R","Strike_R","Defend_R","Defend_R","Defend_R","Defend_R"]}],"is_beta":false,"boss_relics":[{"not_picked":["Coffee Dripper","Snecko Eye"],"picked":"Calling Bell"}],"items_purged_floors":[13],"is_endless":false,"potions_floor_spawned":[2,14,16,18,20],"killed_by":"Slavers","ascension_level":0}