{"gold_per_floor":[118,118,118,137,137,168,191,191,191,224,36,74,89,89,89,185,185,206,206,131,131,150,150,150],"floor_reached":24,"playtime":667,"items_purged":["Strike_B"],"score":450,"play_id":"323584ee-8577-4879-b4b7-636d8aceb9a6","local_time":"20190806120552","is_ascension_mode":true,"campfire_choices":[{"data":"Zap","floor":8,"key":"SMITH"},{"floor":15,"key":"REST"},{"data":"Defragment","floor":23,"key":"SMITH"}],"neow_cost":"NONE","seed_source_timestamp":10352140845763,"circlet_count":0,"master_deck":["AscendersBane","Defend_B","Defend_B","Defend_B","Zap+1","Dualcast","Streamline","Coolheaded","Gash","Gash","Defragment+1","Go for the Eyes","Electrodynamics","Cold Snap","Beam Cell","Creative AI"],"special_seed":0,"relics":["Cracked Core","NeowsBlessing","Bloody Idol","Calipers","Letter Opener","Smiling Mask","Lantern","Inserter"],"potions_floor_usage":[10,12],"damage_taken":[{"damage":0.0,"enemies":"Small Slimes","floor":1.0,"turns":1.0},{"damage":0.0,"enemies":"2 Louse","floor":4.0,"turns":1.0},{"damage":0.0,"enemies":"Gremlin Nob","floor":6.0,"turns":1.0},{"damage":7.0,"enemies":"Jaw Worm","floor":7.0,"turns":3.0},{"damage":20,"enemies":"Lagavulin","floor":10,"turns":8},{"damage":25,"enemies":"Gremlin Nob","floor":12,"turns":4},{"damage":3,"enemies":"Blue Slaver","floor":13,"turns":2},{"damage":18,"enemies":"Hexaghost","floor":16,"turns":10},{"damage":23,"enemies":"Chosen","floor":18,"turns":5},{"damage":16,"enemies":"Spheric Guardian","floor":22,"turns":5},{"damage":16,"enemies":"Cultist and Chosen","floor":24,"turns":3}],"seed_played":"5152532145814483843","potions_obtained":[{"floor":7,"key":"SkillPotion"},{"floor":10,"key":"SteroidPotion"},{"floor":13,"key":"Ancient Potion"}],"is_trial":false,"path_per_floor":["M","?","?","M","?","E","M","R","T","E","$","E","M","?","R","B",null,"M","?","?","?","M","R","M"],"character_chosen":"DEFECT","items_purchased":["Gash","Defragment"],"campfire_rested":1,"item_purchase_floors":[11,11],"current_hp_per_floor":[64,57,57,57,57,57,50,50,50,30,30,5,2,2,21,3,49,26,26,26,26,15,15,0],"gold":150,"neow_bonus":"THREE_ENEMY_KILL","is_prod":false,"is_daily":false,"chose_seed":false,"campfire_upgraded":2,"win_rate":0,"timestamp":1565060752,"path_taken":["M","?","?","M","?","E","M","R","T","E","$","E","?","?","R","BOSS","M","?","?","?","M","R","M"],"build_version":"2019-07-17","purchased_purges":1,"victory":false,"max_hp_per_floor":[71,71,71,71,64,64,64,64,64,64,64,64,64,64,64,64,64,64,64,64,64,64,64,64],"card_choices":[{"not_picked":["Turbo","Reinforced Body"],"picked":"Streamline","floor":1.0},{"not_picked":["Streamline","Heatsinks"],"picked":"Coolheaded","floor":4.0},{"not_picked":["Sweeping Beam","Hologram","Machine Learning"],"picked":"SKIP","floor":6.0},{"not_picked":["Redo","Compile Driver","Stack"],"picked":"SKIP","floor":7},{"not_picked":["Chill","Blizzard"],"picked":"Gash","floor":10},{"not_picked":["Sunder","Darkness"],"picked":"Go for the Eyes","floor":12},{"not_picked":["Stack","Go for the Eyes","Ball Lightning"],"picked":"SKIP","floor":13},{"not_picked":["Meteor Strike","Machine Learning"],"picked":"Electrodynamics","floor":16},{"not_picked":["Force Field","Doom and Gloom"],"picked":"Cold Snap","floor":18},{"not_picked":["Conserve Battery","Scrape","Streamline+1"],"picked":"SKIP","floor":22}],"player_experience":251360,"relics_obtained":[{"floor":6.0,"key":"Calipers"},{"floor":9,"key":"Letter Opener"},{"floor":10,"key":"Smiling Mask"},{"floor":12,"key":"Lantern"}],"event_choices":[{"cards_removed":["Strike_B"],"damage_healed":0.0,"max_hp_gain":0.0,"max_hp_loss":0.0,"gold_gain":0.0,"event_name":"Golden Wing","player_choice":"Card Removal","floor":2.0,"gold_loss":0.0,"damage_taken":7.0},{"damage_healed":0.0,"max_hp_gain":0.0,"max_hp_loss":0.0,"gold_gain":0.0,"event_name":"Scrap Ooze","player_choice":"Fled","floor":3.0,"gold_loss":0.0,"damage_taken":0.0},{"damage_healed":0.0,"max_hp_gain":0.0,"max_hp_loss":7.0,"gold_gain":0.0,"event_name":"Golden Idol","player_choice":"Lose Max HP","floor":5.0,"gold_loss":0.0,"damage_taken":0.0,"relics_obtained":["Golden Idol"]},{"damage_healed":0,"gold_gain":0,"player_choice":"0 cards matched","damage_taken":0,"max_hp_gain":0,"max_hp_loss":0,"event_name":"Match and Keep!","floor":14,"gold_loss":0,"cards_obtained":[]},{"damage_healed":0,"gold_gain":0,"player_choice":"Gave Idol","damage_taken":0,"relics_obtained":["Bloody Idol"],"max_hp_gain":0,"max_hp_loss":0,"event_name":"Forgotten Altar","floor":19,"relics_lost":["Golden Idol"],"gold_loss":0},{"cards_removed":["Defend_B"],"damage_healed":0,"gold_gain":0,"player_choice":"Gave Gold","damage_taken":0,"max_hp_gain":0,"max_hp_loss":0,"event_name":"Beggar","floor":20,"gold_loss":75},{"damage_healed":0,"gold_gain":0,"cards_transformed":["Strike_B","Strike_B"],"player_choice":"Became Test Subject","damage_taken":0,"max_hp_gain":0,"max_hp_loss":0,"event_name":"Drug Dealer","floor":21,"gold_loss":0,"cards_obtained":["Beam Cell","Creative AI"]}],"is_beta":false,"boss_relics":[{"not_picked":["Busted Crown","Astrolabe"],"picked":"Inserter"}],"items_purged_floors":[11],"is_endless":false,"potions_floor_spawned":[7,10,13],"killed_by":"Cultist and Chosen","ascension_level":18}