{"gold_per_floor":[114,114,114,114,27,27,42,63,63,63],"floor_reached":10,"playtime":164,"items_purged":[],"score":112,"play_id":"7ff529ef-a29e-46a4-8005-27a5cff1bb6a","local_time":"20190620211620","is_ascension_mode":true,"campfire_choices":[{"data":"Defragment","floor":6,"key":"SMITH"}],"neow_cost":"NONE","seed_source_timestamp":3479965503388,"circlet_count":0,"master_deck":["AscendersBane","Strike_B","Strike_B","Strike_B","Defend_B","Defend_B","Defend_B+1","Defend_B","Zap","Dualcast","Gash+1","Defragment+1","Doom and Gloom"],"relics":["Cracked Core","Juzu Bracelet","Golden Idol","Matryoshka"],"potions_floor_usage":[],"damage_taken":[{"damage":7,"enemies":"Jaw Worm","floor":1,"turns":4},{"damage":1,"enemies":"Small Slimes","floor":7,"turns":3},{"damage":6,"enemies":"Cultist","floor":8,"turns":4},{"damage":27,"enemies":"3 Sentries","floor":10,"turns":4}],"seed_played":"9049019826552122386","potions_obtained":[],"is_trial":false,"path_per_floor":["M","?","?","?","$","R","M","M","T","?"],"character_chosen":"DEFECT","items_purchased":["Defragment"],"campfire_rested":0,"item_purchase_floors":[5],"current_hp_per_floor":[57,50,50,31,31,31,30,24,24,0],"gold":63,"neow_bonus":"RANDOM_COMMON_RELIC","is_prod":false,"is_daily":false,"chose_seed":false,"campfire_upgraded":1,"win_rate":0,"timestamp":1561058180,"path_taken":["M","?","?","?","?","R","M","M","T","?"],"build_version":"2019-06-19","purchased_purges":0,"victory":false,"max_hp_per_floor":[71,71,64,64,64,64,64,64,64,64],"card_choices":[{"not_picked":["Coolheaded","Go for the Eyes"],"picked":"Gash","floor":1},{"not_picked":["Beam Cell","Stack","Streamline"],"picked":"SKIP","floor":7},{"not_picked":["Leap","Rebound"],"picked":"Doom and Gloom","floor":8}],"player_experience":1746337,"relics_obtained":[{"floor":9,"key":"Matryoshka"}],"event_choices":[{"cards_removed":["Strike_B"],"damage_healed":0,"gold_gain":0,"player_choice":"Card Removal","damage_taken":7,"max_hp_gain":0,"max_hp_loss":0,"event_name":"Golden Wing","floor":2,"gold_loss":0},{"damage_healed":0,"gold_gain":0,"player_choice":"Lose Max HP","damage_taken":0,"relics_obtained":["Golden Idol"],"max_hp_gain":0,"max_hp_loss":7,"event_name":"Golden Idol","floor":3,"gold_loss":0},{"damage_healed":0,"gold_gain":0,"player_choice":"Entered Light","damage_taken":19,"max_hp_gain":0,"max_hp_loss":0,"event_name":"Shining Light","floor":4,"gold_loss":0,"cards_upgraded":["Defend_B","Gash"]},{"damage_healed":0,"gold_gain":0,"player_choice":"Searched \u00271\u0027 times","damage_taken":0,"max_hp_gain":0,"max_hp_loss":0,"event_name":"Dead Adventurer","floor":10,"gold_loss":0}],"is_beta":true,"boss_relics":[],"items_purged_floors":[],"is_endless":false,"potions_floor_spawned":[],"killed_by":"3 Sentries","ascension_level":20}