{"gold_per_floor":[211,211,231,231,247,247,13,45,45,45,59,59,24,40,40,113,113,125,125,136,164,164,164,10,10,10,10,10,26,26,51,51,125,125,141,34,52,62,62,97,97,114,114,114,147,178,178,230,230,230,230,230,230,78,104,104],"floor_reached":56,"playtime":4430,"items_purged":["Decay","Strike_G+1"],"score":1898,"play_id":"182f65e1-ddd1-4e48-83df-c27d0e2c10e9","local_time":"20190730105958","is_ascension_mode":true,"campfire_choices":[{"data":"Noxious Fumes","floor":6.0,"key":"SMITH"},{"floor":10.0,"key":"REST"},{"data":"Catalyst","floor":12.0,"key":"SMITH"},{"data":"Catalyst","floor":15.0,"key":"SMITH"},{"floor":23.0,"key":"REST"},{"floor":25.0,"key":"REST"},{"data":"Burst","floor":30.0,"key":"SMITH"},{"data":"Footwork","floor":32.0,"key":"SMITH"},{"floor":41.0,"key":"REST"},{"floor":44.0,"key":"RECALL"},{"floor":49.0,"key":"REST"},{"floor":53.0,"key":"REST"}],"neow_cost":"NONE","seed_source_timestamp":902749757835232,"circlet_count":0,"master_deck":["AscendersBane","Defend_G+1","Defend_G+1","Defend_G+1","Defend_G+1","Defend_G+1","Survivor","Noxious Fumes+1","Deadly Poison","Flying Knee","Catalyst+1","Catalyst+1","Deadly Poison","Burst+1","Backflip","Quick Slash","Crippling Poison+1","Footwork+1","Noxious Fumes","Corpse Explosion","Footwork+1","Deflect","Sucker Punch+1","Leg Sweep+1","Cloak And Dagger","Dodge and Roll"],"special_seed":0,"relics":["Ring of the Snake","Singing Bowl","Snake Skull","Lantern","WingedGreaves","Velvet Choker","Red Mask","Oddly Smooth Stone","Frozen Egg 2","Busted Crown","Strawberry","Art of War","Bag of Marbles","Prayer Wheel","Ornamental Fan"],"potions_floor_usage":[56,56],"damage_taken":[{"damage":6.0,"enemies":"Cultist","floor":1.0,"turns":4.0},{"damage":1.0,"enemies":"Small Slimes","floor":3.0,"turns":5.0},{"damage":1.0,"enemies":"Jaw Worm","floor":5.0,"turns":4.0},{"damage":36.0,"enemies":"Gremlin Nob","floor":8.0,"turns":4.0},{"damage":6.0,"enemies":"3 Louse","floor":11.0,"turns":5.0},{"damage":3.0,"enemies":"2 Fungi Beasts","floor":14.0,"turns":4.0},{"damage":11.0,"enemies":"The Guardian","floor":16.0,"turns":5.0},{"damage":5.0,"enemies":"Shell Parasite","floor":18.0,"turns":2.0},{"damage":10.0,"enemies":"Spheric Guardian","floor":20.0,"turns":4.0},{"damage":30.0,"enemies":"Masked Bandits","floor":21.0,"turns":4.0},{"damage":6.0,"enemies":"Centurion and Healer","floor":29.0,"turns":5.0},{"damage":13.0,"enemies":"Gremlin Leader","floor":31.0,"turns":3.0},{"damage":1.0,"enemies":"Champ","floor":33.0,"turns":5.0},{"damage":3.0,"enemies":"3 Darklings","floor":35.0,"turns":3.0},{"damage":0.0,"enemies":"3 Shapes","floor":37.0,"turns":3.0},{"damage":0.0,"enemies":"Jaw Worm Horde","floor":38.0,"turns":2.0},{"damage":31.0,"enemies":"Reptomancer","floor":40.0,"turns":5.0},{"damage":0.0,"enemies":"Transient","floor":42.0,"turns":6.0},{"damage":19.0,"enemies":"Giant Head","floor":45.0,"turns":5.0},{"damage":34.0,"enemies":"Reptomancer","floor":46.0,"turns":3.0},{"damage":28.0,"enemies":"2 Orb Walkers","floor":48.0,"turns":4.0},{"damage":38.0,"enemies":"Awakened One","floor":50.0,"turns":8.0},{"damage":25.0,"enemies":"Donu and Deca","floor":51.0,"turns":5.0},{"damage":55.0,"enemies":"Shield and Spear","floor":55.0,"turns":6.0},{"damage":32,"enemies":"The Heart","floor":56,"turns":3}],"seed_played":"7891657142906336848","potions_obtained":[{"floor":5.0,"key":"SpeedPotion"},{"floor":11.0,"key":"Explosive Potion"},{"floor":14.0,"key":"SneckoOil"},{"floor":20.0,"key":"Weak Potion"},{"floor":29.0,"key":"Ancient Potion"},{"floor":31.0,"key":"SteroidPotion"},{"floor":35.0,"key":"Dexterity Potion"}],"is_trial":false,"path_per_floor":["M","?","M","?","M","R","$","E","T","R","M","R","?","M","R","B",null,"M","?","M","?","?","R","$","R","T","?","?","M","R","E","R","B",null,"M","$","M","M","?","E","R","M","T","R","E","E","?","?","R","B","B",null,"R","$","E","B"],"character_chosen":"THE_SILENT","items_purchased":["Catalyst","Snake Skull","Footwork","Footwork+1","Deflect","Dodge and Roll"],"campfire_rested":6,"item_purchase_floors":[7,7,24,36,36,54],"current_hp_per_floor":[53,42,41,41,40,40,40,4,4,23,19,19,36,33,33,22,57,54,54,46,16,16,37,37,58,58,58,58,52,52,41,41,40,66,65,65,67,69,69,47,73,73,73,73,56,22,75,47,69,31,6,58,75,75,22,0],"gold":104,"neow_bonus":"HUNDRED_GOLD","is_prod":false,"is_daily":false,"chose_seed":false,"campfire_upgraded":5,"win_rate":0,"timestamp":1564473598,"path_taken":["M","?","M","?","M","R","$","E","T","R","?","R","?","M","R","BOSS","M","?","M","?","?","R","$","R","T","?","?","M","R","E","R","BOSS","M","$","?","M","?","E","R","M","T","R","E","E","?","?","R","BOSS","BOSS","R","$","E","BOSS"],"build_version":"2019-07-17","purchased_purges":2,"victory":false,"max_hp_per_floor":[66,66,66,66,66,66,66,66,66,66,68,68,68,68,68,68,68,70,70,72,72,72,72,72,72,72,72,72,72,72,74,74,74,74,76,76,78,80,80,89,89,89,89,89,91,91,75,75,75,75,75,75,75,75,77,77],"card_choices":[{"not_picked":["Blade Dance","Underhanded Strike"],"picked":"Noxious Fumes","floor":1.0},{"not_picked":["Endless Agony","Acrobatics"],"picked":"Deadly Poison","floor":3.0},{"not_picked":["Deflect","Bane"],"picked":"Flying Knee","floor":5.0},{"not_picked":["Outmaneuver","Dagger Throw"],"picked":"Catalyst","floor":8.0},{"not_picked":["Cloak And Dagger","Distraction","Deflect"],"picked":"Singing Bowl","floor":11.0},{"not_picked":["Dagger Throw","Predator"],"picked":"Deadly Poison","floor":14.0},{"not_picked":["Doppelganger","Storm of Steel"],"picked":"Burst","floor":16.0},{"not_picked":["Underhanded Strike","Dagger Spray","Blade Dance"],"picked":"Singing Bowl","floor":18.0},{"not_picked":["Prepared","Flying Knee","Outmaneuver"],"picked":"Singing Bowl","floor":20.0},{"not_picked":["Masterful Stab","Dodge and Roll"],"picked":"Crippling Poison+1","floor":21.0},{"not_picked":["Underhanded Strike","Dagger Spray"],"picked":"Noxious Fumes","floor":29.0},{"not_picked":["Expertise","All Out Attack","Glass Knife"],"picked":"Singing Bowl","floor":31.0},{"not_picked":["Night Terror","Tools of the Trade+1"],"picked":"Corpse Explosion","floor":33.0},{"not_picked":["Dagger Spray"],"picked":"Singing Bowl","floor":35.0},{"not_picked":["Flechettes"],"picked":"Singing Bowl","floor":37.0},{"not_picked":["Quick Slash"],"picked":"Singing Bowl","floor":38.0},{"not_picked":["Cloak And Dagger"],"picked":"Singing Bowl","floor":40.0},{"not_picked":[],"picked":"Sucker Punch+1","floor":42.0},{"not_picked":["Calculated Gamble"],"picked":"Singing Bowl","floor":45.0},{"not_picked":[],"picked":"Leg Sweep+1","floor":46.0},{"not_picked":[],"picked":"Cloak And Dagger","floor":48.0},{"not_picked":["Dagger Throw"],"picked":"Singing Bowl","floor":55.0}],"player_experience":1094190,"relics_obtained":[{"floor":8.0,"key":"Lantern"},{"floor":9.0,"key":"WingedGreaves"},{"floor":21.0,"key":"Red Mask"},{"floor":26.0,"key":"Oddly Smooth Stone"},{"floor":31.0,"key":"Frozen Egg 2"},{"floor":40.0,"key":"Strawberry"},{"floor":45.0,"key":"Art of War"},{"floor":46.0,"key":"Bag of Marbles"},{"floor":48.0,"key":"Prayer Wheel"},{"floor":55.0,"key":"Ornamental Fan"}],"event_choices":[{"damage_healed":0.0,"max_hp_gain":0.0,"max_hp_loss":0.0,"gold_gain":0.0,"event_name":"Scrap Ooze","player_choice":"Success","floor":2.0,"gold_loss":0.0,"damage_taken":11.0,"relics_obtained":["Singing Bowl"]},{"cards_removed":["Strike_G"],"damage_healed":0.0,"max_hp_gain":0.0,"max_hp_loss":0.0,"gold_gain":0.0,"event_name":"Purifier","player_choice":"Purged","floor":4.0,"gold_loss":0.0,"damage_taken":0.0},{"damage_healed":17.0,"max_hp_gain":0.0,"max_hp_loss":0.0,"gold_gain":0.0,"event_name":"The Cleric","player_choice":"Healed","floor":13.0,"gold_loss":35.0,"damage_taken":0.0},{"damage_healed":0.0,"max_hp_gain":0.0,"max_hp_loss":0.0,"gold_gain":0.0,"cards_transformed":["Strike_G","Strike_G"],"event_name":"Drug Dealer","player_choice":"Became Test Subject","floor":19.0,"gold_loss":0.0,"damage_taken":0.0,"cards_obtained":["Backflip","Quick Slash"]},{"damage_healed":0.0,"max_hp_gain":0.0,"max_hp_loss":0.0,"gold_gain":0.0,"event_name":"Masked Bandits","player_choice":"Fought Bandits","floor":21.0,"gold_loss":0.0,"damage_taken":0.0},{"damage_healed":0.0,"max_hp_gain":0.0,"max_hp_loss":0.0,"gold_gain":0.0,"event_name":"Forgotten Altar","player_choice":"Smashed Altar","floor":22.0,"gold_loss":0.0,"damage_taken":0.0,"cards_obtained":["Decay"]},{"damage_healed":0.0,"max_hp_gain":0.0,"max_hp_loss":0.0,"gold_gain":0.0,"event_name":"Back to Basics","player_choice":"Simplicity","floor":27.0,"gold_loss":0.0,"damage_taken":0.0,"cards_upgraded":["Strike_G","Strike_G","Defend_G","Defend_G","Defend_G","Defend_G","Defend_G"]},{"cards_removed":["Strike_G"],"damage_healed":0.0,"max_hp_gain":0.0,"max_hp_loss":0.0,"gold_gain":0.0,"event_name":"Purifier","player_choice":"Purged","floor":28.0,"gold_loss":0.0,"damage_taken":0.0},{"cards_removed":["Neutralize"],"damage_healed":0.0,"max_hp_gain":0.0,"max_hp_loss":0.0,"gold_gain":0.0,"event_name":"Falling","player_choice":"Removed Attack","floor":39.0,"gold_loss":0.0,"damage_taken":0.0},{"damage_healed":75.0,"max_hp_gain":0.0,"max_hp_loss":16.0,"gold_gain":0.0,"event_name":"The Moai Head","player_choice":"Heal","floor":47.0,"gold_loss":0.0,"damage_taken":0.0},{"damage_healed":0.0,"max_hp_gain":0.0,"max_hp_loss":0.0,"gold_gain":0.0,"event_name":"Mysterious Sphere","player_choice":"Fight","floor":48.0,"gold_loss":0.0,"damage_taken":0.0}],"is_beta":false,"boss_relics":[{"not_picked":["Tiny House","WristBlade"],"picked":"Velvet Choker"},{"not_picked":["Eternal Feather","Cursed Key"],"picked":"Busted Crown"}],"items_purged_floors":[24,54],"is_endless":false,"potions_floor_spawned":[5,11,14,20,29,31,33,35,38,46],"killed_by":"The Heart","ascension_level":20}