{"gold_per_floor":[109,121,121,121,132,132,151,181,250,282,15,15,25,42,42,119,119,136,136,116,127,52,52,86,137,192,210,210,2,19,19,19,98,98,113,63,73,23,0,32,32,62,62,77,91,109,109,140,140,140,140,140,140,7,32,32],"floor_reached":56,"playtime":2142,"items_purged":["Strike_B","Regret","Regret","Strike_B","Normality"],"score":2130,"play_id":"13a09d0e-fed6-4f11-aa8e-9a7242cec08f","local_time":"20190728213108","is_ascension_mode":true,"campfire_choices":[{"data":"Sunder","floor":6.0,"key":"SMITH"},{"data":"Beam Cell","floor":15.0,"key":"SMITH"},{"data":"Coolheaded","floor":23.0,"key":"SMITH"},{"data":"Hologram","floor":32.0,"key":"SMITH"},{"data":"Double Energy","floor":41.0,"key":"SMITH"},{"floor":47.0,"key":"REST"},{"floor":49.0,"key":"RECALL"},{"floor":53,"key":"REST"}],"neow_cost":"PERCENT_DAMAGE","seed_source_timestamp":13812066290844,"circlet_count":0,"master_deck":["AscendersBane","Strike_B","Strike_B+1","Defend_B+1","Defend_B","Defend_B","Zap","Dualcast","Conserve Battery","Genetic Algorithm+1","Sunder+1","Compile Driver+1","Beam Cell+1","Coolheaded+1","FTL","FTL","Echo Form","Double Energy+1","Glacier","Sweeping Beam","Hologram+1","Ball Lightning","FTL+1","All For One","Undo","Barrage+1","Coolheaded","Compile Driver+1","Turbo+1","Biased Cognition","Compile Driver+1","Gash+1","Hologram"],"special_seed":0,"relics":["Cracked Core","Thread and Needle","FossilizedHelix","Shuriken","Dream Catcher","Kunai","Whetstone","Cursed Key","Vajra","Regal Pillow","Smiling Mask","Omamori","Calling Bell","Boot","Molten Egg 2","StoneCalendar","Red Mask","Juzu Bracelet","War Paint","Symbiotic Virus","Bottled Flame"],"potions_floor_usage":[55,56],"damage_taken":[{"damage":0.0,"enemies":"Jaw Worm","floor":1.0,"turns":3.0},{"damage":1.0,"enemies":"2 Louse","floor":2.0,"turns":4.0},{"damage":0.0,"enemies":"Small Slimes","floor":5.0,"turns":4.0},{"damage":11.0,"enemies":"Gremlin Gang","floor":7.0,"turns":6.0},{"damage":32.0,"enemies":"Gremlin Nob","floor":8.0,"turns":4.0},{"damage":6.0,"enemies":"3 Sentries","floor":10.0,"turns":9.0},{"damage":0.0,"enemies":"Red Slaver","floor":13.0,"turns":3.0},{"damage":0.0,"enemies":"Exordium Wildlife","floor":14.0,"turns":2.0},{"damage":0.0,"enemies":"Slime Boss","floor":16.0,"turns":6.0},{"damage":2.0,"enemies":"3 Byrds","floor":18.0,"turns":5.0},{"damage":0.0,"enemies":"Spheric Guardian","floor":21.0,"turns":4.0},{"damage":26.0,"enemies":"Book of Stabbing","floor":24.0,"turns":4.0},{"damage":0.0,"enemies":"Snake Plant","floor":27.0,"turns":2.0},{"damage":0.0,"enemies":"Masked Bandits","floor":28.0,"turns":2.0},{"damage":0.0,"enemies":"Sentry and Sphere","floor":30.0,"turns":5.0},{"damage":26.0,"enemies":"Champ","floor":33.0,"turns":9.0},{"damage":0.0,"enemies":"3 Shapes","floor":35.0,"turns":3.0},{"damage":0.0,"enemies":"3 Darklings","floor":37.0,"turns":6.0},{"damage":8.0,"enemies":"Reptomancer","floor":40.0,"turns":7.0},{"damage":0.0,"enemies":"Giant Head","floor":42.0,"turns":6.0},{"damage":6.0,"enemies":"Sphere and 2 Shapes","floor":44.0,"turns":6.0},{"damage":8.0,"enemies":"Writhing Mass","floor":45.0,"turns":6.0},{"damage":20.0,"enemies":"3 Darklings","floor":46.0,"turns":7.0},{"damage":0.0,"enemies":"Reptomancer","floor":48.0,"turns":6.0},{"damage":16.0,"enemies":"Donu and Deca","floor":50.0,"turns":11.0},{"damage":46,"enemies":"Awakened One","floor":51,"turns":10},{"damage":35,"enemies":"Shield and Spear","floor":55,"turns":6},{"damage":36,"enemies":"The Heart","floor":56,"turns":3}],"seed_played":"-5952421680985458143","potions_obtained":[{"floor":2.0,"key":"Regen Potion"},{"floor":8.0,"key":"AttackPotion"},{"floor":13.0,"key":"EssenceOfSteel"},{"floor":18.0,"key":"SteroidPotion"},{"floor":20.0,"key":"SmokeBomb"},{"floor":30.0,"key":"Energy Potion"},{"floor":33.0,"key":"SkillPotion"},{"floor":44.0,"key":"GamblersBrew"},{"floor":45.0,"key":"PowerPotion"}],"is_trial":false,"path_per_floor":["M","M","?","?","M","R","M","E","T","E","$","T","M","M","R","B",null,"M","?","?","M","$","R","E","T","T","M","?","$","M","?","R","B",null,"M","$","M","$","?","E","R","E","T","M","M","M","R","E","R","B","B",null,"R","$","E","B"],"character_chosen":"DEFECT","items_purchased":["Kunai","Omamori","FocusPotion"],"campfire_rested":2,"item_purchase_floors":[11,29,54],"current_hp_per_floor":[46,45,68,61,61,61,50,18,18,27,27,27,27,27,27,27,60,58,58,58,58,58,58,32,32,32,32,32,32,32,32,32,6,70,70,70,70,70,70,62,62,62,62,56,48,28,64,64,64,48,2,54,71,71,36,0],"gold":32,"neow_bonus":"ONE_RARE_RELIC","is_prod":false,"is_daily":false,"chose_seed":false,"campfire_upgraded":5,"win_rate":0,"timestamp":1564342268,"path_taken":["M","M","?","?","M","R","M","E","T","E","$","?","?","M","R","BOSS","M","?","?","?","?","R","E","?","T","M","?","$","M","?","R","BOSS","M","$","M","$","?","E","R","E","T","M","M","M","R","E","R","BOSS","BOSS","R","$","E","BOSS"],"build_version":"2019-07-18","purchased_purges":5,"victory":false,"max_hp_per_floor":[71,71,71,71,71,71,71,71,71,71,71,71,71,71,71,71,71,71,71,71,71,71,71,71,71,71,71,71,71,71,71,71,71,71,71,71,71,71,71,71,71,71,71,71,71,71,71,71,71,71,71,71,71,71,71,71],"card_choices":[{"not_picked":["Hologram","Gash"],"picked":"Conserve Battery","floor":1.0},{"not_picked":["Sunder","Gash"],"picked":"Genetic Algorithm","floor":2.0},{"not_picked":["Self Repair","Storm"],"picked":"Sunder","floor":5.0},{"not_picked":["Fusion","Stack"],"picked":"Compile Driver","floor":7.0},{"not_picked":["Machine Learning","Loop"],"picked":"Beam Cell","floor":8.0},{"not_picked":["Rebound","Compile Driver"],"picked":"Coolheaded","floor":10.0},{"not_picked":["Steam Power","Sweeping Beam"],"picked":"FTL","floor":13.0},{"not_picked":["Storm","Hologram"],"picked":"FTL","floor":14.0},{"not_picked":["Core Surge","Creative AI"],"picked":"Echo Form","floor":16.0},{"not_picked":["Consume","Force Field"],"picked":"Double Energy","floor":18.0},{"not_picked":["Turbo","Streamline"],"picked":"Sweeping Beam","floor":21.0},{"not_picked":["Leap","Hello World"],"picked":"Hologram","floor":24.0},{"not_picked":["Leap","Streamline"],"picked":"Ball Lightning","floor":27.0},{"not_picked":["Thunder Strike","Streamline"],"picked":"FTL+1","floor":30.0},{"not_picked":["Amplify","Rainbow"],"picked":"All For One","floor":33.0},{"not_picked":["Tempest","Coolheaded"],"picked":"Undo","floor":35.0},{"not_picked":["Stack","Rebound+1"],"picked":"Barrage+1","floor":37.0},{"not_picked":["White Noise+1","Double Energy","Leap"],"picked":"SKIP","floor":40.0},{"not_picked":["White Noise","Genetic Algorithm"],"picked":"Coolheaded","floor":42.0},{"not_picked":["Sunder+1","Cold Snap+1"],"picked":"Compile Driver+1","floor":44.0},{"not_picked":["Cold Snap+1","FTL+1"],"picked":"Turbo+1","floor":45.0},{"not_picked":["Storm","Heatsinks"],"picked":"Biased Cognition","floor":46.0},{"not_picked":["Redo","Storm"],"picked":"Compile Driver+1","floor":47.0},{"not_picked":["Rip and Tear+1","Sunder+1"],"picked":"Gash+1","floor":48.0},{"not_picked":["Buffer","Steam+1"],"picked":"Hologram","floor":55}],"player_experience":1931261,"relics_obtained":[{"floor":8.0,"key":"FossilizedHelix"},{"floor":9.0,"key":"Shuriken"},{"floor":10.0,"key":"Dream Catcher"},{"floor":12.0,"key":"Whetstone"},{"floor":24.0,"key":"Vajra"},{"floor":25.0,"key":"Regal Pillow"},{"floor":26.0,"key":"Smiling Mask"},{"floor":34.0,"key":"Boot"},{"floor":34.0,"key":"Molten Egg 2"},{"floor":34.0,"key":"StoneCalendar"},{"floor":40.0,"key":"Juzu Bracelet"},{"floor":42.0,"key":"War Paint"},{"floor":48.0,"key":"Symbiotic Virus"},{"floor":55,"key":"Bottled Flame"}],"event_choices":[{"damage_healed":23.0,"max_hp_gain":0.0,"max_hp_loss":0.0,"gold_gain":0.0,"event_name":"Big Fish","player_choice":"Banana","floor":3.0,"gold_loss":0.0,"damage_taken":0.0},{"cards_removed":["Defend_B"],"damage_healed":0.0,"max_hp_gain":0.0,"max_hp_loss":0.0,"gold_gain":0.0,"event_name":"Golden Wing","player_choice":"Card Removal","floor":4.0,"gold_loss":0.0,"damage_taken":7.0},{"damage_healed":0.0,"max_hp_gain":0.0,"max_hp_loss":0.0,"gold_gain":0.0,"event_name":"The Library","player_choice":"Read","floor":19.0,"gold_loss":0.0,"damage_taken":0.0,"cards_obtained":["Glacier"]},{"damage_healed":0.0,"max_hp_gain":0.0,"max_hp_loss":0.0,"gold_gain":0.0,"event_name":"The Woman in Blue","player_choice":"Bought 1 Potion","floor":20.0,"gold_loss":0.0,"damage_taken":0.0},{"damage_healed":0.0,"max_hp_gain":0.0,"max_hp_loss":0.0,"gold_gain":0.0,"event_name":"Masked Bandits","player_choice":"Fought Bandits","floor":28.0,"gold_loss":0.0,"damage_taken":0.0},{"cards_removed":["Writhe"],"damage_healed":0.0,"max_hp_gain":0.0,"max_hp_loss":0.0,"gold_gain":0.0,"event_name":"Fountain of Cleansing","player_choice":"Removed Curses","floor":31.0,"gold_loss":0.0,"damage_taken":0.0},{"damage_healed":0.0,"max_hp_gain":0.0,"max_hp_loss":0.0,"gold_gain":0.0,"event_name":"Tomb of Lord Red Mask","player_choice":"Paid","floor":39.0,"gold_loss":23.0,"damage_taken":0.0,"relics_obtained":["Red Mask"]}],"is_beta":true,"boss_relics":[{"not_picked":["Black Star","Orrery"],"picked":"Cursed Key"},{"not_picked":["Lizard Tail","Sozu"],"picked":"Calling Bell"}],"items_purged_floors":[22,29,36,38,54],"is_endless":false,"potions_floor_spawned":[2,8,13,18,28,30,33,35,44,45],"killed_by":"The Heart","ascension_level":20}