{"gold_per_floor":[118,39,39,4,4,4,23,56,81,81,119,119,44,62,62,157,157,180,180,201,101,101,132,155,155,178,178,199,219,250,349,349,444,444,463,479,554,188,208,208,308,308,360,376,143,143],"floor_reached":46,"playtime":2659,"items_purged":["Strike_B","Strike_B","Defend_B"],"score":807,"play_id":"1602be43-9e93-4838-8691-ec358ff01cb0","local_time":"20190804150546","is_ascension_mode":true,"campfire_choices":[{"data":"Chaos","floor":6,"key":"SMITH"},{"floor":10,"key":"REST"},{"data":"Zap","floor":12,"key":"SMITH"},{"data":"Dualcast","floor":15,"key":"SMITH"},{"data":"Defragment","floor":25,"key":"SMITH"},{"data":"Recycle","floor":27,"key":"SMITH"},{"data":"Glacier","floor":32,"key":"SMITH"},{"data":"Madness","floor":40,"key":"SMITH"},{"data":"Meteor Strike","floor":42,"key":"SMITH"}],"neow_cost":"TEN_PERCENT_HP_LOSS","seed_source_timestamp":83794148422098,"circlet_count":0,"master_deck":["AscendersBane","Zap+1","Dualcast+1","Chaos+1","Genetic Algorithm","Glacier+1","Self Repair","Recycle+1","Electrodynamics","Double Energy","Reprogram","Defragment+1","Barrage","Self Repair","Meteor Strike+1","Madness+1","White Noise+1","Defragment","The Bomb"],"relics":["Cracked Core","Golden Idol","Gambling Chip","Bag of Preparation","Girya","Coffee Dripper","Shuriken","Bronze Scales","Art of War","Runic Pyramid","DataDisk"],"potions_floor_usage":[11,16,23,29,33,46],"damage_taken":[{"damage":2,"enemies":"Small Slimes","floor":1,"turns":4},{"damage":0,"enemies":"2 Louse","floor":7,"turns":2},{"damage":46,"enemies":"3 Sentries","floor":8,"turns":18},{"damage":18,"enemies":"Gremlin Nob","floor":11,"turns":5},{"damage":0,"enemies":"Jaw Worm","floor":14,"turns":4},{"damage":10,"enemies":"The Guardian","floor":16,"turns":11},{"damage":20,"enemies":"2 Thieves","floor":18,"turns":3},{"damage":0,"enemies":"3 Byrds","floor":20,"turns":2},{"damage":11,"enemies":"Slavers","floor":23,"turns":3},{"damage":16,"enemies":"Snake Plant","floor":24,"turns":4},{"damage":0,"enemies":"Sentry and Sphere","floor":28,"turns":4},{"damage":0,"enemies":"Centurion and Healer","floor":29,"turns":9},{"damage":0,"enemies":"Gremlin Leader","floor":30,"turns":6},{"damage":41,"enemies":"Collector","floor":33,"turns":10},{"damage":8,"enemies":"Orb Walker","floor":35,"turns":4},{"damage":23,"enemies":"3 Darklings","floor":36,"turns":3},{"damage":11,"enemies":"Jaw Worm Horde","floor":39,"turns":3},{"damage":25,"enemies":"Maw","floor":44,"turns":7},{"damage":48,"enemies":"4 Shapes","floor":46,"turns":3}],"seed_played":"-967696829836610276","potions_obtained":[{"floor":8,"key":"AttackPotion"},{"floor":11,"key":"Weak Potion"},{"floor":20,"key":"Poison Potion"},{"floor":24,"key":"SkillPotion"},{"floor":29,"key":"SpeedPotion"},{"floor":30,"key":"SkillPotion"},{"floor":44,"key":"EssenceOfSteel"}],"is_trial":false,"path_per_floor":["M","$","?","?","?","R","M","E","T","R","E","R","$","M","R","B",null,"M","?","M","$","?","E","M","R","T","R","M","M","E","?","R","B",null,"M","M","?","$","M","R","?","R","T","M","$","M"],"character_chosen":"DEFECT","items_purchased":["Self Repair","DataDisk","Madness","Defragment","The Bomb"],"campfire_rested":1,"item_purchase_floors":[2,38,38,45,45],"current_hp_per_floor":[66,66,66,68,51,51,51,12,12,32,21,21,21,28,28,25,57,44,44,44,44,44,40,31,31,31,31,38,45,52,52,52,25,57,63,47,41,41,44,44,44,44,44,33,33,0],"gold":143,"neow_bonus":"TRANSFORM_TWO_CARDS","is_prod":false,"is_daily":false,"chose_seed":false,"campfire_upgraded":8,"win_rate":0,"timestamp":1564898746,"path_taken":["M","$","?","?","?","R","M","E","T","R","E","R","?","M","R","BOSS","M","?","M","$","?","E","M","R","T","R","M","M","E","?","R","BOSS","M","M","?","$","?","R","?","R","T","?","$","M"],"build_version":"2019-07-17","purchased_purges":3,"victory":false,"max_hp_per_floor":[68,68,68,68,68,68,68,68,68,68,68,68,68,68,68,68,68,68,68,68,68,68,68,68,68,68,68,68,68,68,68,68,68,68,68,68,68,68,68,68,68,68,68,68,68,68],"card_choices":[{"not_picked":["Steam","Auto Shields"],"picked":"Glacier","floor":1},{"not_picked":["Stack","Lockon","Barrage"],"picked":"SKIP","floor":7},{"not_picked":["Compile Driver","Force Field","Beam Cell"],"picked":"SKIP","floor":8},{"not_picked":["Genetic Algorithm","Stack","Coolheaded"],"picked":"SKIP","floor":11},{"not_picked":["Storm","Turbo"],"picked":"Recycle","floor":14},{"not_picked":["Seek","Thunder Strike"],"picked":"Electrodynamics","floor":16},{"not_picked":["Beam Cell","Tempest","Steam"],"picked":"SKIP","floor":18},{"not_picked":["Redo","Darkness"],"picked":"Reprogram","floor":20},{"not_picked":["Heatsinks+1","Aggregate","Tempest+1"],"picked":"SKIP","floor":23},{"not_picked":["Coolheaded","Scrape","Conserve Battery"],"picked":"SKIP","floor":24},{"not_picked":["Melter+1","Hologram","Force Field"],"picked":"SKIP","floor":28},{"not_picked":["Compile Driver","FTL","Skim"],"picked":"SKIP","floor":29},{"not_picked":["Cold Snap","Steam Power"],"picked":"Self Repair","floor":30},{"not_picked":["All For One","Buffer"],"picked":"Meteor Strike","floor":33},{"not_picked":["Coolheaded","Rip and Tear","Steam"],"picked":"SKIP","floor":35},{"not_picked":["Sweeping Beam","Coolheaded","Ball Lightning"],"picked":"SKIP","floor":36},{"not_picked":["Sweeping Beam","Coolheaded","Ball Lightning"],"picked":"SKIP","floor":36},{"not_picked":["FTL+1","Streamline","Steam"],"picked":"SKIP","floor":39},{"not_picked":["Leap","Steam+1"],"picked":"White Noise+1","floor":44}],"player_experience":216783,"relics_obtained":[{"floor":8,"key":"Gambling Chip"},{"floor":9,"key":"Bag of Preparation"},{"floor":11,"key":"Girya"},{"floor":23,"key":"Shuriken"},{"floor":26,"key":"Bronze Scales"},{"floor":30,"key":"Art of War"}],"event_choices":[{"cards_removed":["Strike_B"],"damage_healed":0,"gold_gain":0,"player_choice":"Forget","damage_taken":0,"max_hp_gain":0,"max_hp_loss":0,"event_name":"Living Wall","floor":3,"gold_loss":0},{"damage_healed":17,"gold_gain":0,"player_choice":"Healed","damage_taken":0,"max_hp_gain":0,"max_hp_loss":0,"event_name":"The Cleric","floor":4,"gold_loss":35},{"damage_healed":0,"gold_gain":0,"player_choice":"Take Damage","damage_taken":17,"relics_obtained":["Golden Idol"],"max_hp_gain":0,"max_hp_loss":0,"event_name":"Golden Idol","floor":5,"gold_loss":0},{"damage_healed":0,"gold_gain":0,"player_choice":"Read","damage_taken":0,"max_hp_gain":0,"max_hp_loss":0,"event_name":"The Library","floor":19,"gold_loss":0,"cards_obtained":["Double Energy"]},{"damage_healed":0,"gold_gain":0,"cards_transformed":["Strike_B","Defend_B"],"player_choice":"Became Test Subject","damage_taken":0,"max_hp_gain":0,"max_hp_loss":0,"event_name":"Drug Dealer","floor":22,"gold_loss":0,"cards_obtained":["Defragment","Barrage"]},{"damage_healed":0,"gold_gain":99,"player_choice":"Stole From Cult","damage_taken":0,"max_hp_gain":0,"max_hp_loss":0,"event_name":"Nest","floor":31,"gold_loss":0},{"damage_healed":0,"gold_gain":75,"player_choice":"Touch","damage_taken":6,"max_hp_gain":0,"max_hp_loss":0,"event_name":"FaceTrader","floor":37,"gold_loss":0},{"damage_healed":0,"gold_gain":100,"player_choice":"Pray","damage_taken":0,"max_hp_gain":0,"max_hp_loss":0,"event_name":"Golden Shrine","floor":41,"gold_loss":0}],"is_beta":false,"boss_relics":[{"not_picked":["Pandora\u0027s Box","FrozenCore"],"picked":"Coffee Dripper"},{"not_picked":["Astrolabe","Lizard Tail"],"picked":"Runic Pyramid"}],"items_purged_floors":[13,21,38],"is_endless":false,"potions_floor_spawned":[8,11,20,24,29,30,44],"killed_by":"4 Shapes","ascension_level":13}