{"gold_per_floor":[366,26,26,44,60,95,95,0,82,82,107,107,132,148,148,221,221,234,149,149,149,149,149,159,159,159,189,203,232,249,268,268,345,345,362,362,372,384,384,384,384,411,437,469,484,502,502,512,512,512,512,512,512,50,77,77],"floor_reached":57,"playtime":7732,"items_purged":["Shame","Strike_G+1"],"score":2815,"play_id":"30ef442d-adb9-4feb-aa22-ca37e658ef26","local_time":"20190807220514","is_ascension_mode":true,"campfire_choices":[{"floor":7.0,"key":"REST"},{"floor":10.0,"key":"REST"},{"data":"Deadly Poison","floor":15.0,"key":"SMITH"},{"data":"Malaise","floor":23.0,"key":"SMITH"},{"floor":25.0,"key":"REST"},{"data":"Footwork","floor":32.0,"key":"SMITH"},{"data":"Wraith Form v2","floor":40,"key":"SMITH"},{"floor":47,"key":"RECALL"},{"floor":49,"key":"REST"},{"data":"Strike_G+1","floor":53,"key":"PURGE"}],"neow_cost":"CURSE","seed_source_timestamp":0,"circlet_count":0,"master_deck":["AscendersBane","Strike_G+1","Defend_G+1","Defend_G+1","Defend_G+1","Defend_G+1","Defend_G+1","Survivor","Neutralize","Poisoned Stab","Deadly Poison+1","Quick Slash","Bane","Dash","Backflip","All Out Attack","Terror","Malaise+1","Poisoned Stab+1","Necronomicurse","Tools of the Trade","Acrobatics+1","PiercingWail+1","Footwork+1","Wraith Form v2+1","Wraith Form v2","Acrobatics+1","Apotheosis+1","Predator+1","Acrobatics+1","Adrenaline+1","Leg Sweep+1","Dodge and Roll+1","Caltrops","Footwork"],"special_seed":0,"relics":["Ring of the Snake","Paper Crane","WarpedTongs","Bag of Preparation","Sundial","Incense Burner","Question Card","Velvet Choker","Darkstone Periapt","Necronomicon","Bottled Lightning","Letter Opener","Toxic Egg 2","Sozu","Peace Pipe","Bronze Scales","Bottled Tornado","StoneCalendar"],"potions_floor_usage":[51],"damage_taken":[{"damage":1.0,"enemies":"2 Louse","floor":1.0,"turns":3.0},{"damage":4.0,"enemies":"Cultist","floor":4.0,"turns":3.0},{"damage":2.0,"enemies":"Small Slimes","floor":5.0,"turns":4.0},{"damage":37.0,"enemies":"Gremlin Nob","floor":6.0,"turns":5.0},{"damage":23.0,"enemies":"Lagavulin","floor":11.0,"turns":6.0},{"damage":5.0,"enemies":"3 Sentries","floor":13.0,"turns":7.0},{"damage":0.0,"enemies":"Blue Slaver","floor":14.0,"turns":3.0},{"damage":0.0,"enemies":"Slime Boss","floor":16.0,"turns":6.0},{"damage":5.0,"enemies":"3 Byrds","floor":18.0,"turns":6.0},{"damage":0.0,"enemies":"Chosen","floor":24.0,"turns":3.0},{"damage":4.0,"enemies":"Slavers","floor":27.0,"turns":2.0},{"damage":0.0,"enemies":"Snake Plant","floor":28.0,"turns":3.0},{"damage":0.0,"enemies":"Gremlin Leader","floor":29.0,"turns":5.0},{"damage":0.0,"enemies":"Sentry and Sphere","floor":30.0,"turns":3.0},{"damage":5.0,"enemies":"3 Cultists","floor":31.0,"turns":5.0},{"damage":1.0,"enemies":"Automaton","floor":33.0,"turns":10.0},{"damage":0,"enemies":"Orb Walker","floor":35,"turns":3},{"damage":0,"enemies":"3 Shapes","floor":37,"turns":3},{"damage":11,"enemies":"Sphere and 2 Shapes","floor":38,"turns":8},{"damage":6,"enemies":"Nemesis","floor":42,"turns":13},{"damage":1,"enemies":"Giant Head","floor":44,"turns":8},{"damage":4,"enemies":"Spire Growth","floor":45,"turns":5},{"damage":0,"enemies":"Transient","floor":46,"turns":6},{"damage":0,"enemies":"3 Darklings","floor":48,"turns":4},{"damage":13,"enemies":"Awakened One","floor":50,"turns":20},{"damage":26,"enemies":"Donu and Deca","floor":51,"turns":13},{"damage":5,"enemies":"Shield and Spear","floor":55,"turns":9},{"damage":43,"enemies":"The Heart","floor":56,"turns":9}],"seed_played":"291912752382625962","potions_obtained":[{"floor":1.0,"key":"EssenceOfSteel"},{"floor":5.0,"key":"SmokeBomb"},{"floor":11.0,"key":"Fire Potion"},{"floor":24.0,"key":"SkillPotion"},{"floor":27.0,"key":"Energy Potion"},{"floor":28.0,"key":"Block Potion"},{"floor":29.0,"key":"SkillPotion"}],"is_trial":false,"path_per_floor":["M","$","?","M","M","E","R","$","T","R","E","?","E","M","R","B",null,"M","?","?","?","?","R","M","R","T","E","M","E","M","M","R","B",null,"M","?","M","M","?","R","?","E","T","E","M","M","R","M","R","B","B",null,"R","$","E","B",null],"character_chosen":"THE_SILENT","items_purchased":["Paper Crane","Dash","PowerPotion","Bottled Tornado","Dodge and Roll+1","Caltrops"],"campfire_rested":4,"item_purchase_floors":[2,8,8,54,54,54],"current_hp_per_floor":[58,58,58,54,52,15,34,34,34,53,30,30,25,25,25,25,56,51,51,51,36,36,36,36,57,57,53,53,53,53,48,48,47,66,66,66,66,55,55,55,55,49,49,48,44,44,44,44,65,52,26,61,61,61,56,13],"gold":77,"neow_bonus":"TWO_FIFTY_GOLD","is_prod":false,"is_daily":false,"chose_seed":false,"campfire_upgraded":4,"win_rate":0,"timestamp":1565240714,"path_taken":["M","$","?","M","?","E","R","$","T","R","E","?","E","M","R","BOSS","M","?","?","?","?","R","M","R","T","E","M","E","?","M","R","BOSS","M","?","M","?","?","R","?","E","T","E","M","M","R","M","R","BOSS","BOSS","R","$","E","BOSS"],"build_version":"2019-07-17","purchased_purges":2,"victory":true,"max_hp_per_floor":[66,66,66,66,66,66,66,66,66,66,66,66,66,66,66,66,66,66,66,66,72,72,72,72,72,72,72,72,72,72,72,72,72,72,72,72,72,72,72,72,72,72,72,72,72,72,72,72,72,72,72,72,72,72,72,72],"card_choices":[{"not_picked":["Acrobatics","Crippling Poison"],"picked":"Poisoned Stab","floor":1.0},{"not_picked":["Accuracy","Underhanded Strike"],"picked":"Deadly Poison","floor":4.0},{"not_picked":["Slice","Calculated Gamble"],"picked":"Quick Slash","floor":5.0},{"not_picked":["PiercingWail","Flying Knee"],"picked":"Bane","floor":6.0},{"not_picked":["Cloak And Dagger","Dagger Throw"],"picked":"Backflip","floor":11.0},{"not_picked":["Blade Dance","Finisher"],"picked":"All Out Attack","floor":13.0},{"not_picked":["Reflex","Deadly Poison","Underhanded Strike"],"picked":"Terror","floor":14.0},{"not_picked":["Night Terror","Die Die Die","Doppelganger"],"picked":"Malaise","floor":16.0},{"not_picked":["Backstab","Slice","Cloak And Dagger"],"picked":"Poisoned Stab+1","floor":18.0},{"not_picked":["Blade Dance","Quick Slash","Tactician","Flying Knee"],"picked":"SKIP","floor":24.0},{"not_picked":["Blade Dance","Quick Slash","Tactician","Flying Knee"],"picked":"SKIP","floor":24.0},{"not_picked":["Blade Dance","Quick Slash","Tactician","Flying Knee"],"picked":"SKIP","floor":24.0},{"not_picked":["Deadly Poison","PiercingWail","Blur"],"picked":"Tools of the Trade","floor":27.0},{"not_picked":["Dagger Spray","Cloak And Dagger","Setup"],"picked":"Acrobatics+1","floor":28.0},{"not_picked":["Flechettes+1","Deflect","Sucker Punch"],"picked":"PiercingWail","floor":29.0},{"not_picked":["Escape Plan+1","Dagger Spray","Reflex+1","Finisher"],"picked":"SKIP","floor":30.0},{"not_picked":["Caltrops","Deflect+1","Quick Slash"],"picked":"Footwork","floor":31.0},{"not_picked":["Die Die Die","Glass Knife","Adrenaline+1"],"picked":"Wraith Form v2","floor":33.0},{"not_picked":["Sucker Punch","Accuracy+1","Poisoned Stab","Quick Slash"],"picked":"SKIP","floor":35},{"not_picked":["Cloak And Dagger+1","Terror+1","Bane+1"],"picked":"Acrobatics+1","floor":37},{"not_picked":["Flying Knee","Poisoned Stab","Dagger Spray","Cloak And Dagger+1"],"picked":"SKIP","floor":38},{"not_picked":["Impatience+1","Violence+1","Discovery+1"],"picked":"Apotheosis+1","floor":41},{"not_picked":["Masterful Stab","Blade Dance+1","Dagger Spray"],"picked":"Predator+1","floor":42},{"not_picked":["Finisher+1","Skewer","Prepared+1"],"picked":"Acrobatics+1","floor":44},{"not_picked":["Flying Knee","Skewer","Endless Agony"],"picked":"Adrenaline+1","floor":45},{"not_picked":["Blade Dance+1","Prepared+1","Backflip+1"],"picked":"Leg Sweep+1","floor":46},{"not_picked":["Slice","All Out Attack","Accuracy","Backstab"],"picked":"SKIP","floor":48},{"not_picked":["Dodge and Roll+1","Underhanded Strike","Setup+1"],"picked":"Footwork","floor":55}],"player_experience":1303907,"relics_obtained":[{"floor":6.0,"key":"Bag of Preparation"},{"floor":9.0,"key":"Sundial"},{"floor":11.0,"key":"Incense Burner"},{"floor":13.0,"key":"Question Card"},{"floor":21.0,"key":"Necronomicon"},{"floor":26.0,"key":"Bottled Lightning"},{"floor":27.0,"key":"Letter Opener"},{"floor":29.0,"key":"Toxic Egg 2"},{"floor":42,"key":"Peace Pipe"},{"floor":44,"key":"Bronze Scales"},{"floor":55,"key":"StoneCalendar"}],"event_choices":[{"damage_healed":0.0,"max_hp_gain":0.0,"max_hp_loss":0.0,"gold_gain":0.0,"event_name":"Accursed Blacksmith","player_choice":"Rummage","floor":3.0,"gold_loss":0.0,"damage_taken":0.0,"relics_obtained":["WarpedTongs"],"cards_obtained":["Pain"]},{"cards_removed":["Pain"],"damage_healed":0.0,"max_hp_gain":0.0,"max_hp_loss":0.0,"gold_gain":0.0,"event_name":"Living Wall","player_choice":"Forget","floor":12.0,"gold_loss":0.0,"damage_taken":0.0},{"damage_healed":0.0,"max_hp_gain":0.0,"max_hp_loss":0.0,"gold_gain":0.0,"event_name":"Addict","player_choice":"Obtained Relic","floor":19.0,"gold_loss":85.0,"damage_taken":0.0,"relics_obtained":["Darkstone Periapt"]},{"damage_healed":0.0,"max_hp_gain":0.0,"max_hp_loss":0.0,"gold_gain":0.0,"event_name":"Back to Basics","player_choice":"Simplicity","floor":20.0,"gold_loss":0.0,"damage_taken":0.0,"cards_upgraded":["Strike_G","Strike_G","Strike_G","Strike_G","Strike_G","Defend_G","Defend_G","Defend_G","Defend_G","Defend_G"]},{"damage_healed":0.0,"max_hp_gain":0.0,"max_hp_loss":0.0,"gold_gain":0.0,"event_name":"Cursed Tome","player_choice":"Obtained Book","floor":21.0,"gold_loss":0.0,"damage_taken":21.0},{"cards_removed":["Strike_G"],"damage_healed":0.0,"max_hp_gain":0.0,"max_hp_loss":0.0,"gold_gain":0.0,"event_name":"Purifier","player_choice":"Purged","floor":22.0,"gold_loss":0.0,"damage_taken":0.0},{"damage_healed":0,"gold_gain":0,"player_choice":"Copied","damage_taken":0,"max_hp_gain":0,"max_hp_loss":0,"event_name":"Duplicator","floor":36,"gold_loss":0,"cards_obtained":["Wraith Form v2"]},{"cards_removed":["Strike_G"],"damage_healed":0,"gold_gain":0,"player_choice":"Removed Attack","damage_taken":0,"max_hp_gain":0,"max_hp_loss":0,"event_name":"Falling","floor":39,"gold_loss":0},{"damage_healed":0,"gold_gain":0,"player_choice":"Memory 1","damage_taken":0,"max_hp_gain":0,"max_hp_loss":0,"event_name":"SensoryStone","floor":41,"gold_loss":0}],"is_beta":false,"boss_relics":[{"not_picked":["Runic Dome","WristBlade"],"picked":"Velvet Choker"},{"not_picked":["Tiny House","Pandora\u0027s Box"],"picked":"Sozu"}],"items_purged_floors":[2,54],"is_endless":false,"potions_floor_spawned":[1,5,11,24,27,28,29,37,42,44,45],"ascension_level":20}