{"gold_per_floor":[115,129,57,73,73,98,118,148,228,247,99,99,99,110,110,207,207,217,227,177,58,72,72,72],"floor_reached":24,"playtime":2025,"items_purged":["Strike_G"],"score":260,"play_id":"dc4519a4-c0ce-4627-b950-9545fc705406","local_time":"20190810195100","is_ascension_mode":true,"campfire_choices":[{"floor":12,"key":"REST"},{"floor":15,"key":"REST"},{"floor":23,"key":"REST"}],"neow_cost":"NONE","seed_source_timestamp":1518363591575,"circlet_count":0,"master_deck":["Strike_G","Strike_G","Strike_G","Defend_G","Defend_G","Defend_G","Defend_G","Defend_G","Survivor","Neutralize","Slice","Infinite Blades","Noxious Fumes+1","Backflip","Dodge and Roll+1","Catalyst+1","PiercingWail+1","After Image","Pain","Deadly Poison+1","Footwork","Deadly Poison+1","Slice+1"],"special_seed":0,"relics":["Ring of the Snake","Omamori","Singing Bowl","Du-Vu Doll","Toxic Egg 2","Calling Bell","Thread and Needle","Blue Candle","Potion Belt"],"potions_floor_usage":[16,16,16,24],"damage_taken":[{"damage":0.0,"enemies":"2 Louse","floor":1.0,"turns":4.0},{"damage":6.0,"enemies":"Jaw Worm","floor":2.0,"turns":6.0},{"damage":0.0,"enemies":"Cultist","floor":4.0,"turns":3.0},{"damage":18.0,"enemies":"Lagavulin","floor":6.0,"turns":7.0},{"damage":6.0,"enemies":"Exordium Wildlife","floor":7.0,"turns":6.0},{"damage":25.0,"enemies":"3 Sentries","floor":8.0,"turns":9.0},{"damage":3,"enemies":"Looter","floor":10,"turns":4},{"damage":5,"enemies":"Large Slime","floor":14,"turns":7},{"damage":29,"enemies":"Slime Boss","floor":16,"turns":11},{"damage":3,"enemies":"3 Byrds","floor":18,"turns":7},{"damage":13,"enemies":"Spheric Guardian","floor":19,"turns":5},{"damage":17,"enemies":"Snake Plant","floor":22,"turns":4},{"damage":60,"enemies":"Slavers","floor":24,"turns":4}],"seed_played":"-4225932361968276114","potions_obtained":[{"floor":1.0,"key":"Poison Potion"},{"floor":4.0,"key":"GhostInAJar"},{"floor":7.0,"key":"Weak Potion"},{"floor":19,"key":"Poison Potion"},{"floor":22,"key":"FearPotion"}],"is_trial":false,"path_per_floor":["M","M","$","M","?","E","M","E","T","M","$","R","?","M","R","B",null,"M","M","?","$","M","R","E"],"character_chosen":"THE_SILENT","items_purchased":["Infinite Blades","Catalyst+1","Footwork","Deadly Poison+1"],"campfire_rested":3,"item_purchase_floors":[3,11,21,21],"current_hp_per_floor":[70,64,64,64,64,48,42,19,19,16,16,38,31,26,48,19,60,57,46,46,46,29,51,0],"gold":72,"neow_bonus":"RANDOM_COMMON_RELIC","is_prod":false,"is_daily":false,"chose_seed":false,"campfire_upgraded":0,"win_rate":0,"timestamp":1565481060,"path_taken":["M","M","$","M","?","E","M","E","T","M","$","R","?","M","R","BOSS","M","M","?","$","?","R","E"],"build_version":"2019-07-17","purchased_purges":1,"victory":false,"max_hp_per_floor":[70,70,70,70,70,72,72,74,74,74,74,74,74,74,74,74,74,74,76,76,76,76,76,76],"card_choices":[{"not_picked":["Expertise","Underhanded Strike"],"picked":"Slice","floor":1.0},{"not_picked":["Outmaneuver","Bane","Flying Knee"],"picked":"SKIP","floor":2.0},{"not_picked":["Slice","Doppelganger"],"picked":"Noxious Fumes","floor":4.0},{"not_picked":["Finisher","Sucker Punch","Dagger Throw"],"picked":"Singing Bowl","floor":6.0},{"not_picked":["Dash","Accuracy"],"picked":"Backflip","floor":7.0},{"not_picked":["Heel Hook","Riddle With Holes","Sucker Punch"],"picked":"Singing Bowl","floor":8},{"not_picked":["Dagger Spray","Underhanded Strike"],"picked":"Dodge and Roll+1","floor":10},{"not_picked":["Backstab","Blade Dance+1"],"picked":"PiercingWail+1","floor":14},{"not_picked":["Doppelganger+1","Storm of Steel+1"],"picked":"After Image","floor":16},{"not_picked":["Heel Hook+1","Quick Slash+1"],"picked":"Deadly Poison+1","floor":18},{"not_picked":["Dagger Spray","Outmaneuver+1","Quick Slash"],"picked":"Singing Bowl","floor":19},{"not_picked":["Masterful Stab+1","Quick Slash+1"],"picked":"Slice+1","floor":22}],"player_experience":154119,"relics_obtained":[{"floor":6.0,"key":"Singing Bowl"},{"floor":8,"key":"Du-Vu Doll"},{"floor":9,"key":"Toxic Egg 2"},{"floor":17,"key":"Thread and Needle"},{"floor":17,"key":"Blue Candle"},{"floor":17,"key":"Potion Belt"}],"event_choices":[{"damage_healed":0.0,"max_hp_gain":0.0,"max_hp_loss":0.0,"gold_gain":0.0,"event_name":"Living Wall","player_choice":"Grow","floor":5.0,"gold_loss":0.0,"damage_taken":0.0,"cards_upgraded":["Noxious Fumes"]},{"cards_removed":["Strike_G"],"damage_healed":0,"gold_gain":0,"player_choice":"Card Removal","damage_taken":7,"max_hp_gain":0,"max_hp_loss":0,"event_name":"Golden Wing","floor":13,"gold_loss":0},{"damage_healed":0,"gold_gain":0,"player_choice":"Bet on Murderer","damage_taken":0,"max_hp_gain":0,"max_hp_loss":0,"event_name":"The Joust","floor":20,"gold_loss":50}],"is_beta":false,"boss_relics":[{"not_picked":["Busted Crown","White Beast Statue"],"picked":"Calling Bell"}],"items_purged_floors":[11],"is_endless":false,"potions_floor_spawned":[1,4,7,10,19,22],"killed_by":"Slavers","ascension_level":5}