{"gold_per_floor":[114,114,127,142,154,184,184,202,202,236,75,101,101,126,126,197,197,208,29,46,61,61,86,102,132,178,207,217,231,266,278,290,381,393,415,118,118,137,189,216,216,229,229,242,274,274,304,304,304,304,304],"floor_reached":51,"playtime":1858,"items_purged":["Strike_B","Strike_B"],"score":1915,"play_id":"a82db6c2-a344-45ae-93b3-68a594279306","local_time":"20190623184341","is_ascension_mode":true,"campfire_choices":[{"data":"Zap","floor":7.0,"key":"SMITH"},{"floor":13.0,"key":"REST"},{"data":"Defragment","floor":15,"key":"SMITH"},{"floor":32,"key":"REST"},{"data":"Storm","floor":41,"key":"SMITH"},{"data":"Storm","floor":46,"key":"SMITH"},{"data":"Thunder Strike","floor":49,"key":"SMITH"}],"neow_cost":"NONE","seed_source_timestamp":17249820947915,"circlet_count":0,"master_deck":["AscendersBane","Defend_B","Defend_B+1","Defend_B","Zap+1","Dualcast+1","Thunder Strike+1","Sunder","Tempest","Ball Lightning","Chill+1","Defragment+1","Redo+1","Consume+1","Fission+1","Defragment+1","Loop","Conserve Battery+1","Ghostly+1","Ghostly+1","Ghostly+1","Storm+1","Static Discharge","Redo+1","Conserve Battery+1","Storm+1","Fission+1","Rainbow+1","Tempest+1","Turbo+1","Thinking Ahead+1","Glacier+1","Parasite","Static Discharge+1","White Noise+1"],"special_seed":0,"relics":["Cracked Core","Bronze Scales","Incense Burner","Symbiotic Virus","Toxic Egg 2","Matryoshka","Lantern","Black Star","Art of War","Bottled Tornado","Blood Vial","Bag of Preparation","Smiling Mask","Orichalcum","Kunai","Ancient Tea Set","MawBank","The Courier","Empty Cage","Mango","Bird Faced Urn","DataDisk","Singing Bowl","Centennial Puzzle","Mummified Hand","War Paint","Cables","Shovel","Ice Cream"],"potions_floor_usage":[14,16,25,30,44,47],"damage_taken":[{"damage":7.0,"enemies":"Jaw Worm","floor":1.0,"turns":4.0},{"damage":2.0,"enemies":"Cultist","floor":3.0,"turns":4.0},{"damage":0.0,"enemies":"2 Louse","floor":4.0,"turns":2.0},{"damage":6.0,"enemies":"Looter","floor":5.0,"turns":3.0},{"damage":8.0,"enemies":"Gremlin Nob","floor":6.0,"turns":3.0},{"damage":7.0,"enemies":"Large Slime","floor":8.0,"turns":3.0},{"damage":18.0,"enemies":"3 Sentries","floor":10.0,"turns":3.0},{"damage":12.0,"enemies":"Lagavulin","floor":12.0,"turns":6.0},{"damage":0,"enemies":"Gremlin Nob","floor":14,"turns":2},{"damage":0,"enemies":"Slime Boss","floor":16,"turns":5},{"damage":0,"enemies":"Spheric Guardian","floor":18,"turns":2},{"damage":20,"enemies":"Shell Parasite","floor":20,"turns":5},{"damage":0,"enemies":"Snecko","floor":21,"turns":3},{"damage":0,"enemies":"Gremlin Leader","floor":23,"turns":7},{"damage":0,"enemies":"Snake Plant","floor":24,"turns":3},{"damage":1,"enemies":"Book of Stabbing","floor":25,"turns":4},{"damage":10,"enemies":"Gremlin Leader","floor":27,"turns":3},{"damage":0,"enemies":"Chosen and Byrds","floor":28,"turns":5},{"damage":0,"enemies":"3 Cultists","floor":29,"turns":4},{"damage":12,"enemies":"Slavers","floor":30,"turns":3},{"damage":5,"enemies":"Automaton","floor":33,"turns":9},{"damage":3,"enemies":"3 Shapes","floor":35,"turns":3},{"damage":0,"enemies":"Orb Walker","floor":38,"turns":2},{"damage":19,"enemies":"2 Orb Walkers","floor":39,"turns":3},{"damage":1,"enemies":"Giant Head","floor":40,"turns":6},{"damage":0,"enemies":"Writhing Mass","floor":42,"turns":4},{"damage":34,"enemies":"Transient","floor":44,"turns":6},{"damage":0,"enemies":"Nemesis","floor":45,"turns":5},{"damage":5,"enemies":"Giant Head","floor":47,"turns":4},{"damage":55,"enemies":"Awakened One","floor":50,"turns":11},{"damage":30,"enemies":"Time Eater","floor":51,"turns":2}],"seed_played":"4773596537405388753","potions_obtained":[{"floor":3.0,"key":"Block Potion"},{"floor":8.0,"key":"Strength Potion"},{"floor":10.0,"key":"Fire Potion"},{"floor":21,"key":"FearPotion"},{"floor":24,"key":"Weak Potion"},{"floor":25,"key":"Swift Potion"},{"floor":35,"key":"Poison Potion"},{"floor":44,"key":"Block Potion"}],"is_trial":false,"path_per_floor":["M","?","M","M","M","E","R","M","T","E","$","E","R","E","R","B",null,"M","$","M","M","?","E","M","E","T","E","M","M","E","?","R","B",null,"M","$","?","M","?","E","R","M","T","M","E","R","E","?","R","B","B"],"character_chosen":"DEFECT","items_purchased":["Defragment","Loop","Mango","Turbo+1"],"campfire_rested":2,"item_purchase_floors":[11,19,36,36],"current_hp_per_floor":[57,57,55,55,49,41,41,34,34,16,16,4,25,25,25,25,60,60,60,40,40,35,35,35,34,34,25,27,29,19,19,29,26,33,32,46,46,48,30,45,45,53,53,22,36,36,47,47,47,10,0],"gold":304,"neow_bonus":"RANDOM_COMMON_RELIC","is_prod":false,"is_daily":false,"chose_seed":false,"campfire_upgraded":5,"win_rate":0,"timestamp":1561308221,"path_taken":["M","?","?","M","M","E","R","M","T","E","$","E","R","E","R","BOSS","M","$","M","M","?","E","M","E","T","E","M","M","E","?","R","BOSS","M","$","?","M","?","E","R","M","T","M","E","R","E","?","R","BOSS","BOSS"],"build_version":"2019-06-21","purchased_purges":2,"victory":false,"max_hp_per_floor":[71,71,71,71,71,71,71,71,71,71,71,71,71,71,71,71,71,71,71,71,71,35,35,35,35,35,35,35,35,35,35,35,35,35,35,49,49,49,49,51,51,53,53,55,55,55,55,55,55,55,55],"card_choices":[{"not_picked":["Redo","Heatsinks","Turbo"],"picked":"SKIP","floor":1.0},{"not_picked":["Storm","Hello World"],"picked":"Sunder","floor":3.0},{"not_picked":["Storm","Chill"],"picked":"Cold Snap","floor":4.0},{"not_picked":["Turbo","Compile Driver"],"picked":"Tempest","floor":5.0},{"not_picked":["Melter","Gash"],"picked":"Ball Lightning","floor":6.0},{"not_picked":["Loop","Rebound","Streamline"],"picked":"SKIP","floor":8.0},{"not_picked":["Reprogram","FTL"],"picked":"Chill","floor":10.0},{"not_picked":["Creative AI","Sweeping Beam"],"picked":"Redo+1","floor":12.0},{"not_picked":["FTL","Sunder"],"picked":"Consume+1","floor":14},{"not_picked":["Rainbow+1","Hyperbeam"],"picked":"Fission+1","floor":16},{"not_picked":["Steam+1","Static Discharge"],"picked":"Defragment+1","floor":18},{"not_picked":["Sweeping Beam+1","Barrage","Lockon+1"],"picked":"SKIP","floor":20},{"not_picked":["Cold Snap","Leap+1"],"picked":"Conserve Battery+1","floor":21},{"not_picked":["Beam Cell","Compile Driver"],"picked":"Storm","floor":23},{"not_picked":["Heatsinks","Hologram+1"],"picked":"Static Discharge","floor":24},{"not_picked":["Melter","Double Energy+1"],"picked":"Redo+1","floor":25},{"not_picked":["Cold Snap","Barrage","Rip and Tear"],"picked":"SKIP","floor":27},{"not_picked":["Beam Cell","Streamline"],"picked":"Conserve Battery+1","floor":28},{"not_picked":["Leap+1","Redo+1"],"picked":"Storm","floor":29},{"not_picked":["Darkness+1","Leap+1"],"picked":"Fission+1","floor":30},{"not_picked":["Buffer","Fission+1"],"picked":"Rainbow+1","floor":33},{"not_picked":["Auto Shields+1","Reinforced Body+1"],"picked":"Tempest+1","floor":35},{"not_picked":["Trip+1","Jack Of All Trades+1"],"picked":"Thinking Ahead+1","floor":37},{"not_picked":["Go for the Eyes","Reinforced Body+1"],"picked":"Glacier+1","floor":38},{"not_picked":["Cold Snap","Go for the Eyes","Streamline"],"picked":"Singing Bowl","floor":40},{"not_picked":["Gash","Fusion+1","Redo+1"],"picked":"Singing Bowl","floor":42},{"not_picked":["BootSequence+1","Gash","FTL"],"picked":"Singing Bowl","floor":44},{"not_picked":["BootSequence+1","Coolheaded+1"],"picked":"Static Discharge+1","floor":45},{"not_picked":["Thunder Strike","Conserve Battery+1"],"picked":"White Noise+1","floor":47}],"player_experience":1767587,"relics_obtained":[{"floor":6.0,"key":"Incense Burner"},{"floor":9.0,"key":"Symbiotic Virus"},{"floor":10.0,"key":"Toxic Egg 2"},{"floor":12.0,"key":"Matryoshka"},{"floor":14,"key":"Lantern"},{"floor":23,"key":"Art of War"},{"floor":23,"key":"Bottled Tornado"},{"floor":25,"key":"Blood Vial"},{"floor":25,"key":"Bag of Preparation"},{"floor":26,"key":"Smiling Mask"},{"floor":26,"key":"Orichalcum"},{"floor":27,"key":"Kunai"},{"floor":27,"key":"Ancient Tea Set"},{"floor":30,"key":"MawBank"},{"floor":30,"key":"The Courier"},{"floor":39,"key":"Bird Faced Urn"},{"floor":40,"key":"DataDisk"},{"floor":40,"key":"Singing Bowl"},{"floor":43,"key":"Centennial Puzzle"},{"floor":43,"key":"Mummified Hand"},{"floor":45,"key":"War Paint"},{"floor":45,"key":"Cables"},{"floor":47,"key":"Shovel"},{"floor":47,"key":"Ice Cream"}],"event_choices":[{"damage_healed":0.0,"max_hp_gain":0.0,"max_hp_loss":0.0,"gold_gain":0.0,"cards_transformed":["Strike_B"],"event_name":"Transmorgrifier","player_choice":"Transformed","floor":2.0,"gold_loss":0.0,"damage_taken":0.0,"cards_obtained":["Thunder Strike"]},{"damage_healed":0,"gold_gain":0,"player_choice":"Became a Ghost","damage_taken":0,"max_hp_gain":0,"max_hp_loss":36,"event_name":"Ghosts","floor":22,"gold_loss":0,"cards_obtained":["Ghostly","Ghostly","Ghostly"]},{"damage_healed":0,"gold_gain":0,"player_choice":"Ignored","damage_taken":0,"max_hp_gain":0,"max_hp_loss":0,"event_name":"The Mausoleum","floor":31,"gold_loss":0},{"damage_healed":0,"gold_gain":0,"player_choice":"Memory 1","damage_taken":0,"max_hp_gain":0,"max_hp_loss":0,"event_name":"SensoryStone","floor":37,"gold_loss":0},{"damage_healed":0,"gold_gain":0,"player_choice":"Fight","damage_taken":0,"max_hp_gain":0,"max_hp_loss":0,"event_name":"Mysterious Sphere","floor":39,"gold_loss":0},{"cards_removed":["Cold Snap"],"damage_healed":0,"gold_gain":0,"player_choice":"Removed Attack","damage_taken":0,"max_hp_gain":0,"max_hp_loss":0,"event_name":"Falling","floor":48,"gold_loss":0}],"is_beta":true,"boss_relics":[{"not_picked":["Lizard Tail","Cursed Key"],"picked":"Black Star"},{"not_picked":["Velvet Choker","Eternal Feather"],"picked":"Empty Cage"}],"items_purged_floors":[11,19],"is_endless":false,"potions_floor_spawned":[3,8,10,21,24,25,29,35,42,44,45],"killed_by":"Time Eater","ascension_level":20}