{"gold_per_floor":[117,136,136,61,78,78,91,123,176,205,222,222,242,271,271,342,342,362,381,398,52,102,430,445,495,495,495,99,99,114,214,214,214],"floor_reached":33,"playtime":3769,"items_purged":["Strike_G","Strike_G"],"score":774,"play_id":"dc54e15d-a993-44d2-bb4e-f3ff5b6074d0","local_time":"20190729223725","is_ascension_mode":true,"campfire_choices":[{"data":"Skewer","floor":6.0,"key":"SMITH"},{"data":"Footwork","floor":12.0,"key":"SMITH"},{"data":"Neutralize","floor":15.0,"key":"SMITH"},{"floor":27.0,"key":"REST"},{"data":"Footwork","floor":29.0,"key":"SMITH"},{"floor":32.0,"key":"DIG"}],"neow_cost":"TEN_PERCENT_HP_LOSS","seed_source_timestamp":859307808668465,"circlet_count":0,"master_deck":["AscendersBane","Strike_G+1","Strike_G","Strike_G","Defend_G","Defend_G","Defend_G","Defend_G","Defend_G","Survivor","Neutralize+1","Noxious Fumes+1","Dagger Spray","Backflip","Quick Slash+1","Skewer+1","Footwork+1","Backflip","Cloak And Dagger","Dash","Deflect","Escape Plan","Acrobatics","Glass Knife","Crippling Poison","Deflect","Footwork+1","Backflip","Deflect","Predator+1","Dodge and Roll","Deflect+1","Acrobatics","Underhanded Strike","Backflip","Noxious Fumes","Acrobatics+1"],"special_seed":0,"relics":["Ring of the Snake","Prayer Wheel","Meat on the Bone","Whetstone","Pen Nib","Art of War","HoveringKite","TwistedFunnel","Old Coin","Ancient Tea Set","Centennial Puzzle","Shovel","Bottled Tornado","Orichalcum"],"potions_floor_usage":[],"damage_taken":[{"damage":0.0,"enemies":"2 Louse","floor":1.0,"turns":3.0},{"damage":1.0,"enemies":"Cultist","floor":2.0,"turns":4.0},{"damage":3.0,"enemies":"Jaw Worm","floor":5.0,"turns":4.0},{"damage":11.0,"enemies":"Large Slime","floor":7.0,"turns":5.0},{"damage":16.0,"enemies":"Lagavulin","floor":8.0,"turns":7.0},{"damage":25.0,"enemies":"Gremlin Nob","floor":10.0,"turns":4.0},{"damage":0.0,"enemies":"Lots of Slimes","floor":11.0,"turns":1.0},{"damage":0.0,"enemies":"Looter","floor":13.0,"turns":4.0},{"damage":17.0,"enemies":"Lagavulin","floor":14.0,"turns":7.0},{"damage":0.0,"enemies":"The Guardian","floor":16.0,"turns":11.0},{"damage":20.0,"enemies":"Shell Parasite","floor":18.0,"turns":6.0},{"damage":5.0,"enemies":"Spheric Guardian","floor":19.0,"turns":4.0},{"damage":16.0,"enemies":"Chosen and Byrds","floor":20.0,"turns":8.0},{"damage":28.0,"enemies":"Slavers","floor":23.0,"turns":6.0},{"damage":9.0,"enemies":"Cultist and Chosen","floor":24.0,"turns":9.0},{"damage":0.0,"enemies":"3 Cultists","floor":30.0,"turns":5.0},{"damage":5.0,"enemies":"Colosseum Slavers","floor":31.0,"turns":4.0},{"damage":14.0,"enemies":"Colosseum Nobs","floor":31.0,"turns":4.0},{"damage":61,"enemies":"Collector","floor":33,"turns":7}],"seed_played":"6411706650359549686","potions_obtained":[{"floor":1.0,"key":"GamblersBrew"},{"floor":2.0,"key":"Energy Potion"},{"floor":8.0,"key":"Explosive Potion"},{"floor":13.0,"key":"EssenceOfSteel"},{"floor":14.0,"key":"Energy Potion"},{"floor":16.0,"key":"Dexterity Potion"}],"is_trial":false,"path_per_floor":["M","M","?","$","M","R","M","E","T","E","M","R","M","E","R","B",null,"M","M","M","$","?","E","M","?","T","R","$","R","M","?","R","B"],"character_chosen":"THE_SILENT","items_purchased":["Skewer","Dodge and Roll","TwistedFunnel","Centennial Puzzle","Backflip","Noxious Fumes"],"campfire_rested":1,"item_purchase_floors":[4,21,21,28,28,28],"current_hp_per_floor":[59,58,58,58,55,55,44,28,28,15,27,27,39,34,34,34,54,34,41,37,37,37,21,24,24,24,42,42,42,42,35,35,0],"gold":214,"neow_bonus":"ONE_RARE_RELIC","is_prod":false,"is_daily":false,"chose_seed":false,"campfire_upgraded":4,"win_rate":0,"timestamp":1564429045,"path_taken":["M","M","?","$","M","R","M","E","T","E","M","R","M","E","R","BOSS","M","M","?","$","?","E","M","?","T","R","$","R","?","?","R","BOSS"],"build_version":"2019-07-17","purchased_purges":2,"victory":false,"max_hp_per_floor":[60,60,60,60,60,60,60,60,60,60,60,60,60,60,60,60,60,60,60,60,60,60,60,60,60,60,60,60,60,60,60,60,60],"card_choices":[{"not_picked":["Outmaneuver","Predator"],"picked":"Noxious Fumes","floor":1.0},{"not_picked":["Endless Agony","Underhanded Strike"],"picked":"Dagger Spray","floor":1.0},{"not_picked":["Dagger Throw","Setup"],"picked":"Backflip","floor":2.0},{"not_picked":["Cloak And Dagger","Blade Dance"],"picked":"Quick Slash","floor":2.0},{"not_picked":["Masterful Stab","Outmaneuver"],"picked":"Footwork","floor":5.0},{"not_picked":["Blade Dance","Masterful Stab","Tactician"],"picked":"SKIP","floor":5.0},{"not_picked":["Skewer","Quick Slash"],"picked":"Backflip","floor":7.0},{"not_picked":["Dagger Throw","Sucker Punch"],"picked":"Cloak And Dagger","floor":7.0},{"not_picked":["Cloak And Dagger","Caltrops"],"picked":"Dash","floor":8.0},{"not_picked":["Predator","Sucker Punch"],"picked":"Deflect","floor":10.0},{"not_picked":["Sucker Punch","Flechettes"],"picked":"Escape Plan","floor":11.0},{"not_picked":["Underhanded Strike","Phantasmal Killer","Choke"],"picked":"SKIP","floor":11.0},{"not_picked":["Bane","Flying Knee"],"picked":"Acrobatics","floor":13.0},{"not_picked":["Expertise","Slice","Quick Slash"],"picked":"SKIP","floor":13.0},{"not_picked":["Poisoned Stab","Quick Slash","Predator"],"picked":"SKIP","floor":14.0},{"not_picked":["Phantasmal Killer","Doppelganger"],"picked":"Glass Knife","floor":16.0},{"not_picked":["Dash","Bane+1"],"picked":"Crippling Poison","floor":18.0},{"not_picked":["Quick Slash","Heel Hook"],"picked":"Deflect","floor":18.0},{"not_picked":["Dash","Riddle With Holes+1"],"picked":"Footwork","floor":19.0},{"not_picked":["Acrobatics","Quick Slash"],"picked":"Backflip","floor":19.0},{"not_picked":["Setup","Sucker Punch"],"picked":"Deflect","floor":20.0},{"not_picked":["Flying Knee","Accuracy"],"picked":"Predator+1","floor":20.0},{"not_picked":["Prepared","All Out Attack"],"picked":"Deflect+1","floor":23.0},{"not_picked":["Glass Knife","Riddle With Holes"],"picked":"Acrobatics","floor":24.0},{"not_picked":["Flying Knee","Outmaneuver"],"picked":"Underhanded Strike","floor":24.0},{"not_picked":["Deadly Poison","Riddle With Holes+1"],"picked":"Acrobatics+1","floor":30.0},{"not_picked":["Caltrops","Quick Slash","Sucker Punch"],"picked":"SKIP","floor":30.0}],"player_experience":1078161,"relics_obtained":[{"floor":8.0,"key":"Meat on the Bone"},{"floor":9.0,"key":"Whetstone"},{"floor":10.0,"key":"Pen Nib"},{"floor":14.0,"key":"Art of War"},{"floor":23.0,"key":"Old Coin"},{"floor":26.0,"key":"Ancient Tea Set"},{"floor":31.0,"key":"Shovel"},{"floor":31.0,"key":"Bottled Tornado"},{"floor":32.0,"key":"Orichalcum"}],"event_choices":[{"damage_healed":0.0,"max_hp_gain":0.0,"max_hp_loss":0.0,"gold_gain":0.0,"event_name":"Upgrade Shrine","player_choice":"Upgraded","floor":3.0,"gold_loss":0.0,"damage_taken":0.0,"cards_upgraded":["Noxious Fumes"]},{"damage_healed":0.0,"max_hp_gain":0.0,"max_hp_loss":0.0,"gold_gain":50.0,"event_name":"Nest","player_choice":"Stole From Cult","floor":22.0,"gold_loss":0.0,"damage_taken":0.0},{"damage_healed":0.0,"max_hp_gain":0.0,"max_hp_loss":0.0,"gold_gain":100.0,"event_name":"The Joust","player_choice":"Bet on Murderer","floor":25.0,"gold_loss":50.0,"damage_taken":0.0},{"damage_healed":0.0,"max_hp_gain":0.0,"max_hp_loss":0.0,"gold_gain":0.0,"event_name":"Colosseum","player_choice":"Fight","floor":31.0,"gold_loss":0.0,"damage_taken":0.0},{"damage_healed":0.0,"max_hp_gain":0.0,"max_hp_loss":0.0,"gold_gain":0.0,"event_name":"Colosseum","player_choice":"Fought Nobs","floor":31.0,"gold_loss":0.0,"damage_taken":0.0}],"is_beta":false,"boss_relics":[{"not_picked":["Ectoplasm","Snecko Eye"],"picked":"HoveringKite"}],"items_purged_floors":[21,28],"is_endless":false,"potions_floor_spawned":[1,2,8,13,14,16,18,19],"killed_by":"Collector","ascension_level":20}