{"gold_per_floor":[118,131,131,149,224,224,258,258,327,327,360,375,375,388,388,388],"floor_reached":16,"playtime":373,"items_purged":[],"score":220,"play_id":"41705594-a4f9-47a6-a220-7e5e09449ed0","local_time":"20190622191035","is_ascension_mode":true,"campfire_choices":[{"floor":6.0,"key":"REST"},{"data":"Zap","floor":8,"key":"SMITH"},{"data":"Sweeping Beam","floor":13,"key":"SMITH"},{"data":"Sweeping Beam","floor":15,"key":"SMITH"}],"neow_cost":"NONE","seed_source_timestamp":19751525171779,"circlet_count":0,"master_deck":["AscendersBane","Strike_B","Strike_B+1","Strike_B","Defend_B","Defend_B","Defend_B","Defend_B+1","Zap+1","Dualcast","Cold Snap","Ball Lightning","Sweeping Beam+1","BootSequence","Core Surge","Sweeping Beam+1","Cold Snap"],"special_seed":0,"relics":["Cracked Core","Boot","Regal Pillow","Pantograph","Gremlin Horn"],"potions_floor_usage":[7],"damage_taken":[{"damage":5.0,"enemies":"Small Slimes","floor":1.0,"turns":3.0},{"damage":5.0,"enemies":"2 Louse","floor":2.0,"turns":2.0},{"damage":0.0,"enemies":"Cultist","floor":4.0,"turns":3.0},{"damage":8,"enemies":"Lagavulin","floor":7,"turns":7},{"damage":10,"enemies":"3 Sentries","floor":11,"turns":6},{"damage":6,"enemies":"Exordium Thugs","floor":12,"turns":4},{"damage":0,"enemies":"Lots of Slimes","floor":14,"turns":2},{"damage":49,"enemies":"Hexaghost","floor":16,"turns":9}],"seed_played":"3710226604324938126","potions_obtained":[{"floor":4.0,"key":"PowerPotion"},{"floor":12,"key":"Dexterity Potion"}],"is_trial":false,"path_per_floor":["M","M","?","M","?","R","E","R","T","?","E","M","R","M","R","B"],"character_chosen":"DEFECT","items_purchased":[],"campfire_rested":1,"item_purchase_floors":[],"current_hp_per_floor":[59,54,33,33,22,43,35,35,35,35,25,19,19,19,19,0],"gold":388,"neow_bonus":"RANDOM_COMMON_RELIC","is_prod":false,"is_daily":false,"chose_seed":false,"campfire_upgraded":3,"win_rate":0,"timestamp":1561223435,"path_taken":["M","M","?","M","?","R","E","R","T","?","E","M","R","M","R","BOSS"],"build_version":"2019-06-21","purchased_purges":0,"victory":false,"max_hp_per_floor":[71,71,71,71,71,71,71,71,71,71,71,71,71,71,71,71],"card_choices":[{"not_picked":["Storm","Redo"],"picked":"Cold Snap","floor":1.0},{"not_picked":["Go for the Eyes","Steam"],"picked":"Ball Lightning","floor":2.0},{"not_picked":["Gash","Coolheaded"],"picked":"Sweeping Beam","floor":4.0},{"not_picked":["Streamline","Melter"],"picked":"BootSequence","floor":7},{"not_picked":["Sweeping Beam","Compile Driver"],"picked":"Core Surge","floor":11},{"not_picked":["Cold Snap","Gash"],"picked":"Sweeping Beam","floor":12},{"not_picked":["Turbo","White Noise"],"picked":"Cold Snap","floor":14}],"player_experience":1759803,"relics_obtained":[{"floor":7,"key":"Regal Pillow"},{"floor":9,"key":"Pantograph"},{"floor":11,"key":"Gremlin Horn"}],"event_choices":[{"damage_healed":0.0,"max_hp_gain":0.0,"max_hp_loss":0.0,"gold_gain":0.0,"event_name":"Shining Light","player_choice":"Entered Light","floor":3.0,"gold_loss":0.0,"damage_taken":21.0,"cards_upgraded":["Defend_B","Strike_B"]},{"damage_healed":0.0,"max_hp_gain":0.0,"max_hp_loss":0.0,"gold_gain":75.0,"event_name":"World of Goop","player_choice":"Gather Gold","floor":5.0,"gold_loss":0.0,"damage_taken":11.0},{"cards_removed":["Strike_B"],"damage_healed":0,"gold_gain":0,"player_choice":"Card Removal","damage_taken":0,"max_hp_gain":0,"max_hp_loss":0,"event_name":"Wheel of Change","floor":10,"gold_loss":0}],"is_beta":true,"boss_relics":[],"items_purged_floors":[],"is_endless":false,"potions_floor_spawned":[4,12],"killed_by":"Hexaghost","ascension_level":20}