{"gold_per_floor":[210,210,210,210,230,254,279,304,330,330,349,365,365,384,384,477,477,490,470,88,108,132,132],"floor_reached":23,"playtime":918,"items_purged":["Strike_G"],"score":378,"play_id":"10f66a55-832c-41f3-a677-07ec8fd0fe30","local_time":"20190804015422","is_ascension_mode":true,"campfire_choices":[{"data":"Deadly Poison","floor":10.0,"key":"SMITH"},{"data":"Calculated Gamble","floor":13.0,"key":"SMITH"},{"data":"Well Laid Plans","floor":15.0,"key":"SMITH"}],"neow_cost":"NONE","seed_source_timestamp":545328504983010,"circlet_count":0,"master_deck":["AscendersBane","Strike_G","Defend_G","Defend_G+1","Defend_G+1","Defend_G","Defend_G","Survivor","Neutralize","After Image","Deadly Poison+1","Well Laid Plans+1","Calculated Gamble+1","Burst","Well Laid Plans+1","A Thousand Cuts+1","Venomology+1","Catalyst","Reflex","Expertise"],"special_seed":0,"relics":["Ring of the Snake","Golden Idol","Omamori","Happy Flower","Astrolabe","Medical Kit"],"potions_floor_usage":[23,23,23],"damage_taken":[{"damage":13.0,"enemies":"Jaw Worm","floor":1.0,"turns":6.0},{"damage":1.0,"enemies":"Small Slimes","floor":5.0,"turns":5.0},{"damage":0.0,"enemies":"2 Louse","floor":6.0,"turns":3.0},{"damage":5.0,"enemies":"Exordium Thugs","floor":7.0,"turns":10.0},{"damage":0.0,"enemies":"Large Slime","floor":8.0,"turns":9.0},{"damage":7.0,"enemies":"Gremlin Gang","floor":11.0,"turns":7.0},{"damage":0.0,"enemies":"Blue Slaver","floor":12.0,"turns":4.0},{"damage":0.0,"enemies":"Looter","floor":14.0,"turns":4.0},{"damage":2.0,"enemies":"The Guardian","floor":16.0,"turns":10.0},{"damage":3.0,"enemies":"3 Byrds","floor":18.0,"turns":3.0},{"damage":4.0,"enemies":"2 Thieves","floor":19.0,"turns":5.0},{"damage":12.0,"enemies":"Snake Plant","floor":21.0,"turns":5.0},{"damage":16.0,"enemies":"Shelled Parasite and Fungi","floor":22.0,"turns":7.0},{"damage":6,"enemies":"Gremlin Leader","floor":23,"turns":4}],"seed_played":"5616911465713890435","potions_obtained":[{"floor":5.0,"key":"Weak Potion"},{"floor":7.0,"key":"AttackPotion"},{"floor":11.0,"key":"AttackPotion"},{"floor":12.0,"key":"Regen Potion"},{"floor":16.0,"key":"LiquidBronze"},{"floor":22.0,"key":"LiquidBronze"}],"is_trial":false,"path_per_floor":["M","?","?","?","M","M","M","M","T","R","M","M","R","M","R","B",null,"M","M","$","M","M","E"],"character_chosen":"THE_SILENT","items_purchased":["Reflex","Medical Kit"],"campfire_rested":0,"item_purchase_floors":[20,20],"current_hp_per_floor":[46,46,28,23,22,22,17,17,17,17,10,10,10,10,10,23,51,48,44,44,32,16,10],"gold":132,"neow_bonus":"HUNDRED_GOLD","is_prod":false,"is_daily":false,"chose_seed":false,"campfire_upgraded":3,"win_rate":0,"timestamp":1564851262,"path_taken":["M","?","?","?","?","M","M","M","T","R","M","M","R","M","R","BOSS","M","M","$","M","M","E"],"build_version":"2019-07-17","purchased_purges":1,"victory":false,"max_hp_per_floor":[66,60,60,60,60,60,60,60,60,60,60,60,60,60,60,60,60,60,60,60,60,60,60],"card_choices":[{"not_picked":["Deflect","Dagger Spray","Flying Knee"],"picked":"SKIP","floor":1.0},{"not_picked":["Underhanded Strike","Deflect","Sucker Punch"],"picked":"SKIP","floor":5.0},{"not_picked":["PiercingWail","Dash"],"picked":"After Image","floor":6.0},{"not_picked":["Distraction","Backflip"],"picked":"Deadly Poison","floor":7.0},{"not_picked":["Underhanded Strike","Dagger Spray","Blade Dance"],"picked":"SKIP","floor":8.0},{"not_picked":["Quick Slash","Deflect"],"picked":"Well Laid Plans","floor":11.0},{"not_picked":["Blur","Bane"],"picked":"Calculated Gamble","floor":12.0},{"not_picked":["Underhanded Strike","Bane","Terror"],"picked":"SKIP","floor":14.0},{"not_picked":["Underhanded Strike","Bane","Terror"],"picked":"SKIP","floor":14.0},{"not_picked":["Die Die Die","Envenom"],"picked":"Burst","floor":16.0},{"not_picked":["PiercingWail","Sucker Punch+1","Blade Dance"],"picked":"SKIP","floor":18.0},{"not_picked":["Bane","Deflect"],"picked":"Catalyst","floor":19.0},{"not_picked":["Dagger Throw","Backstab"],"picked":"Expertise","floor":21.0},{"not_picked":["Dagger Throw","Sucker Punch","Noxious Fumes"],"picked":"SKIP","floor":22.0}],"player_experience":752606,"relics_obtained":[{"floor":9.0,"key":"Happy Flower"}],"event_choices":[{"damage_healed":0.0,"max_hp_gain":0.0,"max_hp_loss":6.0,"gold_gain":0.0,"event_name":"Golden Idol","player_choice":"Lose Max HP","floor":2.0,"gold_loss":0.0,"damage_taken":0.0,"relics_obtained":["Golden Idol"]},{"damage_healed":0.0,"max_hp_gain":0.0,"max_hp_loss":0.0,"gold_gain":0.0,"event_name":"Shining Light","player_choice":"Entered Light","floor":3.0,"gold_loss":0.0,"damage_taken":18.0,"cards_upgraded":["Defend_G","Defend_G"]},{"damage_healed":0.0,"max_hp_gain":0.0,"max_hp_loss":0.0,"gold_gain":0.0,"event_name":"Scrap Ooze","player_choice":"Success","floor":4.0,"gold_loss":0.0,"damage_taken":5.0,"relics_obtained":["Omamori"]}],"is_beta":false,"boss_relics":[{"not_picked":["Tiny House","White Beast Statue"],"picked":"Astrolabe"}],"items_purged_floors":[20],"is_endless":false,"potions_floor_spawned":[5,7,11,12,16,22],"killed_by":"Gremlin Leader","ascension_level":20}