{"gold_per_floor":[117,49,14,26,26,58,58,88,88,88,105,24,24,54,54,157,157,175,175,192,205,215,215,244,244,244,244,279,295,295,322,322,420,420,430,652,667,686,699,734,750,781,781,816,831,843,843,404,404,404,404,404,128,159,159],"floor_reached":56,"playtime":3360,"items_purged":["Sunder"],"score":1893,"play_id":"88748552-8494-4d0b-82ef-58f2d5dfa1a6","local_time":"20190802044654","is_ascension_mode":true,"campfire_choices":[{"data":"White Noise","floor":7.0,"key":"SMITH"},{"data":"Creative AI","floor":10.0,"key":"SMITH"},{"data":"Dualcast","floor":13.0,"key":"SMITH"},{"data":"Zap","floor":15.0,"key":"SMITH"},{"data":"Heatsinks","floor":23.0,"key":"SMITH"},{"data":"Machine Learning","floor":25.0,"key":"SMITH"},{"data":"Amplify","floor":27.0,"key":"SMITH"},{"data":"BootSequence","floor":32.0,"key":"SMITH"},{"floor":49,"key":"RECALL"},{"data":"BootSequence","floor":52,"key":"SMITH"}],"neow_cost":"NONE","seed_source_timestamp":261232061579018,"circlet_count":0,"master_deck":["AscendersBane","Zap+1","Dualcast+1","Storm","Creative AI+1","White Noise+1","Chill","Force Field","Static Discharge","Self Repair","Force Field","Heatsinks+1","Capacitor","Amplify+1","Storm+1","Machine Learning+1","BootSequence+1","Reboot","White Noise+1","Storm+1","BootSequence+1","Recycle","Go for the Eyes"],"special_seed":0,"relics":["Pandora\u0027s Box","Bird Faced Urn","Orichalcum","Pear","Black Star","Dodecahedron","Happy Flower","Ornamental Fan","Red Mask","Vajra","Bronze Scales","Runic Pyramid","Frozen Egg 2","Cables","DataDisk","Question Card","Symbiotic Virus","Strawberry","FossilizedHelix","Centennial Puzzle","Mango","Bag of Marbles"],"potions_floor_usage":[54,55,55,55],"damage_taken":[{"damage":12.0,"enemies":"Jaw Worm","floor":1.0,"turns":4.0},{"damage":20.0,"enemies":"Small Slimes","floor":4.0,"turns":3.0},{"damage":29.0,"enemies":"Gremlin Nob","floor":6.0,"turns":5.0},{"damage":0.0,"enemies":"Lagavulin","floor":8.0,"turns":8.0},{"damage":0.0,"enemies":"Cultist","floor":11.0,"turns":5.0},{"damage":10.0,"enemies":"Gremlin Nob","floor":14.0,"turns":5.0},{"damage":9.0,"enemies":"Slime Boss","floor":16.0,"turns":5.0},{"damage":19.0,"enemies":"3 Byrds","floor":18.0,"turns":4.0},{"damage":6.0,"enemies":"Chosen","floor":20.0,"turns":4.0},{"damage":41.0,"enemies":"Snake Plant","floor":21.0,"turns":5.0},{"damage":6.0,"enemies":"Snecko","floor":22.0,"turns":5.0},{"damage":15.0,"enemies":"Book of Stabbing","floor":24.0,"turns":4.0},{"damage":42.0,"enemies":"Masked Bandits","floor":28.0,"turns":4.0},{"damage":0.0,"enemies":"Centurion and Healer","floor":29.0,"turns":3.0},{"damage":5.0,"enemies":"Gremlin Leader","floor":31.0,"turns":3.0},{"damage":6.0,"enemies":"Automaton","floor":33.0,"turns":6.0},{"damage":7.0,"enemies":"3 Darklings","floor":35.0,"turns":5.0},{"damage":0.0,"enemies":"Orb Walker","floor":37.0,"turns":2.0},{"damage":0.0,"enemies":"Writhing Mass","floor":38.0,"turns":3.0},{"damage":0.0,"enemies":"Sphere and 2 Shapes","floor":39.0,"turns":3.0},{"damage":0.0,"enemies":"Giant Head","floor":40.0,"turns":4.0},{"damage":12.0,"enemies":"Jaw Worm Horde","floor":41.0,"turns":3.0},{"damage":20.0,"enemies":"Reptomancer","floor":42.0,"turns":3.0},{"damage":33,"enemies":"Nemesis","floor":44,"turns":5},{"damage":0,"enemies":"Transient","floor":45,"turns":5},{"damage":0,"enemies":"4 Shapes","floor":46,"turns":3},{"damage":65,"enemies":"Awakened One","floor":50,"turns":4},{"damage":26,"enemies":"Shield and Spear","floor":54,"turns":4},{"damage":69,"enemies":"The Heart","floor":55,"turns":5}],"seed_played":"6690852613326926058","potions_obtained":[{"floor":4.0,"key":"Fire Potion"},{"floor":8.0,"key":"Regen Potion"},{"floor":16.0,"key":"SkillPotion"},{"floor":20.0,"key":"Dexterity Potion"},{"floor":24.0,"key":"SpeedPotion"},{"floor":28.0,"key":"Fire Potion"},{"floor":54,"key":"Energy Potion"}],"is_trial":false,"path_per_floor":["M","$","?","M","?","E","R","E","T","R","M","$","R","E","R","B",null,"M","?","M","M","M","R","E","R","T","R","?","M","?","E","R","B",null,"M","?","M","M","M","E","M","E","T","E","M","M","?","$","R","B",null,"R","$","E","B",null],"character_chosen":"DEFECT","items_purchased":["Self Repair","Capacitor","Recycle","FossilizedHelix","Block Potion","FocusPotion","Centennial Puzzle"],"campfire_rested":0,"item_purchase_floors":[2,12,48,48,53,53,53],"current_hp_per_floor":[56,56,74,61,66,44,44,69,69,69,80,80,80,90,90,90,90,85,85,90,81,90,90,90,90,90,90,69,90,90,90,90,90,90,90,90,90,90,90,90,90,90,90,87,97,97,97,97,97,55,87,87,87,111,73],"gold":159,"neow_bonus":"BOSS_RELIC","is_prod":false,"is_daily":false,"chose_seed":false,"campfire_upgraded":9,"win_rate":0,"timestamp":1564688814,"path_taken":["M","$","?","M","?","E","R","E","T","R","M","?","R","E","R","BOSS","M","?","M","M","?","R","E","R","T","R","?","M","?","E","R","BOSS","M","?","M","M","M","E","M","E","T","E","M","M","?","$","R","BOSS","R","$","E","BOSS"],"build_version":"2019-07-17","purchased_purges":1,"victory":true,"max_hp_per_floor":[75,75,75,75,80,80,80,80,80,80,80,80,80,90,90,90,90,90,90,90,90,90,90,90,90,90,90,90,90,90,90,90,90,90,90,90,90,90,90,90,90,90,90,97,97,97,97,97,97,97,97,97,97,111,111],"card_choices":[{"not_picked":["Redo","Beam Cell","Sweeping Beam"],"picked":"SKIP","floor":1.0},{"not_picked":["Storm","Beam Cell","Rebound"],"picked":"SKIP","floor":4.0},{"not_picked":["Chaos","Stack"],"picked":"Force Field","floor":6.0},{"not_picked":["Chill","White Noise"],"picked":"Heatsinks","floor":8.0},{"not_picked":["Go for the Eyes","Leap","Auto Shields"],"picked":"SKIP","floor":11.0},{"not_picked":["Ball Lightning","Stack","Meteor Strike"],"picked":"SKIP","floor":14.0},{"not_picked":["Core Surge","Reboot"],"picked":"Amplify","floor":16.0},{"not_picked":["Streamline+1","Redo","Cold Snap"],"picked":"SKIP","floor":18.0},{"not_picked":["Rip and Tear","Multi-Cast","Cold Snap+1"],"picked":"SKIP","floor":20.0},{"not_picked":["Coolheaded","Conserve Battery"],"picked":"Storm+1","floor":21.0},{"not_picked":["Streamline","FTL","Static Discharge"],"picked":"SKIP","floor":22.0},{"not_picked":["Stack+1","Sweeping Beam"],"picked":"Machine Learning","floor":24.0},{"not_picked":["Tempest","Chill","Stack+1"],"picked":"SKIP","floor":29.0},{"not_picked":["Gash","Doom and Gloom","Skim"],"picked":"SKIP","floor":31.0},{"not_picked":["Meteor Strike","All For One"],"picked":"Reboot","floor":33.0},{"not_picked":["Redo+1","Turbo"],"picked":"White Noise+1","floor":35.0},{"not_picked":["Hologram+1","Streamline","Leap+1"],"picked":"SKIP","floor":37.0},{"not_picked":["White Noise","Rebound","Gash"],"picked":"SKIP","floor":38.0},{"not_picked":["Coolheaded+1","Steam"],"picked":"Storm+1","floor":39.0},{"not_picked":["Compile Driver","Go for the Eyes+1","Aggregate"],"picked":"SKIP","floor":40.0},{"not_picked":["Conserve Battery+1","Static Discharge+1"],"picked":"BootSequence","floor":41.0},{"not_picked":["Tempest+1","Beam Cell","Hologram+1"],"picked":"SKIP","floor":42},{"not_picked":["Melter","Fission","Beam Cell","Reprogram+1"],"picked":"SKIP","floor":44},{"not_picked":["Compile Driver","Streamline+1","Turbo+1","Sweeping Beam+1"],"picked":"SKIP","floor":45},{"not_picked":["Gash+1","Stack+1","Conserve Battery+1","Amplify"],"picked":"SKIP","floor":46},{"not_picked":["Reinforced Body+1","Rip and Tear","Conserve Battery"],"picked":"Go for the Eyes","floor":54}],"player_experience":191395,"relics_obtained":[{"floor":6.0,"key":"Bird Faced Urn"},{"floor":8.0,"key":"Orichalcum"},{"floor":14.0,"key":"Pear"},{"floor":24.0,"key":"Dodecahedron"},{"floor":24.0,"key":"Happy Flower"},{"floor":26.0,"key":"Ornamental Fan"},{"floor":28.0,"key":"Red Mask"},{"floor":31.0,"key":"Vajra"},{"floor":31.0,"key":"Bronze Scales"},{"floor":40.0,"key":"Frozen Egg 2"},{"floor":40.0,"key":"Cables"},{"floor":42,"key":"DataDisk"},{"floor":43,"key":"Question Card"},{"floor":44,"key":"Symbiotic Virus"},{"floor":44,"key":"Strawberry"},{"floor":54,"key":"Mango"},{"floor":54,"key":"Bag of Marbles"}],"event_choices":[{"damage_healed":18.0,"max_hp_gain":0.0,"max_hp_loss":0.0,"gold_gain":0.0,"event_name":"The Cleric","player_choice":"Healed","floor":3.0,"gold_loss":35.0,"damage_taken":0.0},{"damage_healed":0.0,"max_hp_gain":5.0,"max_hp_loss":0.0,"gold_gain":0.0,"event_name":"Big Fish","player_choice":"Donut","floor":5.0,"gold_loss":0.0,"damage_taken":0.0},{"damage_healed":0.0,"max_hp_gain":0.0,"max_hp_loss":0.0,"gold_gain":0.0,"event_name":"N\u0027loth","player_choice":"Ignored","floor":19.0,"gold_loss":0.0,"damage_taken":0.0},{"damage_healed":0.0,"max_hp_gain":0.0,"max_hp_loss":0.0,"gold_gain":0.0,"event_name":"Masked Bandits","player_choice":"Fought Bandits","floor":28.0,"gold_loss":0.0,"damage_taken":0.0},{"damage_healed":0.0,"max_hp_gain":0.0,"max_hp_loss":0.0,"gold_gain":0.0,"event_name":"The Library","player_choice":"Read","floor":30.0,"gold_loss":0.0,"damage_taken":0.0,"cards_obtained":["BootSequence"]},{"damage_healed":0.0,"max_hp_gain":0.0,"max_hp_loss":0.0,"gold_gain":222.0,"event_name":"Tomb of Lord Red Mask","player_choice":"Wore Mask","floor":36.0,"gold_loss":0.0,"damage_taken":0.0},{"cards_removed":["Sweeping Beam"],"damage_healed":0,"gold_gain":0,"player_choice":"Removed Attack","damage_taken":0,"max_hp_gain":0,"max_hp_loss":0,"event_name":"Falling","floor":47,"gold_loss":0}],"is_beta":false,"boss_relics":[{"not_picked":["Inserter","Empty Cage"],"picked":"Black Star"},{"not_picked":["Velvet Choker","Tiny House"],"picked":"Runic Pyramid"}],"items_purged_floors":[48],"is_endless":false,"potions_floor_spawned":[4,8,16,20,24,28,29,35,41,44,46,54],"ascension_level":10}