{"gold_per_floor":[109,34,34,51,66,92,92,120,120,138,138,171,171,188,188,292,292,311,322,348,248,248,248,280,291,317,351,351,386,461,480,480,583,583,595,605,330,348,397,397,423,449,484,512,557,587,999,1038,1050,1062,1074,1086,324,353,353],"floor_reached":56,"playtime":4402,"items_purged":["Strike_B","Strike_B","Strike_B+1","Strike_B+1"],"score":1906,"play_id":"707b0637-7532-457c-9257-3047d9fe3d31","local_time":"20190802031809","is_ascension_mode":true,"campfire_choices":[{"data":"Zap","floor":7.0,"key":"SMITH"},{"data":"Dualcast","floor":11.0,"key":"SMITH"},{"data":"Capacitor","floor":13.0,"key":"SMITH"},{"data":"Defragment","floor":15.0,"key":"SMITH"},{"data":"Defend_B","floor":23.0,"key":"SMITH"},{"floor":28.0,"key":"REST"},{"floor":32.0,"key":"REST"},{"data":"Echo Form","floor":40,"key":"SMITH"},{"floor":49,"key":"RECALL"},{"data":"Defragment","floor":52,"key":"SMITH"}],"neow_cost":"PERCENT_DAMAGE","seed_source_timestamp":254862843144369,"circlet_count":0,"master_deck":["Defend_B+1","Zap+1","Dualcast+1","BootSequence+1","Glacier+1","Hologram+1","Conserve Battery+1","Capacitor+1","Darkness+1","Defragment+1","Seek+1","Barrage+1","Loop+1","Chill+1","Echo Form+1","Loop+1","Defragment+1","Recycle+1","Defragment+1"],"special_seed":0,"relics":["Cracked Core","Toxic Egg 2","Blood Vial","Whetstone","Singing Bowl","Question Card","Velvet Choker","Red Mask","Mummified Hand","Dream Catcher","Ancient Tea Set","Peace Pipe","Runic Pyramid","Dead Branch","MawBank","Happy Flower","Old Coin","War Paint","Bag of Preparation","Strange Spoon","Centennial Puzzle","Bag of Marbles"],"potions_floor_usage":[42,45,45,55,55],"damage_taken":[{"damage":1.0,"enemies":"Cultist","floor":1.0,"turns":3.0},{"damage":0.0,"enemies":"Small Slimes","floor":4.0,"turns":4.0},{"damage":0.0,"enemies":"2 Louse","floor":5.0,"turns":3.0},{"damage":8.0,"enemies":"3 Sentries","floor":6.0,"turns":10.0},{"damage":5.0,"enemies":"Lagavulin","floor":8.0,"turns":9.0},{"damage":0.0,"enemies":"Gremlin Gang","floor":10.0,"turns":5.0},{"damage":3.0,"enemies":"3 Sentries","floor":12.0,"turns":9.0},{"damage":0.0,"enemies":"Exordium Wildlife","floor":14.0,"turns":3.0},{"damage":9.0,"enemies":"Hexaghost","floor":16.0,"turns":8.0},{"damage":0.0,"enemies":"Shell Parasite","floor":18.0,"turns":7.0},{"damage":0.0,"enemies":"Chosen","floor":19.0,"turns":4.0},{"damage":14.0,"enemies":"Masked Bandits","floor":20.0,"turns":5.0},{"damage":18.0,"enemies":"Slavers","floor":24.0,"turns":9.0},{"damage":21.0,"enemies":"Centurion and Healer","floor":25.0,"turns":5.0},{"damage":3.0,"enemies":"Gremlin Leader","floor":27.0,"turns":8.0},{"damage":28.0,"enemies":"Slavers","floor":29.0,"turns":5.0},{"damage":3.0,"enemies":"Snake Plant","floor":31.0,"turns":4.0},{"damage":1.0,"enemies":"Champ","floor":33.0,"turns":9.0},{"damage":0.0,"enemies":"Orb Walker","floor":35.0,"turns":3.0},{"damage":0.0,"enemies":"3 Darklings","floor":36.0,"turns":5.0},{"damage":0.0,"enemies":"Maw","floor":38.0,"turns":6.0},{"damage":5,"enemies":"2 Orb Walkers","floor":39,"turns":6},{"damage":0,"enemies":"Giant Head","floor":41,"turns":9},{"damage":0,"enemies":"Jaw Worm Horde","floor":42,"turns":4},{"damage":3,"enemies":"4 Shapes","floor":44,"turns":8},{"damage":18,"enemies":"Reptomancer","floor":45,"turns":7},{"damage":0,"enemies":"Maw","floor":46,"turns":7},{"damage":3,"enemies":"Mind Bloom Boss Battle","floor":47,"turns":5},{"damage":0,"enemies":"Giant Head","floor":48,"turns":8},{"damage":12,"enemies":"Donu and Deca","floor":50,"turns":7},{"damage":0,"enemies":"Shield and Spear","floor":54,"turns":8},{"damage":74,"enemies":"The Heart","floor":55,"turns":11}],"seed_played":"-9099979503040154415","potions_obtained":[{"floor":4.0,"key":"GamblersBrew"},{"floor":5.0,"key":"Energy Potion"},{"floor":8.0,"key":"SkillPotion"},{"floor":10.0,"key":"Swift Potion"},{"floor":18.0,"key":"SpeedPotion"},{"floor":19.0,"key":"SpeedPotion"},{"floor":29.0,"key":"SpeedPotion"},{"floor":41,"key":"EntropicBrew"},{"floor":42,"key":"EssenceOfSteel"},{"floor":46,"key":"Poison Potion"},{"floor":47,"key":"SpeedPotion"}],"is_trial":false,"path_per_floor":["M","$","T","M","M","E","R","E","T","M","R","E","R","M","R","B",null,"M","M","?","$","?","R","E","M","T","E","R","E","?","M","R","B",null,"M","M","$","M","?","R","E","M","T","M","E","M","?","E","R","B",null,"R","$","E","B",null],"character_chosen":"DEFECT","items_purchased":["Defragment","Recycle+1","Bag of Preparation","Fire Potion","GamblersBrew","Strange Spoon","Centennial Puzzle"],"campfire_rested":2,"item_purchase_floors":[37,37,53,53,53,53,53],"current_hp_per_floor":[49,49,49,49,49,41,41,38,38,42,42,41,41,43,43,36,67,69,73,63,63,63,63,47,30,30,31,58,34,26,27,54,55,82,86,88,88,92,91,91,95,99,99,100,86,90,89,93,93,83,103,103,103,107,35],"gold":353,"neow_bonus":"REMOVE_TWO","is_prod":false,"is_daily":false,"chose_seed":false,"campfire_upgraded":7,"win_rate":0,"timestamp":1564683489,"path_taken":["M","$","?","M","?","E","R","E","T","M","R","E","R","M","R","BOSS","M","M","?","$","?","R","E","M","T","E","R","E","?","?","R","BOSS","M","M","$","M","?","R","E","M","T","M","E","M","?","E","R","BOSS","R","$","E","BOSS"],"build_version":"2019-07-17","purchased_purges":4,"victory":true,"max_hp_per_floor":[75,75,75,75,75,75,75,75,75,77,77,77,77,77,77,77,77,77,79,81,81,81,81,81,83,83,85,87,89,89,91,91,91,91,93,93,93,95,97,97,99,101,101,103,105,107,107,109,109,109,109,109,109,111,111],"card_choices":[{"not_picked":["Conserve Battery","Steam"],"picked":"BootSequence","floor":1.0},{"not_picked":["Compile Driver","Tempest+1"],"picked":"Glacier+1","floor":4.0},{"not_picked":["Reprogram+1","Conserve Battery+1"],"picked":"Hologram+1","floor":5.0},{"not_picked":["Lockon","Leap+1"],"picked":"Conserve Battery+1","floor":6.0},{"not_picked":["Conserve Battery+1","Turbo+1"],"picked":"Capacitor","floor":8.0},{"not_picked":["Stack+1","Storm","Redo+1"],"picked":"Singing Bowl","floor":10.0},{"not_picked":["Stack+1","Leap+1"],"picked":"Darkness+1","floor":12.0},{"not_picked":["Aggregate+1","Beam Cell","Buffer"],"picked":"Defragment","floor":14.0},{"not_picked":["Biased Cognition","Fission+1","Multi-Cast+1"],"picked":"Seek+1","floor":16.0},{"not_picked":["Leap+1","Coolheaded+1","Stack+1"],"picked":"Barrage+1","floor":18.0},{"not_picked":["Melter","Coolheaded+1","Gash","White Noise+1"],"picked":"Singing Bowl","floor":19.0},{"not_picked":["Go for the Eyes","Static Discharge","Ball Lightning","Fusion+1"],"picked":"Singing Bowl","floor":20.0},{"not_picked":["Storm+1","Chaos+1","Creative AI"],"picked":"Loop+1","floor":24.0},{"not_picked":["BootSequence+1","Static Discharge+1","Double Energy+1","Beam Cell+1"],"picked":"Singing Bowl","floor":25.0},{"not_picked":["White Noise+1","Core Surge","Ball Lightning","Auto Shields+1"],"picked":"Singing Bowl","floor":27.0},{"not_picked":["Ball Lightning","Static Discharge","Fusion+1","Stack+1"],"picked":"Singing Bowl","floor":28.0},{"not_picked":["White Noise+1","Gash+1","Conserve Battery+1","Biased Cognition"],"picked":"Singing Bowl","floor":29.0},{"not_picked":["Ball Lightning+1","Stack+1","Coolheaded+1","Conserve Battery+1"],"picked":"Singing Bowl","floor":31.0},{"not_picked":["Go for the Eyes","Storm","Compile Driver"],"picked":"Chill+1","floor":32.0},{"not_picked":["Machine Learning","Meteor Strike","Hyperbeam"],"picked":"Echo Form","floor":33.0},{"not_picked":["FTL","Turbo+1","Stack+1","Barrage+1"],"picked":"Singing Bowl","floor":35.0},{"not_picked":["Ball Lightning","Hologram+1","Chill+1"],"picked":"Loop+1","floor":36.0},{"not_picked":["Steam+1","Go for the Eyes+1","Conserve Battery+1","Chill+1"],"picked":"Singing Bowl","floor":38},{"not_picked":["Gash+1","Lockon+1","Cold Snap","All For One"],"picked":"Singing Bowl","floor":39},{"not_picked":["Self Repair","Chill+1","Beam Cell+1","Rip and Tear"],"picked":"Singing Bowl","floor":41},{"not_picked":["Steam+1","Streamline+1","Rebound+1","Ball Lightning"],"picked":"Singing Bowl","floor":42},{"not_picked":["Streamline","Rebound+1","Gash+1","Leap+1"],"picked":"Singing Bowl","floor":44},{"not_picked":["Sweeping Beam+1","Redo+1","Double Energy+1","Turbo+1"],"picked":"Singing Bowl","floor":45},{"not_picked":["Tempest+1","Recycle+1","Sunder","Gash+1"],"picked":"Singing Bowl","floor":46},{"not_picked":["Biased Cognition","Rebound","Hologram+1"],"picked":"Defragment+1","floor":47},{"not_picked":["Stack+1","Skim+1","Consume+1","Recycle+1"],"picked":"Singing Bowl","floor":48},{"not_picked":["BootSequence+1","Steam+1","Genetic Algorithm+1","Self Repair+1"],"picked":"Singing Bowl","floor":54}],"player_experience":185957,"relics_obtained":[{"floor":3.0,"key":"Toxic Egg 2"},{"floor":6.0,"key":"Blood Vial"},{"floor":8.0,"key":"Whetstone"},{"floor":9.0,"key":"Singing Bowl"},{"floor":12.0,"key":"Question Card"},{"floor":20.0,"key":"Red Mask"},{"floor":24.0,"key":"Mummified Hand"},{"floor":26.0,"key":"Dream Catcher"},{"floor":27.0,"key":"Ancient Tea Set"},{"floor":29.0,"key":"Peace Pipe"},{"floor":39,"key":"Dead Branch"},{"floor":41,"key":"MawBank"},{"floor":45,"key":"Happy Flower"},{"floor":47,"key":"Old Coin"},{"floor":48,"key":"War Paint"},{"floor":54,"key":"Bag of Marbles"}],"event_choices":[{"damage_healed":0.0,"max_hp_gain":0.0,"max_hp_loss":0.0,"gold_gain":0.0,"event_name":"Masked Bandits","player_choice":"Fought Bandits","floor":20.0,"gold_loss":0.0,"damage_taken":0.0},{"cards_removed":["Defend_B"],"damage_healed":0.0,"max_hp_gain":0.0,"max_hp_loss":0.0,"gold_gain":0.0,"event_name":"Back to Basics","player_choice":"Elegance","floor":22.0,"gold_loss":0.0,"damage_taken":0.0},{"damage_healed":0.0,"max_hp_gain":0.0,"max_hp_loss":0.0,"gold_gain":75.0,"event_name":"FaceTrader","player_choice":"Touch","floor":30.0,"gold_loss":0.0,"damage_taken":8.0},{"damage_healed":0,"gold_gain":0,"player_choice":"Fight","damage_taken":0,"max_hp_gain":0,"max_hp_loss":0,"event_name":"Mysterious Sphere","floor":39,"gold_loss":0},{"damage_healed":0,"gold_gain":0,"player_choice":"Fight","damage_taken":0,"max_hp_gain":0,"max_hp_loss":0,"event_name":"MindBloom","floor":47,"gold_loss":0}],"is_beta":false,"boss_relics":[{"not_picked":["Fusion Hammer","Empty Cage"],"picked":"Velvet Choker"},{"not_picked":["Calling Bell","Tiny House"],"picked":"Runic Pyramid"}],"items_purged_floors":[2,21,37,53],"is_endless":false,"potions_floor_spawned":[4,5,8,10,18,19,29,33,38,41,42,44,46,47],"ascension_level":9}