{"gold_per_floor":[119,134,145,48,60,88,88,117,140,168,168,168,54,73,73,148,148,158,158,158,158,177,177,202,232,285,62,62,77,101,101,101,180,180,194,15,61,61,75,75,75,75],"floor_reached":42,"playtime":4226,"items_purged":["Strike_B","Normality"],"score":860,"play_id":"76d1dfeb-172d-4ff3-a615-d7494624b16e","local_time":"20190811003610","is_ascension_mode":true,"campfire_choices":[{"data":"Defragment","floor":7.0,"key":"SMITH"},{"data":"Defragment","floor":11.0,"key":"SMITH"},{"data":"Zap","floor":15.0,"key":"SMITH"},{"data":"Zap","floor":23.0,"key":"SMITH"},{"floor":28.0,"key":"REST"},{"floor":32.0,"key":"REST"},{"floor":40,"key":"REST"}],"neow_cost":"TEN_PERCENT_HP_LOSS","seed_source_timestamp":0,"circlet_count":0,"master_deck":["AscendersBane","Zap+1","Dualcast","Blizzard+1","Auto Shields","Glacier","Rebound","Chill","Sunder+1","Undo","Defragment+1","Coolheaded","Defragment+1","Zap+1","Creative AI","Consume","Self Repair","Electrodynamics","Chaos+1","FTL+1","BootSequence","Rebound","Heatsinks","Blizzard","Glacier","Chill","Cold Snap","All For One","Writhe","Clumsy","Conserve Battery+1"],"special_seed":0,"relics":["Cracked Core","Pantograph","Lantern","Whetstone","Juzu Bracelet","Astrolabe","WingedGreaves","Red Mask","Art of War","Frozen Eye","Happy Flower","Calling Bell","DataDisk","Mercury Hourglass","Torii","Mango"],"potions_floor_usage":[37,37],"damage_taken":[{"damage":2.0,"enemies":"Small Slimes","floor":1.0,"turns":5.0},{"damage":0.0,"enemies":"Cultist","floor":2.0,"turns":4.0},{"damage":5.0,"enemies":"2 Louse","floor":3.0,"turns":3.0},{"damage":0.0,"enemies":"Exordium Thugs","floor":5.0,"turns":6.0},{"damage":7.0,"enemies":"3 Sentries","floor":6.0,"turns":13.0},{"damage":2.0,"enemies":"Lagavulin","floor":8.0,"turns":9.0},{"damage":16.0,"enemies":"Gremlin Nob","floor":10.0,"turns":4.0},{"damage":12.0,"enemies":"Exordium Wildlife","floor":14.0,"turns":3.0},{"damage":40.0,"enemies":"Hexaghost","floor":16.0,"turns":11.0},{"damage":8.0,"enemies":"2 Thieves","floor":18.0,"turns":3.0},{"damage":0.0,"enemies":"Spheric Guardian","floor":22.0,"turns":6.0},{"damage":36.0,"enemies":"Book of Stabbing","floor":24.0,"turns":5.0},{"damage":5.0,"enemies":"Masked Bandits","floor":25.0,"turns":3.0},{"damage":17.0,"enemies":"Cultist and Chosen","floor":29.0,"turns":6.0},{"damage":26.0,"enemies":"Collector","floor":33.0,"turns":12.0},{"damage":9.0,"enemies":"Orb Walker","floor":35.0,"turns":5.0},{"damage":41,"enemies":"2 Orb Walkers","floor":37,"turns":6},{"damage":21,"enemies":"3 Shapes","floor":39,"turns":3},{"damage":51,"enemies":"Nemesis","floor":42,"turns":3}],"seed_played":"-2531873416265268711","potions_obtained":[{"floor":1.0,"key":"Explosive Potion"},{"floor":2.0,"key":"SteroidPotion"},{"floor":14.0,"key":"FearPotion"},{"floor":18.0,"key":"SteroidPotion"},{"floor":25.0,"key":"Energy Potion"},{"floor":31.0,"key":"EssenceOfSteel"}],"is_trial":false,"path_per_floor":["M","M","M","$","M","E","R","E","T","E","R","?","$","M","R","B",null,"M","?","?","?","M","R","E","?","T","$","R","M","T","?","R","B",null,"M","$","?","?","M","R","?","E"],"character_chosen":"DEFECT","items_purchased":["Sunder","Fire Potion","Self Repair","Frozen Eye","FocusPotion"],"campfire_rested":3,"item_purchase_floors":[4,4,13,27,36],"current_hp_per_floor":[62,62,57,57,57,50,50,48,48,32,32,32,32,20,20,5,49,41,41,41,41,48,48,12,7,7,7,26,9,9,9,28,27,55,53,53,26,26,12,34,34,0],"gold":75,"neow_bonus":"TRANSFORM_TWO_CARDS","is_prod":false,"is_daily":false,"chose_seed":false,"campfire_upgraded":4,"win_rate":0,"timestamp":1565508970,"path_taken":["M","M","M","$","M","E","R","E","T","E","R","?","?","M","R","BOSS","M","?","?","?","M","R","E","?","T","$","R","M","?","?","R","BOSS","M","$","?","?","M","R","?","E"],"build_version":"2019-07-17","purchased_purges":2,"victory":false,"max_hp_per_floor":[64,64,64,64,64,64,64,64,64,64,64,64,64,64,64,64,64,64,64,64,64,64,64,64,64,64,64,64,64,64,64,64,64,64,64,64,78,74,74,74,74,74],"card_choices":[{"not_picked":["Go for the Eyes","Streamline"],"picked":"Glacier","floor":1.0},{"not_picked":["Steam Power","Redo"],"picked":"Rebound","floor":2.0},{"not_picked":["Static Discharge","Reprogram"],"picked":"Chill","floor":3.0},{"not_picked":["Hologram","Chill"],"picked":"Undo","floor":5.0},{"not_picked":["Go for the Eyes","Steam"],"picked":"Defragment","floor":6.0},{"not_picked":["Hologram","Streamline"],"picked":"Coolheaded","floor":8.0},{"not_picked":["Stack","Darkness"],"picked":"Defragment","floor":10.0},{"not_picked":["Streamline","Beam Cell","Scrape"],"picked":"SKIP","floor":14.0},{"not_picked":["Amplify","Echo Form"],"picked":"Electrodynamics","floor":16.0},{"not_picked":["Barrage+1","Aggregate"],"picked":"BootSequence","floor":18.0},{"not_picked":["Fusion","Go for the Eyes"],"picked":"Blizzard","floor":22.0},{"not_picked":["Doom and Gloom","Darkness"],"picked":"Glacier","floor":24.0},{"not_picked":["Hologram","Go for the Eyes"],"picked":"Chill","floor":25.0},{"not_picked":["Heatsinks","Genetic Algorithm"],"picked":"Cold Snap","floor":29.0},{"not_picked":["Thunder Strike","Meteor Strike"],"picked":"All For One","floor":33.0},{"not_picked":["Steam+1","Go for the Eyes","Barrage"],"picked":"SKIP","floor":35.0},{"not_picked":["Darkness","Rebound"],"picked":"Conserve Battery+1","floor":37},{"not_picked":["Melter","Storm","Ball Lightning"],"picked":"SKIP","floor":39}],"player_experience":1371702,"relics_obtained":[{"floor":6.0,"key":"Pantograph"},{"floor":8.0,"key":"Lantern"},{"floor":9.0,"key":"Whetstone"},{"floor":10.0,"key":"Juzu Bracelet"},{"floor":24.0,"key":"WingedGreaves"},{"floor":25.0,"key":"Red Mask"},{"floor":26.0,"key":"Art of War"},{"floor":30.0,"key":"Happy Flower"},{"floor":34.0,"key":"DataDisk"},{"floor":34.0,"key":"Mercury Hourglass"},{"floor":34.0,"key":"Torii"},{"floor":37,"key":"Mango"}],"event_choices":[{"damage_healed":0.0,"max_hp_gain":0.0,"max_hp_loss":0.0,"gold_gain":0.0,"event_name":"Match and Keep!","player_choice":"3 cards matched","floor":12.0,"gold_loss":0.0,"damage_taken":0.0,"cards_obtained":["Zap","Creative AI","Consume"]},{"damage_healed":0.0,"max_hp_gain":0.0,"max_hp_loss":0.0,"gold_gain":0.0,"event_name":"Match and Keep!","player_choice":"3 cards matched","floor":12.0,"gold_loss":0.0,"damage_taken":0.0,"cards_obtained":["Zap","Creative AI","Consume"]},{"damage_healed":0.0,"max_hp_gain":0.0,"max_hp_loss":0.0,"gold_gain":0.0,"event_name":"Ghosts","player_choice":"Ignored","floor":19.0,"gold_loss":0.0,"damage_taken":0.0},{"damage_healed":0.0,"max_hp_gain":0.0,"max_hp_loss":0.0,"gold_gain":0.0,"cards_transformed":["Defend_B","Defend_B"],"event_name":"Drug Dealer","player_choice":"Became Test Subject","floor":20.0,"gold_loss":0.0,"damage_taken":0.0,"cards_obtained":["Rebound","Heatsinks"]},{"cards_removed":["Sweeping Beam"],"damage_healed":0.0,"max_hp_gain":0.0,"max_hp_loss":0.0,"gold_gain":0.0,"event_name":"Purifier","player_choice":"Purged","floor":21.0,"gold_loss":0.0,"damage_taken":0.0},{"damage_healed":0.0,"max_hp_gain":0.0,"max_hp_loss":0.0,"gold_gain":0.0,"event_name":"Masked Bandits","player_choice":"Fought Bandits","floor":25.0,"gold_loss":0.0,"damage_taken":0.0},{"damage_healed":0.0,"max_hp_gain":0.0,"max_hp_loss":0.0,"gold_gain":0.0,"event_name":"Lab","player_choice":"Got Potions","floor":31.0,"gold_loss":0.0,"damage_taken":0.0},{"damage_healed":0,"gold_gain":0,"player_choice":"Fight","damage_taken":0,"max_hp_gain":0,"max_hp_loss":0,"event_name":"Mysterious Sphere","floor":37,"gold_loss":0},{"damage_healed":0,"gold_gain":0,"player_choice":"Max HP","damage_taken":0,"max_hp_gain":0,"max_hp_loss":4,"event_name":"Winding Halls","floor":38,"gold_loss":0},{"damage_healed":0,"gold_gain":0,"player_choice":"Ignored","damage_taken":0,"max_hp_gain":0,"max_hp_loss":0,"event_name":"The Moai Head","floor":41,"gold_loss":0}],"is_beta":false,"boss_relics":[{"not_picked":["Tiny House","Eternal Feather"],"picked":"Astrolabe"},{"not_picked":["Pandora\u0027s Box","Empty Cage"],"picked":"Calling Bell"}],"items_purged_floors":[13,36],"is_endless":false,"potions_floor_spawned":[1,2,6,8,14,18,25,33,35],"killed_by":"Nemesis","ascension_level":20}