{"gold_per_floor":[13,13,13,30,54,54,64,145,145,145,145,159,159,60,60,60],"floor_reached":16,"playtime":448,"items_purged":["Strike_B"],"score":136,"play_id":"40fea37e-c24c-4e9a-aeac-50fb37cda7eb","local_time":"20190802070433","is_ascension_mode":true,"campfire_choices":[{"data":"Zap","floor":6,"key":"SMITH"},{"data":"Defragment","floor":11,"key":"SMITH"},{"floor":13,"key":"REST"},{"data":"Dualcast","floor":15,"key":"SMITH"}],"neow_cost":"NO_GOLD","seed_source_timestamp":272429495296449,"circlet_count":0,"master_deck":["AscendersBane","Strike_B","Defend_B","Defend_B","Zap+1","Dualcast+1","Capacitor","Defragment+1","Coolheaded"],"relics":["Cracked Core","Bag of Marbles","Singing Bowl","Turnip","Golden Idol"],"potions_floor_usage":[12],"damage_taken":[{"damage":8,"enemies":"Small Slimes","floor":1,"turns":3},{"damage":6,"enemies":"2 Louse","floor":4,"turns":3},{"damage":7,"enemies":"Jaw Worm","floor":7,"turns":2},{"damage":15,"enemies":"Gremlin Gang","floor":12,"turns":4},{"damage":38,"enemies":"Hexaghost","floor":16,"turns":11}],"seed_played":"-2537171505412761096","potions_obtained":[{"floor":1,"key":"Swift Potion"},{"floor":7,"key":"Ancient Potion"}],"is_trial":false,"path_per_floor":["M","?","?","M","T","R","M","T","T","?","R","M","R","$","R","B"],"character_chosen":"DEFECT","items_purchased":["Coolheaded"],"campfire_rested":1,"item_purchase_floors":[14],"current_hp_per_floor":[60,60,53,47,47,47,40,40,40,22,22,9,32,32,32,0],"gold":60,"neow_bonus":"REMOVE_TWO","is_prod":false,"is_daily":false,"chose_seed":false,"campfire_upgraded":3,"win_rate":0,"timestamp":1564697073,"path_taken":["M","?","?","M","?","R","?","?","T","?","R","M","R","$","R","BOSS"],"build_version":"2019-07-17","purchased_purges":1,"victory":false,"max_hp_per_floor":[75,75,75,75,75,75,75,75,75,75,75,77,77,77,77,77],"card_choices":[{"not_picked":["Tempest","Go for the Eyes"],"picked":"Capacitor","floor":1},{"not_picked":["Redo","Auto Shields","FTL"],"picked":"SKIP","floor":4},{"not_picked":["Hello World","Hologram"],"picked":"Defragment","floor":7},{"not_picked":["Coolheaded","Turbo","Conserve Battery"],"picked":"Singing Bowl","floor":12}],"player_experience":198279,"relics_obtained":[{"floor":5,"key":"Bag of Marbles"},{"floor":8,"key":"Singing Bowl"},{"floor":9,"key":"Turnip"}],"event_choices":[{"cards_removed":["Strike_B"],"damage_healed":0,"gold_gain":0,"player_choice":"Forget","damage_taken":0,"max_hp_gain":0,"max_hp_loss":0,"event_name":"Living Wall","floor":2,"gold_loss":0},{"cards_removed":["Strike_B"],"damage_healed":0,"gold_gain":0,"player_choice":"Card Removal","damage_taken":7,"max_hp_gain":0,"max_hp_loss":0,"event_name":"Golden Wing","floor":3,"gold_loss":0},{"damage_healed":0,"gold_gain":0,"player_choice":"Take Damage","damage_taken":18,"relics_obtained":["Golden Idol"],"max_hp_gain":0,"max_hp_loss":0,"event_name":"Golden Idol","floor":10,"gold_loss":0}],"is_beta":false,"boss_relics":[],"items_purged_floors":[14],"is_endless":false,"potions_floor_spawned":[1,7],"killed_by":"Hexaghost","ascension_level":11}