{"gold_per_floor":[119,132,155,147,173,185,197,234,246,285,314,359,387,428,440,523,535,558,495,507,539,601,613,635,647,683,158,171,181,212,226,226,300,300,315,537,553,653,142,142,156,156],"floor_reached":42,"playtime":1640,"items_purged":["Strike_B","Strike_B+1"],"score":981,"play_id":"c105ddde-035b-465f-bd58-7b18a7ba17d8","local_time":"20190625180615","is_ascension_mode":true,"campfire_choices":[{"data":"Hologram","floor":6,"key":"SMITH"},{"floor":15,"key":"REST"},{"floor":23,"key":"REST"},{"floor":25,"key":"REST"},{"floor":32,"key":"REST"},{"floor":40,"key":"REST"}],"neow_cost":"NONE","seed_source_timestamp":281672865252,"circlet_count":0,"master_deck":["AscendersBane","Strike_B+1","Defend_B","Defend_B","Defend_B","Defend_B","Zap+1","Dualcast","Sweeping Beam","Ball Lightning+1","Hologram+1","Glacier","Glacier+1","Genetic Algorithm+1","BootSequence+1","Chaos+1","Core Surge","Consume+1","Hologram+1","Self Repair","Barrage","Genetic Algorithm+1","Electrodynamics","Seek+1","Glacier+1","Loop","Loop","Double Energy+1","Compile Driver"],"relics":["Cracked Core","MawBank","Thread and Needle","Toxic Egg 2","Whetstone","Oddly Smooth Stone","Bottled Lightning","Inserter","Bronze Scales","Regal Pillow","ClockworkSouvenir","Red Mask","Orrery","Girya","DataDisk","Vajra"],"potions_floor_usage":[8,8,12,13,24,42],"damage_taken":[{"damage":0,"enemies":"Cultist","floor":1,"turns":3},{"damage":12,"enemies":"2 Louse","floor":2,"turns":3},{"damage":7,"enemies":"Jaw Worm","floor":5,"turns":2},{"damage":26,"enemies":"Gremlin Nob","floor":8,"turns":4},{"damage":11,"enemies":"Lagavulin","floor":10,"turns":7},{"damage":0,"enemies":"3 Louse","floor":11,"turns":3},{"damage":0,"enemies":"3 Sentries","floor":12,"turns":7},{"damage":0,"enemies":"2 Fungi Beasts","floor":13,"turns":5},{"damage":0,"enemies":"Lagavulin","floor":14,"turns":7},{"damage":19,"enemies":"Slime Boss","floor":16,"turns":7},{"damage":0,"enemies":"Spheric Guardian","floor":18,"turns":6},{"damage":7,"enemies":"Shell Parasite","floor":21,"turns":4},{"damage":31,"enemies":"Cultist and Chosen","floor":24,"turns":9},{"damage":0,"enemies":"Shelled Parasite and Fungi","floor":28,"turns":6},{"damage":0,"enemies":"Snake Plant","floor":29,"turns":4},{"damage":38,"enemies":"Masked Bandits","floor":30,"turns":5},{"damage":0,"enemies":"Chosen and Byrds","floor":31,"turns":7},{"damage":42,"enemies":"Automaton","floor":33,"turns":15},{"damage":34,"enemies":"3 Darklings","floor":35,"turns":5},{"damage":0,"enemies":"3 Shapes","floor":37,"turns":7},{"damage":26,"enemies":"Mind Bloom Boss Battle","floor":38,"turns":6},{"damage":18,"enemies":"Sphere and 2 Shapes","floor":41,"turns":6},{"damage":41,"enemies":"Transient","floor":42,"turns":6}],"seed_played":"-5781297464910971047","potions_obtained":[{"floor":1,"key":"FearPotion"},{"floor":2,"key":"LiquidBronze"},{"floor":4,"key":"Weak Potion"},{"floor":8,"key":"LiquidBronze"},{"floor":11,"key":"Dexterity Potion"},{"floor":12,"key":"Regen Potion"},{"floor":16,"key":"GamblersBrew"},{"floor":24,"key":"LiquidBronze"}],"is_trial":false,"path_per_floor":["M","M","T","?","M","R","?","E","T","E","M","E","M","E","R","B",null,"M","?","?","M","?","R","M","R","T","$","M","M","?","M","R","B",null,"M","?","M","?","$","R","M","M"],"character_chosen":"DEFECT","items_purchased":["Regal Pillow","ClockworkSouvenir","Self Repair","DataDisk","Vajra","FocusPotion"],"campfire_rested":5,"item_purchase_floors":[27,27,27,39,39,39],"current_hp_per_floor":[64,52,52,52,45,45,45,19,19,8,8,8,22,22,43,24,59,59,59,39,32,25,47,16,38,38,38,45,45,14,21,58,23,63,29,29,36,17,17,54,36,0],"gold":156,"neow_bonus":"UPGRADE_CARD","is_prod":false,"is_daily":false,"chose_seed":false,"campfire_upgraded":1,"win_rate":0,"timestamp":1561478775,"path_taken":["M","M","?","?","?","R","?","E","T","E","?","E","M","E","R","BOSS","M","?","?","M","?","R","M","R","T","$","?","?","?","M","R","BOSS","M","?","M","?","$","R","M","M"],"build_version":"2019-06-24","purchased_purges":2,"victory":false,"max_hp_per_floor":[71,71,71,71,71,71,71,71,71,71,71,71,71,71,71,71,71,71,71,76,76,76,76,76,76,76,76,76,76,76,76,76,76,76,76,76,76,76,76,76,76,76],"card_choices":[{"not_picked":["Compile Driver","Melter"],"picked":"Sweeping Beam","floor":1},{"not_picked":["Hologram","BootSequence"],"picked":"Ball Lightning","floor":2},{"not_picked":["Tempest","Beam Cell"],"picked":"Hologram","floor":5},{"not_picked":["Coolheaded","Go for the Eyes"],"picked":"Glacier","floor":8},{"not_picked":["Buffer","Cold Snap"],"picked":"Glacier+1","floor":10},{"not_picked":["Hologram+1","Darkness+1"],"picked":"Genetic Algorithm+1","floor":11},{"not_picked":["Double Energy+1","Conserve Battery+1"],"picked":"BootSequence+1","floor":12},{"not_picked":["Gash","Beam Cell","Force Field+1"],"picked":"SKIP","floor":13},{"not_picked":["Leap+1","Consume+1"],"picked":"Chaos+1","floor":14},{"not_picked":["Reboot+1","Seek+1"],"picked":"Core Surge","floor":16},{"not_picked":["Sweeping Beam","BootSequence+1"],"picked":"Consume+1","floor":18},{"not_picked":["FTL","Streamline","Double Energy+1"],"picked":"SKIP","floor":21},{"not_picked":["Doom and Gloom+1","Chaos+1"],"picked":"Hologram+1","floor":24},{"not_picked":["Steam+1","Rebound+1"],"picked":"Barrage","floor":28},{"not_picked":["Meteor Strike","Cold Snap"],"picked":"Genetic Algorithm+1","floor":29},{"not_picked":["Turbo+1","Leap+1"],"picked":"Electrodynamics","floor":30},{"not_picked":["Ball Lightning","Redo+1","Consume+1"],"picked":"SKIP","floor":31},{"not_picked":["Reboot+1","Core Surge"],"picked":"Seek+1","floor":33},{"not_picked":["Undo+1","Conserve Battery+1"],"picked":"Glacier+1","floor":34},{"not_picked":["Heatsinks","Rebound+1"],"picked":"Loop","floor":34},{"not_picked":["Sweeping Beam+1","Redo+1"],"picked":"Loop","floor":34},{"not_picked":["Steam+1","Rip and Tear"],"picked":"Double Energy+1","floor":34},{"not_picked":["Turbo+1","Rainbow+1"],"picked":"Compile Driver","floor":35},{"not_picked":["Cold Snap+1","Redo+1","Streamline+1"],"picked":"SKIP","floor":37},{"not_picked":["Stack+1","Streamline","Reboot+1"],"picked":"SKIP","floor":41}],"player_experience":1772380,"relics_obtained":[{"floor":3,"key":"MawBank"},{"floor":8,"key":"Thread and Needle"},{"floor":9,"key":"Toxic Egg 2"},{"floor":10,"key":"Whetstone"},{"floor":12,"key":"Oddly Smooth Stone"},{"floor":14,"key":"Bottled Lightning"},{"floor":26,"key":"Bronze Scales"},{"floor":30,"key":"Red Mask"},{"floor":38,"key":"Girya"}],"event_choices":[{"damage_healed":0,"gold_gain":0,"player_choice":"Bought 1 Potion","damage_taken":0,"max_hp_gain":0,"max_hp_loss":0,"event_name":"The Woman in Blue","floor":4,"gold_loss":0},{"damage_healed":0,"gold_gain":0,"player_choice":"Upgraded","damage_taken":0,"max_hp_gain":0,"max_hp_loss":0,"event_name":"Upgrade Shrine","floor":7,"gold_loss":0,"cards_upgraded":["Ball Lightning"]},{"cards_removed":["Strike_B"],"damage_healed":0,"gold_gain":0,"player_choice":"Gave Gold","damage_taken":0,"max_hp_gain":0,"max_hp_loss":0,"event_name":"Beggar","floor":19,"gold_loss":75},{"damage_healed":0,"gold_gain":0,"player_choice":"Shed Blood","damage_taken":25,"max_hp_gain":5,"max_hp_loss":0,"event_name":"Forgotten Altar","floor":20,"gold_loss":0},{"damage_healed":0,"gold_gain":50,"player_choice":"Touch","damage_taken":7,"max_hp_gain":0,"max_hp_loss":0,"event_name":"FaceTrader","floor":22,"gold_loss":0},{"damage_healed":0,"gold_gain":0,"player_choice":"Fought Bandits","damage_taken":0,"max_hp_gain":0,"max_hp_loss":0,"event_name":"Masked Bandits","floor":30,"gold_loss":0},{"damage_healed":0,"gold_gain":222,"player_choice":"Wore Mask","damage_taken":0,"max_hp_gain":0,"max_hp_loss":0,"event_name":"Tomb of Lord Red Mask","floor":36,"gold_loss":0},{"damage_healed":0,"gold_gain":0,"player_choice":"Fight","damage_taken":0,"max_hp_gain":0,"max_hp_loss":0,"event_name":"MindBloom","floor":38,"gold_loss":0}],"is_beta":true,"boss_relics":[{"not_picked":["FrozenCore","Philosopher\u0027s Stone"],"picked":"Inserter"},{"not_picked":["White Beast Statue","Calling Bell"],"picked":"Orrery"}],"items_purged_floors":[27,39],"is_endless":false,"potions_floor_spawned":[1,2,8,11,12,16,18,24,29,30,37,38],"killed_by":"Transient","ascension_level":20}