{"gold_per_floor":[118,118,137,11,23,23,51,63,128,152,190,202,214,250,262,403,415,422,434,464,476,413,446,474,522,534,546,558,570],"floor_reached":29,"playtime":1538,"items_purged":["Strike_G","Strike_G"],"score":424,"play_id":"24abf2c7-3ade-4591-8615-8e371b88a611","local_time":"20190621112452","is_ascension_mode":true,"campfire_choices":[{"data":"Cloak And Dagger","floor":6,"key":"SMITH"},{"floor":8,"key":"REST"},{"data":"Neutralize","floor":15,"key":"SMITH"},{"floor":27,"key":"REST"}],"neow_cost":"","seed_source_timestamp":740113245729900,"circlet_count":0,"master_deck":["Defend_G","Defend_G","Defend_G+1","Defend_G","Strike_G","Strike_G","Strike_G","Survivor","Neutralize+1","Footwork+1","Slice","Outmaneuver","Slice","Flying Knee","Cloak And Dagger+1","Caltrops","Leg Sweep","Slice","A Thousand Cuts","Cloak And Dagger+1","Outmaneuver","Cloak And Dagger+1","Accuracy+1","Writhe"],"relics":["Ring of the Snake","Peace Pipe","Shuriken","MawBank","PreservedInsect","Bottled Flame","Golden Idol","Runic Pyramid","Juzu Bracelet","Tough Bandages","War Paint"],"potions_floor_usage":[7,14,25,25,29,29],"damage_taken":[{"damage":1,"enemies":"Jaw Worm","floor":1,"turns":4},{"damage":1,"enemies":"Cultist","floor":3,"turns":3},{"damage":0,"enemies":"Small Slimes","floor":5,"turns":4},{"damage":21,"enemies":"3 Sentries","floor":7,"turns":10},{"damage":1,"enemies":"Exordium Wildlife","floor":10,"turns":5},{"damage":6,"enemies":"Lagavulin","floor":11,"turns":5},{"damage":5,"enemies":"Gremlin Gang","floor":14,"turns":5},{"damage":37,"enemies":"The Guardian","floor":16,"turns":14},{"damage":14,"enemies":"2 Thieves","floor":18,"turns":4},{"damage":3,"enemies":"Shell Parasite","floor":20,"turns":7},{"damage":29,"enemies":"Sentry and Sphere","floor":23,"turns":8},{"damage":7,"enemies":"Chosen and Byrds","floor":24,"turns":6},{"damage":9,"enemies":"Gremlin Leader","floor":25,"turns":5},{"damage":29,"enemies":"Slavers","floor":29,"turns":3}],"seed_played":"-7887943898039182123","potions_obtained":[{"floor":1,"key":"Fire Potion"},{"floor":11,"key":"FearPotion"},{"floor":14,"key":"Swift Potion"},{"floor":20,"key":"Block Potion"},{"floor":24,"key":"EssenceOfSteel"},{"floor":25,"key":"Block Potion"}],"is_trial":false,"path_per_floor":["M","?","M","$","M","R","E","R","T","M","E","?","?","M","R","B",null,"M","?","M","?","?","M","M","E","T","R","?","E"],"character_chosen":"THE_SILENT","items_purchased":["Footwork","Slice","Shuriken","Flying Knee"],"campfire_rested":2,"item_purchase_floors":[0,0,0,4],"current_hp_per_floor":[55,55,54,54,54,54,33,54,54,53,47,47,70,65,65,28,70,56,56,53,53,53,24,17,8,8,29,29,0],"gold":570,"neow_bonus":"","is_prod":false,"is_daily":false,"chose_seed":false,"campfire_upgraded":2,"win_rate":0,"timestamp":1561134292,"path_taken":["M","?","M","$","?","R","E","R","T","M","E","?","?","M","R","BOSS","M","?","?","?","?","M","M","E","T","R","?","E"],"build_version":"2019-01-23","purchased_purges":2,"victory":false,"max_hp_per_floor":[70,70,70,70,70,70,70,70,70,70,70,70,70,70,70,70,70,70,70,70,70,70,70,70,70,70,70,70,70],"card_choices":[{"not_picked":["Deflect","Tactician"],"picked":"Slice","floor":1},{"not_picked":["Outmaneuver","Backflip","Expertise"],"picked":"SKIP","floor":3},{"not_picked":["Predator","Dodge and Roll"],"picked":"Cloak And Dagger","floor":5},{"not_picked":["PiercingWail","Reflex"],"picked":"Caltrops","floor":7},{"not_picked":["PiercingWail","Glass Knife","Acrobatics"],"picked":"SKIP","floor":10},{"not_picked":["PiercingWail","Expertise"],"picked":"Leg Sweep","floor":11},{"not_picked":["Backflip","Skewer"],"picked":"Slice","floor":14},{"not_picked":["Unload","Grand Finale"],"picked":"A Thousand Cuts","floor":16},{"not_picked":["Concentrate","Dagger Spray+1"],"picked":"Cloak And Dagger","floor":18},{"not_picked":["Setup","Poisoned Stab+1"],"picked":"Outmaneuver","floor":20},{"not_picked":["Dagger Spray+1","Blur"],"picked":"Cloak And Dagger+1","floor":23},{"not_picked":["Poisoned Stab","Flying Knee","Calculated Gamble"],"picked":"SKIP","floor":24},{"not_picked":["Reflex","Tools of the Trade"],"picked":"Accuracy+1","floor":25}],"player_experience":362071,"relics_obtained":[{"floor":7,"key":"MawBank"},{"floor":9,"key":"PreservedInsect"},{"floor":11,"key":"Bottled Flame"},{"floor":25,"key":"Juzu Bracelet"},{"floor":26,"key":"Tough Bandages"}],"event_choices":[{"damage_healed":0,"gold_gain":0,"player_choice":"Upgraded","damage_taken":0,"max_hp_gain":0,"max_hp_loss":0,"event_name":"Upgrade Shrine","floor":2,"gold_loss":0,"cards_upgraded":["Footwork"]},{"damage_healed":0,"gold_gain":0,"player_choice":"Take Wound","damage_taken":0,"relics_obtained":["Golden Idol"],"max_hp_gain":0,"max_hp_loss":0,"event_name":"Golden Idol","floor":12,"gold_loss":0,"cards_obtained":["Injury"]},{"damage_healed":23,"gold_gain":0,"player_choice":"Banana","damage_taken":0,"max_hp_gain":0,"max_hp_loss":0,"event_name":"Big Fish","floor":13,"gold_loss":0},{"cards_removed":["Defend_G"],"damage_healed":0,"gold_gain":0,"player_choice":"Purged","damage_taken":0,"max_hp_gain":0,"max_hp_loss":0,"event_name":"Purifier","floor":19,"gold_loss":0},{"damage_healed":0,"gold_gain":0,"player_choice":"Ignored","damage_taken":0,"max_hp_gain":0,"max_hp_loss":0,"event_name":"Vampires","floor":21,"gold_loss":0},{"cards_removed":["Injury"],"damage_healed":0,"gold_gain":0,"player_choice":"Gave Gold","damage_taken":0,"max_hp_gain":0,"max_hp_loss":0,"event_name":"Beggar","floor":22,"gold_loss":75},{"damage_healed":0,"gold_gain":0,"player_choice":"Opened","damage_taken":0,"relics_obtained":["War Paint"],"max_hp_gain":0,"max_hp_loss":0,"event_name":"The Mausoleum","floor":28,"gold_loss":0,"cards_obtained":["Writhe"]}],"is_beta":false,"boss_relics":[{"not_picked":["Ectoplasm","Tiny House"],"picked":"Runic Pyramid"}],"items_purged_floors":[0,4],"is_endless":false,"potions_floor_spawned":[1,11,14,20,24,25],"killed_by":"Slavers","ascension_level":4}