{"gold_per_floor":[114,114,114,126,32,66,66,84,84,84,113,129,33,59,59,133,133,147,147,23,23,43,43],"floor_reached":23,"playtime":1201,"items_purged":["Strike_G"],"score":564,"play_id":"fba83b30-fe10-4bae-a058-1ed7cb1178db","local_time":"20190729005312","is_ascension_mode":true,"campfire_choices":[{"data":"Cloak And Dagger","floor":7.0,"key":"SMITH"},{"data":"Noxious Fumes","floor":10.0,"key":"SMITH"},{"data":"Deadly Poison","floor":15.0,"key":"SMITH"}],"neow_cost":"NONE","seed_source_timestamp":783450361583053,"circlet_count":0,"master_deck":["AscendersBane","Strike_G","Strike_G","Defend_G","Defend_G","Defend_G+1","Defend_G","Defend_G","Survivor","Neutralize","Cloak And Dagger+1","Poisoned Stab","Noxious Fumes+1","Deadly Poison+1","Well Laid Plans","Flechettes","Deadly Poison+1","Backflip","Well Laid Plans","Dodge and Roll","Burst","PiercingWail","Reflex","Concentrate","Die Die Die","Footwork"],"special_seed":0,"relics":["Ring of the Snake","NeowsBlessing","The Specimen","War Paint","Ninja Scroll","Mummified Hand","The Courier","Black Star","Art of War"],"potions_floor_usage":[23],"damage_taken":[{"damage":0.0,"enemies":"2 Louse","floor":1.0,"turns":1.0},{"damage":0.0,"enemies":"Cultist","floor":4.0,"turns":1.0},{"damage":0.0,"enemies":"Lagavulin","floor":6.0,"turns":1.0},{"damage":5.0,"enemies":"Small Slimes","floor":8.0,"turns":3.0},{"damage":11.0,"enemies":"Gremlin Nob","floor":11.0,"turns":3.0},{"damage":1.0,"enemies":"Red Slaver","floor":12.0,"turns":3.0},{"damage":14.0,"enemies":"Lagavulin","floor":14.0,"turns":4.0},{"damage":0.0,"enemies":"Hexaghost","floor":16.0,"turns":7.0},{"damage":20.0,"enemies":"Spheric Guardian","floor":18.0,"turns":4.0},{"damage":22,"enemies":"2 Thieves","floor":22,"turns":5},{"damage":20,"enemies":"Slavers","floor":23,"turns":1}],"seed_played":"1260282052351673553","potions_obtained":[{"floor":3.0,"key":"FearPotion"},{"floor":3.0,"key":"Poison Potion"},{"floor":11.0,"key":"Swift Potion"},{"floor":14.0,"key":"Strength Potion"},{"floor":22,"key":"Fire Potion"}],"is_trial":false,"path_per_floor":["M","?","?","M","$","E","R","M","T","R","E","M","$","E","R","B",null,"M","?","$","?","M","E"],"character_chosen":"THE_SILENT","items_purchased":["Noxious Fumes","Deadly Poison","Well Laid Plans","Dodge and Roll","Die Die Die"],"campfire_rested":0,"item_purchase_floors":[5,5,13,13,20],"current_hp_per_floor":[59,54,54,54,54,54,54,49,49,49,38,37,37,23,23,23,55,35,35,35,35,13,0],"gold":43,"neow_bonus":"THREE_ENEMY_KILL","is_prod":false,"is_daily":false,"chose_seed":false,"campfire_upgraded":3,"win_rate":0,"timestamp":1564350792,"path_taken":["M","?","?","M","$","E","R","M","T","R","E","?","$","E","R","BOSS","M","?","$","?","M","E"],"build_version":"2019-07-17","purchased_purges":1,"victory":false,"max_hp_per_floor":[66,66,66,66,66,66,66,66,66,66,66,66,66,66,66,66,66,66,66,66,66,66,66],"card_choices":[{"not_picked":["Underhanded Strike","Infinite Blades"],"picked":"Cloak And Dagger","floor":1.0},{"not_picked":["Riddle With Holes","Flechettes"],"picked":"Poisoned Stab","floor":4.0},{"not_picked":["Choke","Poisoned Stab"],"picked":"Well Laid Plans","floor":6.0},{"not_picked":["Sucker Punch","Concentrate"],"picked":"Flechettes","floor":8.0},{"not_picked":["Concentrate","Underhanded Strike"],"picked":"Deadly Poison","floor":11.0},{"not_picked":["Flechettes","Poisoned Stab"],"picked":"Backflip","floor":12.0},{"not_picked":["Flechettes","Dagger Throw","Underhanded Strike"],"picked":"SKIP","floor":14.0},{"not_picked":["Venomology","Envenom"],"picked":"Burst","floor":16.0},{"not_picked":["Slice","Dagger Throw"],"picked":"PiercingWail","floor":18.0},{"not_picked":["Sucker Punch","Dodge and Roll"],"picked":"Footwork","floor":22}],"player_experience":1041598,"relics_obtained":[{"floor":6.0,"key":"War Paint"},{"floor":9.0,"key":"Ninja Scroll"},{"floor":11.0,"key":"Mummified Hand"},{"floor":14.0,"key":"The Courier"}],"event_choices":[{"damage_healed":0.0,"max_hp_gain":0.0,"max_hp_loss":0.0,"gold_gain":0.0,"event_name":"Scrap Ooze","player_choice":"Success","floor":2.0,"gold_loss":0.0,"damage_taken":5.0,"relics_obtained":["The Specimen"]},{"damage_healed":0.0,"max_hp_gain":0.0,"max_hp_loss":0.0,"gold_gain":0.0,"event_name":"Lab","player_choice":"Got Potions","floor":3.0,"gold_loss":0.0,"damage_taken":0.0},{"damage_healed":0.0,"max_hp_gain":0.0,"max_hp_loss":0.0,"gold_gain":0.0,"cards_transformed":["Strike_G","Strike_G"],"event_name":"Drug Dealer","player_choice":"Became Test Subject","floor":19.0,"gold_loss":0.0,"damage_taken":0.0,"cards_obtained":["Reflex","Concentrate"]},{"damage_healed":0.0,"max_hp_gain":0.0,"max_hp_loss":0.0,"gold_gain":0.0,"event_name":"WeMeetAgain","player_choice":"Gave Potion","floor":21.0,"gold_loss":0.0,"damage_taken":0.0,"relics_obtained":["Art of War"]}],"is_beta":false,"boss_relics":[{"not_picked":["Eternal Feather","Pandora\u0027s Box"],"picked":"Black Star"}],"items_purged_floors":[20],"is_endless":false,"potions_floor_spawned":[8,11,14,22],"killed_by":"Slavers","ascension_level":20}