{"gold_per_floor":[109,74,44,44,44,44,57,92,92,92,109,121,121,149,149,226,226,244,258,258,275,289,289],"floor_reached":23,"playtime":772,"items_purged":[],"score":402,"play_id":"a1c3a2e5-73c5-4836-89fe-8dc5c82b4bf0","local_time":"20190613190705","is_ascension_mode":true,"campfire_choices":[{"data":"Zap","floor":6.0,"key":"SMITH"},{"floor":10.0,"key":"REST"},{"data":"Beam Cell","floor":13.0,"key":"SMITH"},{"floor":15.0,"key":"REST"}],"neow_cost":"PERCENT_DAMAGE","seed_source_timestamp":708801569754,"circlet_count":0,"master_deck":["AscendersBane","Strike_B","Strike_B","Strike_B","Strike_B","Defend_B","Defend_B","Defend_B","Defend_B","Zap+1","Dualcast","Electrodynamics","Tempest","Barrage+1","Scrape","Self Repair","Genetic Algorithm","Beam Cell+1","Leap","Thunder Strike","Go for the Eyes+1","Compile Driver+1","Buffer","Sweeping Beam+1"],"special_seed":0,"relics":["Cracked Core","Boot","Question Card","WingedGreaves","Velvet Choker"],"potions_floor_usage":[],"damage_taken":[{"damage":13.0,"enemies":"2 Louse","floor":1.0,"turns":2.0},{"damage":7.0,"enemies":"Small Slimes","floor":7.0,"turns":3.0},{"damage":15.0,"enemies":"3 Sentries","floor":8.0,"turns":3.0},{"damage":2.0,"enemies":"Jaw Worm","floor":11.0,"turns":3.0},{"damage":16.0,"enemies":"Gremlin Gang","floor":12.0,"turns":3.0},{"damage":25.0,"enemies":"Lagavulin","floor":14.0,"turns":5.0},{"damage":29.0,"enemies":"Slime Boss","floor":16.0,"turns":8.0},{"damage":7.0,"enemies":"Chosen","floor":18.0,"turns":3.0},{"damage":0.0,"enemies":"Spheric Guardian","floor":19.0,"turns":3.0},{"damage":24.0,"enemies":"Cultist and Chosen","floor":21.0,"turns":5.0},{"damage":15,"enemies":"Snake Plant","floor":22,"turns":3},{"damage":48,"enemies":"Slavers","floor":23,"turns":3}],"seed_played":"-4885854499531702400","potions_obtained":[{"floor":1.0,"key":"Explosive Potion"},{"floor":11.0,"key":"Strength Potion"},{"floor":12.0,"key":"Swift Potion"},{"floor":18.0,"key":"SteroidPotion"},{"floor":19.0,"key":"Fire Potion"},{"floor":21.0,"key":"Poison Potion"}],"is_trial":false,"path_per_floor":["M","?","$","?","?","R","M","E","T","R","M","M","R","E","R","B",null,"M","M","?","M","M","E"],"character_chosen":"DEFECT","items_purchased":["Barrage"],"campfire_rested":2,"item_purchase_floors":[3],"current_hp_per_floor":[33,50,50,45,45,45,38,23,23,44,49,40,40,22,43,21,59,59,66,66,49,41,0],"gold":289,"neow_bonus":"THREE_RARE_CARDS","is_prod":false,"is_daily":false,"chose_seed":false,"campfire_upgraded":2,"win_rate":0,"timestamp":1560445625,"path_taken":["M","?","$","?","?","R","M","E","T","R","M","?","R","E","R","BOSS","M","?","?","M","M","E"],"build_version":"2019-06-12","purchased_purges":0,"victory":false,"max_hp_per_floor":[71,71,71,71,71,71,71,71,71,71,71,71,71,71,71,71,71,71,71,71,71,71,71],"card_choices":[{"not_picked":["Rainbow","Hyperbeam"],"picked":"Electrodynamics","floor":0.0},{"not_picked":["Conserve Battery","Beam Cell"],"picked":"Tempest","floor":1.0},{"not_picked":["Chaos","Blizzard"],"picked":"Scrape","floor":7.0},{"not_picked":["Streamline","Rip and Tear"],"picked":"Self Repair","floor":8.0},{"not_picked":["Coolheaded","Steam","Recycle"],"picked":"Genetic Algorithm","floor":11.0},{"not_picked":["Leap","Hologram","Force Field"],"picked":"Beam Cell","floor":12.0},{"not_picked":["Sunder","FTL","Beam Cell"],"picked":"Leap","floor":14.0},{"not_picked":["All For One","Buffer","Rainbow"],"picked":"Thunder Strike","floor":16.0},{"not_picked":["FTL+1","Capacitor","Compile Driver"],"picked":"Go for the Eyes+1","floor":18.0},{"not_picked":["Recycle","Blizzard","Melter+1"],"picked":"Compile Driver+1","floor":19.0},{"not_picked":["Redo","Scrape","Beam Cell"],"picked":"Buffer","floor":21.0},{"not_picked":["Recycle","Hologram","Rebound"],"picked":"Sweeping Beam+1","floor":22}],"player_experience":1712310,"relics_obtained":[{"floor":8.0,"key":"Question Card"},{"floor":14.0,"key":"WingedGreaves"}],"event_choices":[{"damage_healed":17.0,"max_hp_gain":0.0,"max_hp_loss":0.0,"gold_gain":0.0,"event_name":"The Cleric","player_choice":"Healed","floor":2.0,"gold_loss":35.0,"damage_taken":0.0},{"damage_healed":0.0,"max_hp_gain":0.0,"max_hp_loss":0.0,"gold_gain":0.0,"event_name":"Scrap Ooze","player_choice":"Success","floor":4.0,"gold_loss":0.0,"damage_taken":5.0,"relics_obtained":["Boot"]},{"damage_healed":0.0,"max_hp_gain":0.0,"max_hp_loss":0.0,"gold_gain":0.0,"event_name":"Living Wall","player_choice":"Grow","floor":5.0,"gold_loss":0.0,"damage_taken":0.0,"cards_upgraded":["Barrage"]},{"damage_healed":0.0,"max_hp_gain":0.0,"max_hp_loss":0.0,"gold_gain":0.0,"event_name":"Ghosts","player_choice":"Ignored","floor":20.0,"gold_loss":0.0,"damage_taken":0.0}],"is_beta":true,"boss_relics":[{"not_picked":["White Beast Statue","Pandora\u0027s Box"],"picked":"Velvet Choker"}],"items_purged_floors":[],"is_endless":false,"potions_floor_spawned":[1,11,12,14,18,19,21],"killed_by":"Slavers","ascension_level":20}