{"gold_per_floor":[217,142,142,160,170,170,196,196,196,221,234,234,9,19,19,90,90,102,117,32,32,47,47,78,78,78,97,128,128,138,148,148,222,222,238,249,249],"floor_reached":37,"playtime":1283,"items_purged":[],"score":892,"play_id":"6bd0e505-7d33-4a02-b961-bc501fc16f24","local_time":"20190704195134","is_ascension_mode":true,"campfire_choices":[{"data":"Zap","floor":6.0,"key":"SMITH"},{"floor":8.0,"key":"REST"},{"data":"Sweeping Beam","floor":12.0,"key":"SMITH"},{"data":"Sweeping Beam","floor":15.0,"key":"SMITH"},{"floor":23.0,"key":"REST"},{"floor":25.0,"key":"REST"},{"floor":32.0,"key":"REST"}],"neow_cost":"NONE","seed_source_timestamp":0,"circlet_count":0,"master_deck":["AscendersBane","Strike_B","Strike_B","Defend_B","Defend_B","Defend_B","Defend_B+1","Zap+1","Dualcast+1","Sweeping Beam+1","FTL","Cold Snap","Cold Snap","Reinforced Body","Sweeping Beam+1","Buffer","Hologram","Darkness","Sweeping Beam+1","Conserve Battery","Go for the Eyes","Electrodynamics","All For One","Turbo","Loop"],"special_seed":0,"relics":["Cracked Core","Du-Vu Doll","Cables","War Paint","PreservedInsect","Cursed Key","Kunai","Emotion Chip","Runic Pyramid"],"potions_floor_usage":[37],"damage_taken":[{"damage":0.0,"enemies":"Small Slimes","floor":1.0,"turns":2.0},{"damage":1.0,"enemies":"Cultist","floor":4.0,"turns":4.0},{"damage":9.0,"enemies":"Jaw Worm","floor":5.0,"turns":4.0},{"damage":29.0,"enemies":"Lagavulin","floor":7.0,"turns":6.0},{"damage":4.0,"enemies":"Gremlin Nob","floor":10.0,"turns":3.0},{"damage":4.0,"enemies":"Lots of Slimes","floor":11.0,"turns":3.0},{"damage":0.0,"enemies":"Gremlin Gang","floor":14.0,"turns":2.0},{"damage":31.0,"enemies":"Slime Boss","floor":16.0,"turns":11.0},{"damage":5.0,"enemies":"3 Byrds","floor":18.0,"turns":4.0},{"damage":0.0,"enemies":"Chosen","floor":19.0,"turns":5.0},{"damage":25.0,"enemies":"Snake Plant","floor":22.0,"turns":4.0},{"damage":7.0,"enemies":"Slavers","floor":24.0,"turns":2.0},{"damage":2.0,"enemies":"Sentry and Sphere","floor":27.0,"turns":6.0},{"damage":1.0,"enemies":"Book of Stabbing","floor":28.0,"turns":5.0},{"damage":19.0,"enemies":"Snecko","floor":30.0,"turns":6.0},{"damage":13.0,"enemies":"Snake Plant","floor":31.0,"turns":3.0},{"damage":34,"enemies":"Champ","floor":33,"turns":13},{"damage":36,"enemies":"3 Darklings","floor":35,"turns":3},{"damage":14,"enemies":"3 Shapes","floor":36,"turns":5},{"damage":25,"enemies":"Jaw Worm Horde","floor":37,"turns":2}],"seed_played":"2410728124042878883","potions_obtained":[{"floor":3.0,"key":"FocusPotion"},{"floor":3.0,"key":"Poison Potion"},{"floor":10.0,"key":"Explosive Potion"},{"floor":16.0,"key":"Energy Potion"},{"floor":18.0,"key":"Explosive Potion"},{"floor":24.0,"key":"Dexterity Potion"}],"is_trial":false,"path_per_floor":["M","?","?","M","M","R","E","R","T","E","M","R","$","M","R","B",null,"M","M","$","?","M","R","E","R","T","M","E","?","M","M","R","B",null,"M","M","M"],"character_chosen":"DEFECT","items_purchased":["PreservedInsect","Fire Potion","Darkness"],"campfire_rested":4,"item_purchase_floors":[13,13,20],"current_hp_per_floor":[64,64,64,63,54,54,25,46,46,42,38,38,38,38,38,7,55,50,50,50,50,25,46,39,60,60,58,57,57,38,25,46,12,56,20,6,0],"gold":249,"neow_bonus":"HUNDRED_GOLD","is_prod":false,"is_daily":false,"chose_seed":false,"campfire_upgraded":3,"win_rate":0,"timestamp":1562262694,"path_taken":["M","?","?","M","M","R","E","R","T","E","M","R","$","M","R","BOSS","M","M","$","?","M","R","E","R","T","?","E","?","?","M","R","BOSS","M","M","?"],"build_version":"2019-07-03","purchased_purges":0,"victory":false,"max_hp_per_floor":[71,71,71,71,71,71,71,71,71,71,71,71,71,71,71,71,71,71,71,71,71,71,71,71,71,71,71,71,71,71,71,71,71,71,71,71,71],"card_choices":[{"not_picked":["Go for the Eyes","Blizzard","Hologram"],"picked":"SKIP","floor":1.0},{"not_picked":["Undo","Hologram"],"picked":"Sweeping Beam","floor":4.0},{"not_picked":["Gash","Stack"],"picked":"FTL","floor":5.0},{"not_picked":["Amplify","Consume"],"picked":"Cold Snap","floor":7.0},{"not_picked":["Thunder Strike","Heatsinks"],"picked":"Cold Snap","floor":10.0},{"not_picked":["Turbo","Lockon"],"picked":"Reinforced Body","floor":11.0},{"not_picked":["Stack","Redo"],"picked":"Sweeping Beam","floor":14.0},{"not_picked":["Hyperbeam","Core Surge"],"picked":"Buffer","floor":16.0},{"not_picked":["Steam","Leap+1"],"picked":"Hologram","floor":18.0},{"not_picked":["Hologram","Turbo","Go for the Eyes"],"picked":"SKIP","floor":19.0},{"not_picked":["Conserve Battery","Gash","Stack+1"],"picked":"SKIP","floor":22.0},{"not_picked":["Barrage","Hello World"],"picked":"Conserve Battery","floor":24.0},{"not_picked":["Cold Snap","Hello World+1"],"picked":"Go for the Eyes","floor":27.0},{"not_picked":["Skim+1","Auto Shields"],"picked":"Electrodynamics","floor":28.0},{"not_picked":["Chill","Steam Power","Darkness"],"picked":"SKIP","floor":30.0},{"not_picked":["Sweeping Beam","Conserve Battery","Redo+1"],"picked":"SKIP","floor":31.0},{"not_picked":["Echo Form","Reboot"],"picked":"All For One","floor":33},{"not_picked":["Coolheaded","Rip and Tear"],"picked":"Turbo","floor":35},{"not_picked":["Hologram","Turbo"],"picked":"Loop","floor":36}],"player_experience":1804106,"relics_obtained":[{"floor":7.0,"key":"Du-Vu Doll"},{"floor":9.0,"key":"Cables"},{"floor":10.0,"key":"War Paint"},{"floor":24.0,"key":"Kunai"},{"floor":28.0,"key":"Emotion Chip"}],"event_choices":[{"cards_removed":["Strike_B"],"damage_healed":0.0,"max_hp_gain":0.0,"max_hp_loss":0.0,"gold_gain":0.0,"event_name":"The Cleric","player_choice":"Card Removal","floor":2.0,"gold_loss":75.0,"damage_taken":0.0},{"damage_healed":0.0,"max_hp_gain":0.0,"max_hp_loss":0.0,"gold_gain":0.0,"event_name":"Lab","player_choice":"Got Potions","floor":3.0,"gold_loss":0.0,"damage_taken":0.0},{"damage_healed":0.0,"max_hp_gain":0.0,"max_hp_loss":0.0,"gold_gain":0.0,"event_name":"Duplicator","player_choice":"Copied","floor":21.0,"gold_loss":0.0,"damage_taken":0.0,"cards_obtained":["Sweeping Beam"]},{"cards_removed":["Strike_B"],"damage_healed":0.0,"max_hp_gain":0.0,"max_hp_loss":0.0,"gold_gain":0.0,"event_name":"Bonfire Elementals","player_choice":"Offered Basic","floor":29.0,"gold_loss":0.0,"damage_taken":0.0}],"is_beta":true,"boss_relics":[{"not_picked":["Runic Dome","Busted Crown"],"picked":"Cursed Key"},{"not_picked":["Black Star","FrozenCore"],"picked":"Runic Pyramid"}],"items_purged_floors":[],"is_endless":false,"potions_floor_spawned":[5,10,16,18,19,24,27,28,31,35],"killed_by":"Jaw Worm Horde","ascension_level":20}