{"gold_per_floor":[109,109,129,149,74,101,1,1,1,20,50,64,64,76,76,176,176,194,209,209,209,225,225,253,253,325,356,371,384,398,410,410,512,512,523,523,536,536,136,171,186,205,205,216,247,259,259,270,270,270],"floor_reached":51,"playtime":5065,"items_purged":["Strike_B","Strike_B","Defend_B"],"score":790,"play_id":"9d370db5-2ca6-4623-bff5-a4d658bf5adf","local_time":"20190302114211","is_ascension_mode":false,"campfire_choices":[{"data":"Gash","floor":8,"key":"SMITH"},{"floor":13,"key":"REST"},{"floor":15,"key":"REST"},{"data":"Seek","floor":23,"key":"SMITH"},{"data":"Redo","floor":25,"key":"SMITH"},{"floor":32,"key":"REST"},{"data":"Scrape","floor":49,"key":"SMITH"}],"neow_cost":"NONE","seed_source_timestamp":112406466322789,"circlet_count":0,"master_deck":["Defend_B","Defend_B","Dualcast","Gash+1","Scrape+1","Leap","Redo+1","Coolheaded","Cold Snap","Gash","Seek+1","Leap+1","Gash","FTL","Reboot","Gash","Reboot","Scrape","Coolheaded"],"relics":["Cracked Core","Frozen Egg 2","Kunai","FossilizedHelix","Busted Crown","Darkstone Periapt","Dodecahedron","Potion Belt","Eternal Feather","Strange Spoon","Nunchaku","Mummified Hand","Letter Opener"],"potions_floor_usage":[40,40,40,50,50,50,50],"damage_taken":[{"damage":3,"enemies":"Jaw Worm","floor":1,"turns":3},{"damage":9,"enemies":"2 Louse","floor":3,"turns":3},{"damage":0,"enemies":"Cultist","floor":4,"turns":2},{"damage":32,"enemies":"Lagavulin","floor":6,"turns":6},{"damage":4,"enemies":"2 Fungi Beasts","floor":10,"turns":3},{"damage":30,"enemies":"Gremlin Nob","floor":11,"turns":4},{"damage":3,"enemies":"Exordium Thugs","floor":12,"turns":6},{"damage":0,"enemies":"Blue Slaver","floor":14,"turns":4},{"damage":24,"enemies":"Slime Boss","floor":16,"turns":12},{"damage":0,"enemies":"Chosen","floor":18,"turns":5},{"damage":0,"enemies":"Shell Parasite","floor":19,"turns":8},{"damage":7,"enemies":"Sentry and Sphere","floor":22,"turns":6},{"damage":6,"enemies":"Book of Stabbing","floor":24,"turns":6},{"damage":15,"enemies":"Slavers","floor":27,"turns":7},{"damage":0,"enemies":"Cultist and Chosen","floor":28,"turns":5},{"damage":7,"enemies":"Snake Plant","floor":29,"turns":5},{"damage":13,"enemies":"Centurion and Healer","floor":30,"turns":7},{"damage":12,"enemies":"Sentry and Sphere","floor":31,"turns":6},{"damage":26,"enemies":"Automaton","floor":33,"turns":7},{"damage":0,"enemies":"Orb Walker","floor":35,"turns":2},{"damage":0,"enemies":"3 Shapes","floor":37,"turns":5},{"damage":0,"enemies":"Reptomancer","floor":40,"turns":2},{"damage":0,"enemies":"Spire Growth","floor":41,"turns":2},{"damage":0,"enemies":"Writhing Mass","floor":42,"turns":5},{"damage":0,"enemies":"Transient","floor":44,"turns":5},{"damage":0,"enemies":"Nemesis","floor":45,"turns":7},{"damage":0,"enemies":"Sphere and 2 Shapes","floor":46,"turns":3},{"damage":0,"enemies":"4 Shapes","floor":48,"turns":2},{"damage":8,"enemies":"Donu and Deca","floor":50,"turns":9}],"seed_played":"-4802618934856518578","potions_obtained":[{"floor":3,"key":"LiquidBronze"},{"floor":10,"key":"Swift Potion"},{"floor":11,"key":"Poison Potion"},{"floor":14,"key":"Block Potion"},{"floor":24,"key":"FearPotion"},{"floor":28,"key":"SteroidPotion"},{"floor":31,"key":"EssenceOfSteel"},{"floor":40,"key":"Strength Potion"},{"floor":41,"key":"Ancient Potion"},{"floor":42,"key":"LiquidBronze"},{"floor":45,"key":"GamblersBrew"},{"floor":48,"key":"FearPotion"}],"is_trial":false,"path_per_floor":["M","?","M","M","$","E","$","R","T","M","E","M","R","M","R","B",null,"M","M","?","?","M","R","E","R","T","E","M","M","M","M","R","B",null,"M","?","M","?","$","E","M","M","T","M","E","M","?","M","R","B",null],"character_chosen":"DEFECT","items_purchased":["Strange Spoon","Scrape"],"campfire_rested":3,"item_purchase_floors":[39,39],"current_hp_per_floor":[79,84,75,75,75,43,43,43,43,39,9,6,32,32,58,34,87,87,87,87,87,80,80,74,74,74,59,59,52,39,27,53,27,87,87,87,87,87,87,87,87,87,87,87,87,87,87,87,87,79],"gold":270,"neow_bonus":"TEN_PERCENT_HP_BONUS","is_prod":false,"is_daily":false,"chose_seed":false,"campfire_upgraded":4,"win_rate":0.0,"timestamp":1551555731,"path_taken":["M","?","M","M","$","E","$","R","T","M","E","M","R","M","R","BOSS","M","M","?","?","M","R","E","R","T","E","M","?","M","M","R","BOSS","M","?","?","?","$","E","M","M","T","M","E","M","?","M","R","BOSS"],"build_version":"2019-01-23","purchased_purges":3,"victory":true,"max_hp_per_floor":[82,87,87,87,87,87,87,87,87,87,87,87,87,87,87,87,87,87,87,87,87,87,87,87,87,87,87,87,87,87,87,87,87,87,87,87,87,87,87,87,87,87,87,87,87,87,87,87,87,87],"card_choices":[{"not_picked":["Sweeping Beam","Stack"],"picked":"Gash","floor":1},{"not_picked":["Go for the Eyes","Leap"],"picked":"Scrape","floor":3},{"not_picked":["Compile Driver","Redo"],"picked":"Leap","floor":4},{"not_picked":["Steam Power","Go for the Eyes"],"picked":"Redo","floor":6},{"not_picked":["Beam Cell","Stack","Tempest"],"picked":"SKIP","floor":10},{"not_picked":["Redo","Seek"],"picked":"Coolheaded","floor":11},{"not_picked":["Beam Cell","Stack"],"picked":"Cold Snap","floor":12},{"not_picked":["Steam","Stack"],"picked":"Gash","floor":14},{"not_picked":["Fission","Multi-Cast"],"picked":"Seek","floor":16},{"not_picked":[],"picked":"Leap+1","floor":18},{"not_picked":["Barrage"],"picked":"SKIP","floor":19},{"not_picked":["Steam"],"picked":"SKIP","floor":22},{"not_picked":["Self Repair+1"],"picked":"SKIP","floor":24},{"not_picked":[],"picked":"Reboot","floor":27},{"not_picked":["Barrage"],"picked":"SKIP","floor":28},{"not_picked":["Chaos"],"picked":"SKIP","floor":29},{"not_picked":[],"picked":"Gash","floor":30},{"not_picked":["Stack"],"picked":"SKIP","floor":31},{"not_picked":[],"picked":"Reboot","floor":33},{"not_picked":["Darkness+1"],"picked":"SKIP","floor":35},{"not_picked":["Redo"],"picked":"SKIP","floor":37},{"not_picked":["Redo"],"picked":"SKIP","floor":40},{"not_picked":["Leap"],"picked":"SKIP","floor":41},{"not_picked":[],"picked":"Coolheaded","floor":42},{"not_picked":["Lockon+1"],"picked":"SKIP","floor":44},{"not_picked":["Beam Cell"],"picked":"SKIP","floor":45},{"not_picked":["Leap+1"],"picked":"SKIP","floor":46},{"not_picked":["Blizzard+1"],"picked":"SKIP","floor":48}],"player_experience":30956,"relics_obtained":[{"floor":6,"key":"Frozen Egg 2"},{"floor":9,"key":"Kunai"},{"floor":11,"key":"FossilizedHelix"},{"floor":24,"key":"Darkstone Periapt"},{"floor":26,"key":"Dodecahedron"},{"floor":27,"key":"Potion Belt"},{"floor":40,"key":"Nunchaku"},{"floor":43,"key":"Mummified Hand"},{"floor":45,"key":"Letter Opener"}],"event_choices":[{"damage_healed":0,"gold_gain":0,"player_choice":"Donut","damage_taken":0,"max_hp_gain":5,"max_hp_loss":0,"event_name":"Big Fish","floor":2,"gold_loss":0},{"damage_healed":0,"gold_gain":0,"cards_transformed":["Strike_B","Strike_B"],"player_choice":"Became Test Subject","damage_taken":0,"max_hp_gain":0,"max_hp_loss":0,"event_name":"Drug Dealer","floor":20,"gold_loss":0,"cards_obtained":["Gash","Aggregate"]},{"damage_healed":0,"gold_gain":0,"cards_transformed":["Aggregate"],"player_choice":"Transformed","damage_taken":0,"max_hp_gain":0,"max_hp_loss":0,"event_name":"Transmorgrifier","floor":21,"gold_loss":0,"cards_obtained":["FTL"]},{"cards_removed":["Zap"],"damage_healed":0,"gold_gain":0,"player_choice":"Offered Basic","damage_taken":0,"max_hp_gain":0,"max_hp_loss":0,"event_name":"Bonfire Elementals","floor":36,"gold_loss":0},{"cards_removed":["Defend_B"],"damage_healed":0,"gold_gain":0,"player_choice":"Removed Skill","damage_taken":0,"max_hp_gain":0,"max_hp_loss":0,"event_name":"Falling","floor":38,"gold_loss":0},{"damage_healed":0,"gold_gain":0,"player_choice":"Memory 1","damage_taken":0,"max_hp_gain":0,"max_hp_loss":0,"event_name":"SensoryStone","floor":47,"gold_loss":0}],"is_beta":false,"boss_relics":[{"not_picked":["FrozenCore","Tiny House"],"picked":"Busted Crown"},{"not_picked":["Orrery","Runic Dome"],"picked":"Eternal Feather"}],"items_purged_floors":[5,7,39],"is_endless":false,"potions_floor_spawned":[3,10,11,14,24,28,31,33,40,41,42,45,48],"ascension_level":0}