{"gold_per_floor":[115,115,133,133,133,164,164,199,226,259,259,275,294,83,83,184,184,199,199,34,48,61,61,92,92,117,143,143],"floor_reached":28,"playtime":1434,"items_purged":["Defend_B"],"score":314,"play_id":"7380a1fb-9f25-4f6a-a26a-598bbc913d25","local_time":"20190628212835","is_ascension_mode":true,"campfire_choices":[{"data":"Zap","floor":7,"key":"SMITH"},{"data":"Streamline","floor":11,"key":"SMITH"},{"data":"Streamline","floor":15,"key":"SMITH"},{"data":"Beam Cell","floor":23,"key":"SMITH"},{"floor":25,"key":"RECALL"}],"neow_cost":"NONE","seed_source_timestamp":991074916088,"circlet_count":0,"master_deck":["Strike_B+1","Strike_B+1","Strike_B+1","Defend_B+1","Defend_B+1","Defend_B+1","Zap+1","Dualcast","Streamline+1","Echo Form","Compile Driver","Streamline+1","Conserve Battery","Beam Cell+1","Compile Driver","Electrodynamics+1","Machine Learning+1","Sweeping Beam+1","Melter","Trip","Skim","Redo+1"],"relics":["Cracked Core","NeowsBlessing","Frozen Egg 2","Pen Nib","Juzu Bracelet","Bronze Scales","White Beast Statue","Calipers","Omamori","Regal Pillow"],"potions_floor_usage":[18,24,24,27],"damage_taken":[{"damage":0,"enemies":"Cultist","floor":1,"turns":1},{"damage":0,"enemies":"Small Slimes","floor":3,"turns":2},{"damage":0,"enemies":"Lagavulin","floor":6,"turns":1},{"damage":31,"enemies":"3 Sentries","floor":8,"turns":7},{"damage":1,"enemies":"Gremlin Nob","floor":10,"turns":3},{"damage":0,"enemies":"Jaw Worm","floor":12,"turns":2},{"damage":0,"enemies":"Large Slime","floor":13,"turns":4},{"damage":16,"enemies":"Hexaghost","floor":16,"turns":5},{"damage":2,"enemies":"Shell Parasite","floor":18,"turns":5},{"damage":0,"enemies":"Spheric Guardian","floor":21,"turns":1},{"damage":20,"enemies":"Centurion and Healer","floor":22,"turns":5},{"damage":21,"enemies":"Gremlin Leader","floor":24,"turns":5},{"damage":29,"enemies":"Book of Stabbing","floor":27,"turns":5}],"seed_played":"8122289384276618632","potions_obtained":[{"floor":1,"key":"Explosive Potion"},{"floor":8,"key":"SpeedPotion"},{"floor":12,"key":"Regen Potion"},{"floor":16,"key":"Block Potion"},{"floor":18,"key":"EssenceOfSteel"},{"floor":21,"key":"Fire Potion"},{"floor":24,"key":"Poison Potion"},{"floor":27,"key":"SmokeBomb"}],"is_trial":false,"path_per_floor":["M","?","M","T","?","E","R","E","T","E","R","M","M","$","R","B",null,"M","?","$","M","M","R","E","R","T","E","?"],"character_chosen":"DEFECT","items_purchased":["Electrodynamics+1","Melter","Trip"],"campfire_rested":0,"item_purchase_floors":[14,20,20],"current_hp_per_floor":[75,75,75,75,75,75,75,44,44,43,43,43,43,43,43,27,75,73,73,73,73,53,53,41,41,41,12,0],"gold":143,"neow_bonus":"THREE_ENEMY_KILL","is_prod":false,"is_daily":false,"chose_seed":false,"campfire_upgraded":4,"win_rate":0,"timestamp":1561724915,"path_taken":["M","?","?","?","?","E","R","E","T","E","R","M","M","$","R","BOSS","M","?","$","M","M","R","E","R","T","E","?"],"build_version":"2019-01-23","purchased_purges":1,"victory":false,"max_hp_per_floor":[75,75,75,75,75,75,75,75,75,75,75,75,75,75,75,75,75,75,75,75,75,75,75,75,75,75,75,80],"card_choices":[{"not_picked":["Sweeping Beam","Hello World"],"picked":"Streamline","floor":1},{"not_picked":["Go for the Eyes","Barrage"],"picked":"Compile Driver","floor":3},{"not_picked":["FTL","Coolheaded"],"picked":"Streamline","floor":6},{"not_picked":["Heatsinks+1","Stack"],"picked":"Conserve Battery","floor":8},{"not_picked":["Meteor Strike","Recycle","Leap"],"picked":"SKIP","floor":10},{"not_picked":["Heatsinks+1","Turbo"],"picked":"Beam Cell","floor":12},{"not_picked":["Streamline","Leap"],"picked":"Compile Driver","floor":13},{"not_picked":["Meteor Strike","Echo Form+1"],"picked":"Machine Learning+1","floor":16},{"not_picked":["Coolheaded+1","Ball Lightning"],"picked":"Sweeping Beam+1","floor":18},{"not_picked":["Stack","Barrage+1"],"picked":"Skim","floor":21},{"not_picked":["Cold Snap","Leap+1","Redo"],"picked":"SKIP","floor":22},{"not_picked":["Auto Shields","Multi-Cast"],"picked":"Redo+1","floor":24},{"not_picked":["Ball Lightning","Glacier+1","Darkness"],"picked":"SKIP","floor":27}],"player_experience":52076,"relics_obtained":[{"floor":4,"key":"Frozen Egg 2"},{"floor":6,"key":"Pen Nib"},{"floor":8,"key":"Juzu Bracelet"},{"floor":10,"key":"Bronze Scales"},{"floor":24,"key":"Calipers"},{"floor":26,"key":"Omamori"},{"floor":27,"key":"Regal Pillow"}],"event_choices":[{"damage_healed":0,"gold_gain":0,"cards_transformed":["Strike_B"],"player_choice":"Transformed","damage_taken":0,"max_hp_gain":0,"max_hp_loss":0,"event_name":"Transmorgrifier","floor":2,"gold_loss":0,"cards_obtained":["Echo Form"]},{"damage_healed":0,"gold_gain":0,"player_choice":"Bought 0 Potions","damage_taken":0,"max_hp_gain":0,"max_hp_loss":0,"event_name":"The Woman in Blue","floor":5,"gold_loss":0},{"damage_healed":0,"gold_gain":0,"player_choice":"Simplicity","damage_taken":0,"max_hp_gain":0,"max_hp_loss":0,"event_name":"Back to Basics","floor":19,"gold_loss":0,"cards_upgraded":["Strike_B","Strike_B","Strike_B","Defend_B","Defend_B","Defend_B"]}],"is_beta":false,"boss_relics":[{"not_picked":["Astrolabe","Orrery"],"picked":"White Beast Statue"}],"items_purged_floors":[14],"is_endless":false,"potions_floor_spawned":[1,8,12,16,18,21,22,24,27],"ascension_level":1}