{"gold_per_floor":[109,185,197,197,29,29,58,76,102,102,52,52,86,102,102,181,181,199,199,199,199,209,209,226,256,256,256,256,256,256,275,275,275],"floor_reached":33,"playtime":939,"items_purged":["Strike_B"],"score":717,"play_id":"f40534d7-8e9c-44e6-b416-2f49baaec88a","local_time":"20190810025915","is_ascension_mode":true,"campfire_choices":[{"data":"Sunder","floor":6.0,"key":"SMITH"},{"data":"Defragment","floor":10.0,"key":"SMITH"},{"data":"Beam Cell","floor":12.0,"key":"SMITH"},{"data":"Fission","floor":15.0,"key":"SMITH"},{"data":"Biased Cognition","floor":23.0,"key":"SMITH"},{"floor":27.0,"key":"REST"},{"data":"Ghostly","floor":28.0,"key":"SMITH"},{"data":"Ghostly","floor":30.0,"key":"SMITH"},{"data":"Ghostly","floor":32.0,"key":"SMITH"}],"neow_cost":"NONE","seed_source_timestamp":9918529295893,"circlet_count":0,"master_deck":["AscendersBane","Strike_B","Strike_B","Strike_B","Defend_B","Defend_B","Defend_B","Defend_B","Zap","Dualcast","Sunder+1","Coolheaded","Defragment+1","Beam Cell+1","Coolheaded+1","Coolheaded","Coolheaded+1","Fission+1","Ball Lightning","Biased Cognition+1","Coolheaded","Ghostly+1","Ghostly+1","Ghostly+1","Auto Shields","Compile Driver","Self Repair","Creative AI"],"special_seed":0,"relics":["Cracked Core","NeowsBlessing","Oddly Smooth Stone","Ancient Tea Set","War Paint","Nuclear Battery","WingedGreaves","Dodecahedron"],"potions_floor_usage":[],"damage_taken":[{"damage":0.0,"enemies":"Small Slimes","floor":1.0,"turns":1.0},{"damage":0.0,"enemies":"Jaw Worm","floor":3.0,"turns":1.0},{"damage":0.0,"enemies":"3 Sentries","floor":7.0,"turns":1.0},{"damage":0.0,"enemies":"Cultist","floor":8.0,"turns":3.0},{"damage":8.0,"enemies":"Gremlin Nob","floor":13.0,"turns":3.0},{"damage":0.0,"enemies":"Gremlin Gang","floor":14.0,"turns":4.0},{"damage":0.0,"enemies":"The Guardian","floor":16.0,"turns":13.0},{"damage":4.0,"enemies":"Chosen","floor":18.0,"turns":3.0},{"damage":0.0,"enemies":"Shell Parasite","floor":22.0,"turns":5.0},{"damage":0.0,"enemies":"Snake Plant","floor":24.0,"turns":2.0},{"damage":34.0,"enemies":"Slavers","floor":25.0,"turns":9.0},{"damage":0.0,"enemies":"Chosen and Byrds","floor":31.0,"turns":7.0},{"damage":48,"enemies":"Collector","floor":33,"turns":14}],"seed_played":"-1345070904023008758","potions_obtained":[{"floor":1.0,"key":"Regen Potion"},{"floor":7.0,"key":"GamblersBrew"}],"is_trial":false,"path_per_floor":["M","?","M","?","$","R","E","M","T","R","$","R","E","M","R","B",null,"M","?","?","?","M","R","M","E","T","R","R","?","R","M","R","B"],"character_chosen":"DEFECT","items_purchased":["Defragment","Beam Cell","Coolheaded"],"campfire_rested":1,"item_purchase_floors":[5,5,11],"current_hp_per_floor":[64,64,64,64,64,64,64,64,64,64,64,64,56,56,56,56,67,63,43,43,38,38,38,38,4,4,15,15,48,48,48,48,0],"gold":275,"neow_bonus":"THREE_ENEMY_KILL","is_prod":false,"is_daily":false,"chose_seed":false,"campfire_upgraded":8,"win_rate":0,"timestamp":1565398755,"path_taken":["M","?","M","?","$","R","E","?","T","R","$","R","E","?","R","BOSS","M","?","?","?","?","R","M","E","T","R","R","?","R","?","R","BOSS"],"build_version":"2019-07-18","purchased_purges":1,"victory":false,"max_hp_per_floor":[71,71,71,71,71,71,71,71,71,71,71,71,71,71,71,71,71,71,76,76,38,38,38,38,38,38,38,38,48,48,48,48,48],"card_choices":[{"not_picked":["Recycle","Stack"],"picked":"Sunder","floor":1.0},{"not_picked":["Streamline","Rebound"],"picked":"Coolheaded","floor":3.0},{"not_picked":["Stack","Go for the Eyes"],"picked":"Coolheaded","floor":7.0},{"not_picked":["Streamline","Storm"],"picked":"Coolheaded","floor":8.0},{"not_picked":["Steam","Rebound"],"picked":"Fission","floor":13.0},{"not_picked":["FTL","Rip and Tear"],"picked":"Ball Lightning","floor":14.0},{"not_picked":["Core Surge","Reboot"],"picked":"Biased Cognition","floor":16.0},{"not_picked":["Conserve Battery","Blizzard+1"],"picked":"Coolheaded","floor":18.0},{"not_picked":["Scrape","Hello World"],"picked":"Auto Shields","floor":22.0},{"not_picked":["Rebound","Go for the Eyes"],"picked":"Compile Driver","floor":24.0},{"not_picked":["Ball Lightning","Cold Snap"],"picked":"Self Repair","floor":25.0},{"not_picked":["Go for the Eyes","Coolheaded+1"],"picked":"Creative AI","floor":31.0}],"player_experience":1970333,"relics_obtained":[{"floor":7.0,"key":"Oddly Smooth Stone"},{"floor":9.0,"key":"Ancient Tea Set"},{"floor":13.0,"key":"War Paint"},{"floor":25.0,"key":"WingedGreaves"},{"floor":26.0,"key":"Dodecahedron"}],"event_choices":[{"damage_healed":0.0,"max_hp_gain":0.0,"max_hp_loss":0.0,"gold_gain":76.0,"event_name":"Golden Wing","player_choice":"Gained Gold","floor":2.0,"gold_loss":0.0,"damage_taken":0.0},{"damage_healed":0.0,"max_hp_gain":0.0,"max_hp_loss":0.0,"gold_gain":0.0,"event_name":"Match and Keep!","player_choice":"1 cards matched","floor":4.0,"gold_loss":0.0,"damage_taken":0.0,"cards_obtained":["Machine Learning"]},{"damage_healed":0.0,"max_hp_gain":5.0,"max_hp_loss":0.0,"gold_gain":0.0,"event_name":"Forgotten Altar","player_choice":"Shed Blood","floor":19.0,"gold_loss":0.0,"damage_taken":25.0},{"damage_healed":0.0,"max_hp_gain":0.0,"max_hp_loss":0.0,"gold_gain":0.0,"event_name":"The Mausoleum","player_choice":"Ignored","floor":20.0,"gold_loss":0.0,"damage_taken":0.0},{"damage_healed":0.0,"max_hp_gain":0.0,"max_hp_loss":38.0,"gold_gain":0.0,"event_name":"Ghosts","player_choice":"Became a Ghost","floor":21.0,"gold_loss":0.0,"damage_taken":0.0,"cards_obtained":["Ghostly","Ghostly","Ghostly"]},{"cards_removed":["Machine Learning"],"damage_healed":23.0,"max_hp_gain":10.0,"max_hp_loss":0.0,"gold_gain":0.0,"event_name":"Bonfire Elementals","player_choice":"Offered Rare","floor":29.0,"gold_loss":0.0,"damage_taken":0.0}],"is_beta":true,"boss_relics":[{"not_picked":["Eternal Feather","White Beast Statue"],"picked":"Nuclear Battery"}],"items_purged_floors":[5],"is_endless":false,"potions_floor_spawned":[1,7,8,22,31],"killed_by":"Collector","ascension_level":20}