{"gold_per_floor":[109,129,143,69,81,81,13,42,42,42,72,72,72,99,99,199,199,210,210,51,51,61,61,61],"floor_reached":24,"playtime":1090,"items_purged":["Strike_B"],"score":374,"play_id":"5b118eb9-cb87-484f-8f49-cd03922d56fe","local_time":"20190702004104","is_ascension_mode":true,"campfire_choices":[{"data":"Defragment","floor":6,"key":"SMITH"},{"data":"Defragment","floor":10,"key":"SMITH"},{"data":"Loop","floor":15,"key":"SMITH"},{"floor":23,"key":"REST"}],"neow_cost":"TEN_PERCENT_HP_LOSS","seed_source_timestamp":20333258047400,"circlet_count":0,"master_deck":["Strike_B","Defend_B","Defend_B","Zap","Dualcast","Coolheaded","Coolheaded","Darkness","Defragment+1","Gash","Defragment+1","Redo","Loop+1","Beam Cell","Seek","Defragment","Cold Snap","Barrage+1"],"relics":["Cracked Core","Oddly Smooth Stone","Lantern","Matryoshka","Busted Crown"],"potions_floor_usage":[8,8,16,24],"damage_taken":[{"damage":1,"enemies":"Cultist","floor":1,"turns":3},{"damage":7,"enemies":"2 Louse","floor":2,"turns":2},{"damage":3,"enemies":"Small Slimes","floor":3,"turns":4},{"damage":9,"enemies":"Red Slaver","floor":5,"turns":5},{"damage":15,"enemies":"3 Sentries","floor":8,"turns":8},{"damage":0,"enemies":"Lagavulin","floor":14,"turns":6},{"damage":0,"enemies":"Slime Boss","floor":16,"turns":10},{"damage":0,"enemies":"Spheric Guardian","floor":18,"turns":6},{"damage":28,"enemies":"Colosseum Slavers","floor":19,"turns":5},{"damage":32,"enemies":"3 Byrds","floor":22,"turns":5},{"damage":30,"enemies":"Gremlin Leader","floor":24,"turns":2}],"seed_played":"6128085405736285898","potions_obtained":[{"floor":3,"key":"Regen Potion"},{"floor":5,"key":"Block Potion"},{"floor":14,"key":"Swift Potion"},{"floor":22,"key":"LiquidBronze"}],"is_trial":false,"path_per_floor":["M","M","M","$","M","R","$","E","T","R","?","$","?","E","R","B",null,"M","?","$","?","M","R","E"],"character_chosen":"DEFECT","items_purchased":["Defragment","Loop","Defragment","Cold Snap"],"campfire_rested":1,"item_purchase_floors":[4,7,20,20],"current_hp_per_floor":[67,60,57,57,48,48,48,48,48,48,48,48,48,48,48,48,63,63,35,35,35,3,23,0],"gold":61,"neow_bonus":"TRANSFORM_TWO_CARDS","is_prod":false,"is_daily":false,"chose_seed":false,"campfire_upgraded":3,"win_rate":0,"timestamp":1561995664,"path_taken":["M","?","M","$","M","R","$","E","T","R","?","$","?","E","R","BOSS","M","?","$","?","M","R","E"],"build_version":"2019-01-23","purchased_purges":1,"victory":false,"max_hp_per_floor":[68,68,68,68,68,68,68,68,68,68,68,68,68,68,68,68,68,68,68,68,68,68,68,68],"card_choices":[{"not_picked":["Rebound","Chaos"],"picked":"Darkness","floor":1},{"not_picked":["Beam Cell","Ball Lightning"],"picked":"Defragment","floor":2},{"not_picked":["White Noise","Compile Driver"],"picked":"Gash","floor":3},{"not_picked":["Auto Shields","Recycle"],"picked":"Redo","floor":5},{"not_picked":["Darkness","Streamline","Sweeping Beam"],"picked":"SKIP","floor":8},{"not_picked":["Stack","Turbo"],"picked":"Beam Cell","floor":14},{"not_picked":["Electrodynamics","Hyperbeam"],"picked":"Seek","floor":16},{"not_picked":["Hologram"],"picked":"SKIP","floor":18},{"not_picked":[],"picked":"Barrage+1","floor":22}],"player_experience":126786,"relics_obtained":[{"floor":8,"key":"Oddly Smooth Stone"},{"floor":9,"key":"Lantern"},{"floor":14,"key":"Matryoshka"}],"event_choices":[{"damage_healed":0,"gold_gain":30,"player_choice":"Searched \u00271\u0027 times","damage_taken":0,"max_hp_gain":0,"max_hp_loss":0,"event_name":"Dead Adventurer","floor":11,"gold_loss":0},{"cards_removed":["Strike_B"],"damage_healed":0,"gold_gain":0,"player_choice":"Offered Basic","damage_taken":0,"max_hp_gain":0,"max_hp_loss":0,"event_name":"Bonfire Elementals","floor":13,"gold_loss":0},{"damage_healed":0,"gold_gain":0,"player_choice":"Fight","damage_taken":0,"max_hp_gain":0,"max_hp_loss":0,"event_name":"Colosseum","floor":19,"gold_loss":0},{"damage_healed":0,"gold_gain":0,"player_choice":"Fled From Nobs","damage_taken":0,"max_hp_gain":0,"max_hp_loss":0,"event_name":"Colosseum","floor":19,"gold_loss":0},{"cards_removed":["Strike_B"],"damage_healed":0,"gold_gain":0,"player_choice":"Card Removal","damage_taken":0,"max_hp_gain":0,"max_hp_loss":0,"event_name":"Wheel of Change","floor":21,"gold_loss":0}],"is_beta":false,"boss_relics":[{"not_picked":["Eternal Feather","Tiny House"],"picked":"Busted Crown"}],"items_purged_floors":[20],"is_endless":false,"potions_floor_spawned":[3,5,14,22],"killed_by":"Gremlin Leader","ascension_level":7}