{"gold_per_floor":[213,45,65,65,83,83,113,123,192,192,1,1,21,31,31,103,103,103,53,53,27,27,27,27,27,27,27,27,27,27,27,27,27],"floor_reached":33,"playtime":1124,"items_purged":[],"score":574,"play_id":"aaf2cda3-13e5-41bd-ba3c-4280fb110208","local_time":"20190727200248","is_ascension_mode":true,"campfire_choices":[{"data":"Zap","floor":6,"key":"SMITH"},{"data":"Ball Lightning","floor":10,"key":"SMITH"},{"data":"Compile Driver","floor":15,"key":"SMITH"},{"data":"Coolheaded","floor":23,"key":"SMITH"},{"data":"Conserve Battery","floor":25,"key":"SMITH"},{"floor":32,"key":"REST"}],"neow_cost":"NONE","seed_source_timestamp":22215155838026,"circlet_count":0,"master_deck":["AscendersBane","Strike_B","Strike_B","Strike_B","Defend_B","Defend_B","Defend_B","Defend_B","Zap+1","Dualcast","Ball Lightning+1","BootSequence","Conserve Battery+1","FTL","Cold Snap","Compile Driver+1","Glacier","Cold Snap","Reinforced Body","Electrodynamics","Self Repair+1","Gash","Coolheaded+1","Undo+1","Chill+1","RitualDagger","Sweeping Beam","Double Energy+1"],"relics":["Cracked Core","Orichalcum","Incense Burner","Kunai","Ectoplasm","Strawberry","Vajra","Blood Vial"],"potions_floor_usage":[7,24,24],"damage_taken":[{"damage":0,"enemies":"2 Louse","floor":1,"turns":2},{"damage":0,"enemies":"Cultist","floor":3,"turns":3},{"damage":0,"enemies":"Small Slimes","floor":5,"turns":2},{"damage":4,"enemies":"3 Sentries","floor":7,"turns":6},{"damage":9,"enemies":"Gremlin Gang","floor":8,"turns":5},{"damage":0,"enemies":"Red Slaver","floor":13,"turns":2},{"damage":1,"enemies":"Looter","floor":14,"turns":2},{"damage":24,"enemies":"Hexaghost","floor":16,"turns":12},{"damage":2,"enemies":"3 Byrds","floor":18,"turns":2},{"damage":3,"enemies":"Spheric Guardian","floor":20,"turns":7},{"damage":10,"enemies":"Centurion and Healer","floor":22,"turns":9},{"damage":32,"enemies":"Book of Stabbing","floor":24,"turns":7},{"damage":4,"enemies":"3 Cultists","floor":29,"turns":6},{"damage":20,"enemies":"Snecko","floor":30,"turns":7},{"damage":29,"enemies":"Gremlin Leader","floor":31,"turns":9},{"damage":48,"enemies":"Automaton","floor":33,"turns":14}],"seed_played":"-5393466972108142241","potions_obtained":[{"floor":5,"key":"SteroidPotion"},{"floor":7,"key":"GamblersBrew"},{"floor":16,"key":"SpeedPotion"},{"floor":31,"key":"Strength Potion"}],"is_trial":false,"path_per_floor":["M","$","M","?","M","R","E","M","T","R","$","?","M","M","R","B",null,"M","?","M","$","M","R","E","R","T","?","?","M","M","E","R","B"],"character_chosen":"DEFECT","items_purchased":["Orichalcum","Cold Snap","Compile Driver","Glacier","Coolheaded"],"campfire_rested":1,"item_purchase_floors":[2,11,11,11,21],"current_hp_per_floor":[64,64,64,64,64,64,60,51,51,51,51,44,44,43,43,19,58,56,56,63,63,63,63,48,48,48,42,35,41,31,12,35,0],"gold":27,"neow_bonus":"HUNDRED_GOLD","is_prod":false,"is_daily":false,"chose_seed":false,"campfire_upgraded":5,"win_rate":0,"timestamp":1564250568,"path_taken":["M","$","M","?","M","R","E","M","T","R","$","?","M","M","R","BOSS","M","?","?","$","M","R","E","R","T","?","?","M","?","E","R","BOSS"],"build_version":"2019-07-18","purchased_purges":0,"victory":false,"max_hp_per_floor":[71,71,71,71,71,71,71,71,71,71,71,71,71,71,71,71,71,71,71,71,71,71,71,78,78,78,78,78,78,78,78,78,78],"card_choices":[{"not_picked":["Streamline","Self Repair"],"picked":"Ball Lightning","floor":1},{"not_picked":["Tempest","White Noise"],"picked":"BootSequence","floor":3},{"not_picked":["Lockon","Streamline","Stack"],"picked":"SKIP","floor":5},{"not_picked":["Rebound","Amplify"],"picked":"Conserve Battery","floor":7},{"not_picked":["Barrage","Heatsinks"],"picked":"FTL","floor":8},{"not_picked":["Steam","Hologram"],"picked":"Cold Snap","floor":13},{"not_picked":["Streamline","Double Energy"],"picked":"Reinforced Body","floor":14},{"not_picked":["Meteor Strike","Echo Form"],"picked":"Electrodynamics","floor":16},{"not_picked":["Streamline+1","Steam"],"picked":"Self Repair","floor":18},{"not_picked":["Go for the Eyes","Compile Driver"],"picked":"Gash","floor":20},{"not_picked":["Self Repair","Leap"],"picked":"Undo+1","floor":22},{"not_picked":["Reboot","Coolheaded"],"picked":"Chill+1","floor":24},{"not_picked":["Doom and Gloom","Streamline+1"],"picked":"Sweeping Beam","floor":29},{"not_picked":["Redo","Force Field","Aggregate"],"picked":"SKIP","floor":30},{"not_picked":["Darkness","Turbo"],"picked":"Double Energy+1","floor":31}],"player_experience":1927249,"relics_obtained":[{"floor":7,"key":"Incense Burner"},{"floor":9,"key":"Kunai"},{"floor":24,"key":"Strawberry"},{"floor":26,"key":"Vajra"},{"floor":31,"key":"Blood Vial"}],"event_choices":[{"damage_healed":0,"gold_gain":0,"player_choice":"Ignored","damage_taken":0,"max_hp_gain":0,"max_hp_loss":0,"event_name":"Liars Game","floor":4,"gold_loss":0},{"cards_removed":["Strike_B"],"damage_healed":0,"gold_gain":0,"player_choice":"Card Removal","damage_taken":7,"max_hp_gain":0,"max_hp_loss":0,"event_name":"Golden Wing","floor":12,"gold_loss":0},{"damage_healed":0,"gold_gain":0,"player_choice":"Upgrade","damage_taken":0,"max_hp_gain":0,"max_hp_loss":0,"event_name":"Designer","floor":19,"gold_loss":50,"cards_upgraded":["Self Repair"]},{"damage_healed":0,"gold_gain":0,"player_choice":"Joined the Cult","damage_taken":6,"max_hp_gain":0,"max_hp_loss":0,"event_name":"Nest","floor":27,"gold_loss":0,"cards_obtained":["RitualDagger"]},{"damage_healed":0,"gold_gain":0,"player_choice":"","damage_taken":7,"max_hp_gain":0,"max_hp_loss":0,"event_name":"Knowing Skull","floor":28,"potions_obtained":[],"gold_loss":0,"cards_obtained":[]}],"is_beta":true,"boss_relics":[{"not_picked":["Orrery","Velvet Choker"],"picked":"Ectoplasm"}],"items_purged_floors":[],"is_endless":false,"potions_floor_spawned":[5,7,16,18,22,31],"killed_by":"Automaton","ascension_level":20}