{"gold_per_floor":[113,113,41,59,134,175,193,231,231,244,244],"floor_reached":11,"playtime":711,"items_purged":[],"score":91,"play_id":"d03a88ad-5fd3-4911-ae25-74a5cf50ab15","local_time":"20190701042059","is_ascension_mode":true,"campfire_choices":[],"neow_cost":"NONE","seed_source_timestamp":103098918212301,"circlet_count":0,"master_deck":["Strike_B","Strike_B","Strike_B","Strike_B","Defend_B","Defend_B","Defend_B","Defend_B","Zap","Dualcast","Hologram","Self Repair","Rebound","Defragment","Coolheaded","Defragment"],"relics":["Nuclear Battery","Golden Idol","Vajra","Symbiotic Virus","Bottled Tornado"],"potions_floor_usage":[8,8,8,8,11,11],"damage_taken":[{"damage":0,"enemies":"2 Louse","floor":1,"turns":3},{"damage":2,"enemies":"Jaw Worm","floor":4,"turns":5},{"damage":48,"enemies":"3 Sentries","floor":6,"turns":11},{"damage":1,"enemies":"Cultist","floor":7,"turns":3},{"damage":4,"enemies":"Lagavulin","floor":8,"turns":5},{"damage":10,"enemies":"Exordium Wildlife","floor":10,"turns":4},{"damage":39,"enemies":"Gremlin Nob","floor":11,"turns":4}],"seed_played":"1172202233731581250","potions_obtained":[{"floor":1,"key":"AttackPotion"},{"floor":6,"key":"Strength Potion"},{"floor":7,"key":"EntropicBrew"}],"is_trial":false,"path_per_floor":["M","?","$","M","?","E","M","E","T","M","E"],"character_chosen":"DEFECT","items_purchased":["Self Repair"],"campfire_rested":0,"item_purchase_floors":[3],"current_hp_per_floor":[75,57,57,62,55,14,20,23,23,20,0],"gold":244,"neow_bonus":"BOSS_RELIC","is_prod":false,"is_daily":false,"chose_seed":false,"campfire_upgraded":0,"win_rate":0,"timestamp":1561922459,"path_taken":["M","?","$","M","?","E","M","E","T","M","E"],"build_version":"2019-01-23","purchased_purges":0,"victory":false,"max_hp_per_floor":[75,75,75,75,75,75,75,75,75,75,75],"card_choices":[{"not_picked":["Beam Cell","Stack"],"picked":"Hologram","floor":1},{"not_picked":["Turbo","Hello World","Lockon"],"picked":"SKIP","floor":4},{"not_picked":["Heatsinks","Sweeping Beam"],"picked":"Rebound","floor":6},{"not_picked":["Leap","Lockon"],"picked":"Defragment","floor":7},{"not_picked":["Sunder","Steam"],"picked":"Coolheaded","floor":8},{"not_picked":["Coolheaded","Barrage"],"picked":"Defragment","floor":10}],"player_experience":86068,"relics_obtained":[{"floor":6,"key":"Vajra"},{"floor":8,"key":"Symbiotic Virus"},{"floor":9,"key":"Bottled Tornado"}],"event_choices":[{"damage_healed":0,"gold_gain":0,"player_choice":"Take Damage","damage_taken":18,"relics_obtained":["Golden Idol"],"max_hp_gain":0,"max_hp_loss":0,"event_name":"Golden Idol","floor":2,"gold_loss":0},{"damage_healed":0,"gold_gain":75,"player_choice":"Touch","damage_taken":7,"max_hp_gain":0,"max_hp_loss":0,"event_name":"FaceTrader","floor":5,"gold_loss":0}],"is_beta":false,"boss_relics":[],"items_purged_floors":[],"is_endless":false,"potions_floor_spawned":[1,6,7],"killed_by":"Gremlin Nob","ascension_level":2}