{"gold_per_floor":[116,44,63,73,88,88,100,131,154,52,52,79,79,107,107,203,203,213,213,113,113,128,163,163,173,173,207,207,218,218,218,218,313,313,331,343,65,75,75],"floor_reached":39,"playtime":2761,"items_purged":["Strike_B","Shame"],"score":527,"play_id":"4ab822e4-303e-4700-b4fe-322f2e932559","local_time":"20190609202231","is_ascension_mode":true,"campfire_choices":[{"data":"Auto Shields","floor":6.0,"key":"SMITH"},{"data":"Dualcast","floor":11.0,"key":"SMITH"},{"data":"Steam","floor":13.0,"key":"SMITH"},{"floor":15.0,"key":"REST"},{"floor":24.0,"key":"REST"},{"floor":30.0,"key":"REST"},{"floor":32.0,"key":"REST"}],"neow_cost":"NONE","seed_source_timestamp":0,"circlet_count":0,"master_deck":["Strike_B+1","Strike_B+1","Strike_B+1","Defend_B+1","Defend_B+1","Defend_B+1","Defend_B+1","Zap","Dualcast+1","Echo Form","Ball Lightning","Auto Shields+1","Go for the Eyes","Go for the Eyes+1","Steam+1","Seek","Streamline+1","Conserve Battery","Thunder Strike+1","White Noise+1","Double Energy+1","Glacier","Reinforced Body"],"special_seed":0,"relics":["Cracked Core","Molten Egg 2","Strawberry","Bronze Scales","Lantern","Fusion Hammer","Pocketwatch","Symbiotic Virus","Bottled Lightning","Juzu Bracelet","Cursed Key","Matryoshka"],"potions_floor_usage":[],"damage_taken":[{"damage":1.0,"enemies":"2 Louse","floor":1.0,"turns":3.0},{"damage":12.0,"enemies":"Small Slimes","floor":3.0,"turns":2.0},{"damage":3.0,"enemies":"Jaw Worm","floor":4.0,"turns":4.0},{"damage":5.0,"enemies":"Blue Slaver","floor":5.0,"turns":3.0},{"damage":0.0,"enemies":"Large Slime","floor":7.0,"turns":4.0},{"damage":12.0,"enemies":"Lagavulin","floor":8.0,"turns":8.0},{"damage":12.0,"enemies":"3 Sentries","floor":12.0,"turns":5.0},{"damage":15.0,"enemies":"Gremlin Nob","floor":14.0,"turns":4.0},{"damage":27.0,"enemies":"The Guardian","floor":16.0,"turns":11.0},{"damage":7.0,"enemies":"3 Byrds","floor":18.0,"turns":3.0},{"damage":10.0,"enemies":"Spheric Guardian","floor":22.0,"turns":4.0},{"damage":3.0,"enemies":"Book of Stabbing","floor":23.0,"turns":4.0},{"damage":8.0,"enemies":"Shelled Parasite and Fungi","floor":25.0,"turns":5.0},{"damage":14.0,"enemies":"Slavers","floor":27.0,"turns":4.0},{"damage":31.0,"enemies":"Cultist and Chosen","floor":29.0,"turns":5.0},{"damage":53.0,"enemies":"Collector","floor":33.0,"turns":11.0},{"damage":2,"enemies":"3 Shapes","floor":35,"turns":6},{"damage":14,"enemies":"3 Darklings","floor":36,"turns":4},{"damage":23,"enemies":"Spire Growth","floor":38,"turns":5},{"damage":56,"enemies":"Transient","floor":39,"turns":4}],"seed_played":"6988469984364127870","potions_obtained":[{"floor":3.0,"key":"Explosive Potion"},{"floor":5.0,"key":"SpeedPotion"},{"floor":7.0,"key":"LiquidBronze"},{"floor":8.0,"key":"FocusPotion"},{"floor":16.0,"key":"AttackPotion"},{"floor":18.0,"key":"PowerPotion"},{"floor":22.0,"key":"Fruit Juice"},{"floor":23.0,"key":"FearPotion"}],"is_trial":false,"path_per_floor":["M","$","M","M","M","R","M","E","T","$","R","E","R","E","R","B",null,"M","?","$","?","M","E","R","M","T","E","$","M","R","$","R","B",null,"M","M","$","M","M"],"character_chosen":"DEFECT","items_purchased":["Auto Shields","Go for the Eyes+1","Glacier","Matryoshka"],"campfire_rested":4,"item_purchase_floors":[2,10,37,37],"current_hp_per_floor":[74,74,62,59,54,54,54,42,49,49,49,37,37,22,46,19,82,75,75,75,75,70,67,87,79,79,65,65,34,60,60,86,33,87,85,71,71,48,0],"gold":75,"neow_bonus":"ONE_RANDOM_RARE_CARD","is_prod":false,"is_daily":false,"chose_seed":false,"campfire_upgraded":3,"win_rate":0,"timestamp":1560129751,"path_taken":["M","$","M","M","M","R","M","E","T","$","R","E","R","E","R","BOSS","M","?","$","?","M","E","R","M","T","E","?","M","R","$","R","BOSS","M","M","$","M","M"],"build_version":"2019-01-23","purchased_purges":2,"victory":false,"max_hp_per_floor":[75,75,75,75,75,75,75,75,82,82,82,82,82,82,82,82,82,82,82,82,82,87,87,87,87,87,87,87,87,87,87,87,87,87,87,87,87,87,87],"card_choices":[{"not_picked":["Go for the Eyes","Leap"],"picked":"Ball Lightning","floor":1.0},{"not_picked":["White Noise","Sunder","Stack"],"picked":"SKIP","floor":3.0},{"not_picked":["Chill","Force Field","Static Discharge"],"picked":"SKIP","floor":4.0},{"not_picked":["Rebound","Ball Lightning","Turbo"],"picked":"SKIP","floor":5.0},{"not_picked":["Coolheaded","Thunder Strike"],"picked":"Go for the Eyes","floor":7.0},{"not_picked":["Fusion","Heatsinks","Gash"],"picked":"SKIP","floor":8.0},{"not_picked":["Loop","Conserve Battery"],"picked":"Steam","floor":12.0},{"not_picked":["Loop","Coolheaded","Blizzard+1"],"picked":"SKIP","floor":14.0},{"not_picked":["Core Surge+1","Biased Cognition"],"picked":"Seek","floor":16.0},{"not_picked":["Compile Driver+1","Stack"],"picked":"Streamline+1","floor":18.0},{"not_picked":["Steam Power+1","Ball Lightning+1"],"picked":"Conserve Battery","floor":22.0},{"not_picked":["Rip and Tear+1","Conserve Battery+1","Sweeping Beam+1"],"picked":"SKIP","floor":23.0},{"not_picked":["Steam","Stack","Leap"],"picked":"SKIP","floor":25.0},{"not_picked":["Conserve Battery","Force Field","Sweeping Beam+1"],"picked":"SKIP","floor":27.0},{"not_picked":["Gash+1","Ball Lightning+1","Sweeping Beam+1"],"picked":"SKIP","floor":29.0},{"not_picked":["Electrodynamics","Seek"],"picked":"Thunder Strike+1","floor":33.0},{"not_picked":["Lockon+1","Rebound+1"],"picked":"White Noise+1","floor":35},{"not_picked":["Leap","Stack"],"picked":"Double Energy+1","floor":36},{"not_picked":["Consume+1","Barrage+1"],"picked":"Reinforced Body","floor":38}],"player_experience":343253,"relics_obtained":[{"floor":8.0,"key":"Molten Egg 2"},{"floor":9.0,"key":"Strawberry"},{"floor":12.0,"key":"Bronze Scales"},{"floor":14.0,"key":"Lantern"},{"floor":23.0,"key":"Symbiotic Virus"},{"floor":26.0,"key":"Bottled Lightning"},{"floor":27.0,"key":"Juzu Bracelet"}],"event_choices":[{"damage_healed":0.0,"max_hp_gain":0.0,"max_hp_loss":0.0,"gold_gain":0.0,"event_name":"Addict","player_choice":"Stole Relic","floor":19.0,"gold_loss":0.0,"damage_taken":0.0,"relics_obtained":["Pocketwatch"],"cards_obtained":["Shame"]},{"damage_healed":0.0,"max_hp_gain":0.0,"max_hp_loss":0.0,"gold_gain":0.0,"event_name":"Back to Basics","player_choice":"Simplicity","floor":21.0,"gold_loss":0.0,"damage_taken":0.0,"cards_upgraded":["Strike_B","Strike_B","Strike_B","Defend_B","Defend_B","Defend_B","Defend_B"]}],"is_beta":false,"boss_relics":[{"not_picked":["Runic Pyramid","Calling Bell"],"picked":"Fusion Hammer"},{"not_picked":["FrozenCore","Coffee Dripper"],"picked":"Cursed Key"}],"items_purged_floors":[10,20],"is_endless":false,"potions_floor_spawned":[3,5,7,8,16,18,22,23],"killed_by":"Transient","ascension_level":4}