{"gold_per_floor":[17,17,17,30,43,43,86,86,161,161,177,127,127,165,165,284,284,309,323,50,50,81,125,148,163,163,163,197,220,220,235,235,363,363,376,501,514,439,439,439,480,494,494,513,552,552,565,598,598,598],"floor_reached":51,"playtime":11351,"items_purged":["Strike_G+1"],"score":798,"play_id":"788ce0b8-062f-4f17-85f4-090b73235221","local_time":"20190804214352","is_ascension_mode":true,"campfire_choices":[{"data":"Footwork","floor":6,"key":"SMITH"},{"data":"Glass Knife","floor":8,"key":"SMITH"},{"floor":13,"key":"REST"},{"data":"Neutralize","floor":15,"key":"SMITH"},{"data":"Blind","floor":27,"key":"SMITH"},{"data":"The Bomb","floor":30,"key":"SMITH"},{"data":"Bullet Time","floor":32,"key":"SMITH"},{"data":"Survivor","floor":40,"key":"SMITH"},{"data":"Acrobatics","floor":46,"key":"SMITH"},{"data":"Prepared","floor":49,"key":"SMITH"}],"neow_cost":"NO_GOLD","seed_source_timestamp":268896157147800,"circlet_count":0,"master_deck":["Defend_G+1","Defend_G+1","Defend_G+1","Defend_G+1","Defend_G+1","Survivor+1","Neutralize+1","Footwork+1","Prepared+1","Glass Knife+1","Malaise","Well Laid Plans+1","Doppelganger+1","Bane+1","Crippling Poison+1","Tactician","The Bomb+1","Blind+1","Acrobatics+1","Bullet Time+1","Deflect+1","Well Laid Plans","Backflip+1","Expertise+1","Prepared+1","Backflip+1"],"relics":["Ring of the Snake","Incense Burner","Golden Idol","Juzu Bracelet","Meat on the Bone","Bottled Flame","Astrolabe","Red Mask","Ninja Scroll","Bird Faced Urn","Sozu","Prayer Wheel","Question Card","Mummified Hand","Happy Flower","Kunai"],"potions_floor_usage":[7,22,28,33],"damage_taken":[{"damage":0,"enemies":"2 Louse","floor":1,"turns":4},{"damage":0,"enemies":"Small Slimes","floor":4,"turns":6},{"damage":5,"enemies":"Jaw Worm","floor":5,"turns":6},{"damage":23,"enemies":"Lagavulin","floor":7,"turns":12},{"damage":0,"enemies":"Exordium Wildlife","floor":11,"turns":2},{"damage":15,"enemies":"Gremlin Nob","floor":14,"turns":4},{"damage":42,"enemies":"Slime Boss","floor":16,"turns":23},{"damage":2,"enemies":"3 Byrds","floor":18,"turns":6},{"damage":0,"enemies":"Spheric Guardian","floor":19,"turns":6},{"damage":0,"enemies":"Masked Bandits","floor":22,"turns":5},{"damage":17,"enemies":"Slavers","floor":23,"turns":5},{"damage":5,"enemies":"Shelled Parasite and Fungi","floor":24,"turns":6},{"damage":0,"enemies":"Cultist and Chosen","floor":25,"turns":9},{"damage":3,"enemies":"Book of Stabbing","floor":28,"turns":9},{"damage":0,"enemies":"Chosen and Byrds","floor":29,"turns":6},{"damage":2,"enemies":"Snecko","floor":31,"turns":5},{"damage":14,"enemies":"Champ","floor":33,"turns":13},{"damage":0,"enemies":"3 Shapes","floor":35,"turns":3},{"damage":4,"enemies":"Mind Bloom Boss Battle","floor":36,"turns":8},{"damage":0,"enemies":"Orb Walker","floor":37,"turns":5},{"damage":28,"enemies":"Nemesis","floor":41,"turns":9},{"damage":0,"enemies":"Writhing Mass","floor":42,"turns":8},{"damage":0,"enemies":"4 Shapes","floor":44,"turns":5},{"damage":0,"enemies":"Reptomancer","floor":45,"turns":7},{"damage":0,"enemies":"Maw","floor":47,"turns":7},{"damage":10,"enemies":"Nemesis","floor":48,"turns":5},{"damage":1,"enemies":"Donu and Deca","floor":50,"turns":14}],"seed_played":"-8103990150228819628","potions_obtained":[{"floor":5,"key":"Fruit Juice"},{"floor":7,"key":"Ancient Potion"},{"floor":16,"key":"Ancient Potion"},{"floor":19,"key":"LiquidBronze"},{"floor":23,"key":"PowerPotion"},{"floor":25,"key":"Regen Potion"},{"floor":28,"key":"SpeedPotion"},{"floor":33,"key":"SkillPotion"}],"is_trial":false,"path_per_floor":["M","?","?","M","M","R","E","R","T","?","M","?","R","E","R","B",null,"M","M","$","?","?","E","M","M","T","R","E","M","R","M","R","B",null,"M","?","M","$","?","R","E","M","T","M","E","R","M","E","R","B",null],"character_chosen":"THE_SILENT","items_purchased":["The Bomb","Blind"],"campfire_rested":1,"item_purchase_floors":[20,20],"current_hp_per_floor":[70,53,70,70,65,65,47,47,47,32,44,44,66,51,51,21,75,73,73,73,73,73,56,51,51,51,51,63,67,67,69,69,61,75,75,71,75,75,75,75,51,57,57,63,69,69,75,65,65,70],"gold":598,"neow_bonus":"ONE_RARE_RELIC","is_prod":false,"is_daily":false,"chose_seed":false,"campfire_upgraded":9,"win_rate":0,"timestamp":1564922632,"path_taken":["M","?","?","M","M","R","E","R","T","?","M","?","R","E","R","BOSS","M","M","$","?","?","E","M","M","T","R","E","M","R","M","R","BOSS","M","?","M","$","?","R","E","M","T","M","E","R","M","E","R","BOSS"],"build_version":"2019-07-17","purchased_purges":1,"victory":true,"max_hp_per_floor":[70,70,70,70,70,70,75,75,75,75,75,75,75,75,75,75,75,75,75,75,75,75,75,75,75,75,75,75,75,75,75,75,75,75,75,75,75,75,75,75,75,75,75,75,75,75,75,75,75,75],"card_choices":[{"not_picked":["Flying Knee","Sucker Punch"],"picked":"Footwork","floor":1},{"not_picked":["Flying Knee","Sucker Punch"],"picked":"Prepared","floor":4},{"not_picked":["Deflect","Heel Hook"],"picked":"Poisoned Stab","floor":5},{"not_picked":["Finisher","Deadly Poison"],"picked":"Glass Knife","floor":7},{"not_picked":["Slice","Dagger Throw","Underhanded Strike"],"picked":"SKIP","floor":11},{"not_picked":["Underhanded Strike","Endless Agony","Slice"],"picked":"SKIP","floor":14},{"not_picked":["Bullet Time","Die Die Die"],"picked":"Malaise","floor":16},{"not_picked":["Deflect+1","Acrobatics"],"picked":"Crippling Poison+1","floor":18},{"not_picked":["Sucker Punch","Deflect"],"picked":"Tactician","floor":19},{"not_picked":["Accuracy+1","Backstab"],"picked":"Acrobatics","floor":22},{"not_picked":["Die Die Die","Dagger Spray"],"picked":"Bullet Time","floor":23},{"not_picked":["Cloak And Dagger","Underhanded Strike","Blade Dance"],"picked":"SKIP","floor":24},{"not_picked":["Blade Dance","Endless Agony","Predator"],"picked":"SKIP","floor":25},{"not_picked":["Terror","Bouncing Flask","Dagger Spray"],"picked":"SKIP","floor":28},{"not_picked":["Bouncing Flask","Prepared"],"picked":"Deflect+1","floor":29},{"not_picked":["Poisoned Stab","Sucker Punch"],"picked":"Well Laid Plans","floor":31},{"not_picked":["Deflect+1","Poisoned Stab+1"],"picked":"Backflip+1","floor":35},{"not_picked":["Outmaneuver+1","Quick Slash"],"picked":"Expertise+1","floor":37},{"not_picked":["PiercingWail","Cloak And Dagger+1","Well Laid Plans+1"],"picked":"SKIP","floor":37},{"not_picked":["Cloak And Dagger+1","Backstab+1","Well Laid Plans+1"],"picked":"SKIP","floor":41},{"not_picked":["Poisoned Stab+1","Bane","Cloak And Dagger+1","Slice+1"],"picked":"SKIP","floor":42},{"not_picked":["Blade Dance","Glass Knife","Bane+1","Dodge and Roll"],"picked":"SKIP","floor":42},{"not_picked":["Dodge and Roll","Crippling Poison+1","Masterful Stab"],"picked":"Prepared+1","floor":44},{"not_picked":["Slice","Flying Knee","Bane","Crippling Poison"],"picked":"SKIP","floor":44},{"not_picked":["Dagger Spray","Dash+1","Catalyst","Deflect+1"],"picked":"SKIP","floor":45},{"not_picked":["Outmaneuver+1","PiercingWail","Night Terror","Predator+1"],"picked":"SKIP","floor":47},{"not_picked":["Dagger Spray+1","Acrobatics+1","Prepared+1","Dash"],"picked":"SKIP","floor":47},{"not_picked":["Heel Hook+1","Dagger Spray","Deadly Poison"],"picked":"Backflip+1","floor":48}],"player_experience":120683,"relics_obtained":[{"floor":7,"key":"Juzu Bracelet"},{"floor":9,"key":"Meat on the Bone"},{"floor":14,"key":"Bottled Flame"},{"floor":22,"key":"Red Mask"},{"floor":23,"key":"Ninja Scroll"},{"floor":28,"key":"Bird Faced Urn"},{"floor":36,"key":"Prayer Wheel"},{"floor":41,"key":"Question Card"},{"floor":43,"key":"Mummified Hand"},{"floor":45,"key":"Happy Flower"},{"floor":48,"key":"Kunai"}],"event_choices":[{"damage_healed":0,"gold_gain":0,"player_choice":"Take Damage","damage_taken":17,"relics_obtained":["Golden Idol"],"max_hp_gain":0,"max_hp_loss":0,"event_name":"Golden Idol","floor":2,"gold_loss":0},{"damage_healed":23,"gold_gain":0,"player_choice":"Banana","damage_taken":0,"max_hp_gain":0,"max_hp_loss":0,"event_name":"Big Fish","floor":3,"gold_loss":0},{"damage_healed":0,"gold_gain":0,"player_choice":"Entered Light","damage_taken":15,"max_hp_gain":0,"max_hp_loss":0,"event_name":"Shining Light","floor":10,"gold_loss":0,"cards_upgraded":["Defend_G","Strike_G"]},{"cards_removed":["Strike_G"],"damage_healed":0,"gold_gain":0,"player_choice":"Card Removal","damage_taken":0,"max_hp_gain":0,"max_hp_loss":0,"event_name":"The Cleric","floor":12,"gold_loss":50},{"damage_healed":0,"gold_gain":0,"player_choice":"Simplicity","damage_taken":0,"max_hp_gain":0,"max_hp_loss":0,"event_name":"Back to Basics","floor":21,"gold_loss":0,"cards_upgraded":["Defend_G","Defend_G","Defend_G","Defend_G"]},{"damage_healed":0,"gold_gain":0,"player_choice":"Fought Bandits","damage_taken":0,"max_hp_gain":0,"max_hp_loss":0,"event_name":"Masked Bandits","floor":22,"gold_loss":0},{"damage_healed":0,"gold_gain":0,"player_choice":"Fight","damage_taken":0,"max_hp_gain":0,"max_hp_loss":0,"event_name":"MindBloom","floor":36,"gold_loss":0},{"cards_removed":["Poisoned Stab"],"damage_healed":0,"gold_gain":0,"player_choice":"Removed Attack","damage_taken":0,"max_hp_gain":0,"max_hp_loss":0,"event_name":"Falling","floor":39,"gold_loss":0}],"is_beta":false,"boss_relics":[{"not_picked":["Ectoplasm","Fusion Hammer"],"picked":"Astrolabe"},{"not_picked":["Snecko Eye","Calling Bell"],"picked":"Sozu"}],"items_purged_floors":[38],"is_endless":false,"potions_floor_spawned":[5,7,16,19,23,25,28,33,35,37,44,45,47],"ascension_level":1}