{"gold_per_floor":[210,221,221,5,5,36,36,36,60,75,89,114,134,152,152,152],"floor_reached":16,"playtime":353,"items_purged":[],"score":274,"play_id":"a31d6b93-2192-4e05-a754-58f4f50037f1","local_time":"20190727193144","is_ascension_mode":true,"campfire_choices":[{"floor":7,"key":"REST"},{"data":"Chaos","floor":15,"key":"SMITH"}],"neow_cost":"NONE","seed_source_timestamp":21098258066094,"circlet_count":0,"master_deck":["AscendersBane","Strike_B","Strike_B","Strike_B+1","Strike_B","Defend_B","Defend_B","Defend_B","Defend_B","Zap","Dualcast+1","Sweeping Beam+1","Sweeping Beam+1","Chaos+1","Zap","Multi-Cast","Cold Snap"],"special_seed":0,"relics":["Cracked Core","PreservedInsect","Singing Bowl","Whetstone","Anchor","Question Card"],"potions_floor_usage":[6,12,16],"damage_taken":[{"damage":2,"enemies":"Jaw Worm","floor":1,"turns":3},{"damage":5,"enemies":"2 Louse","floor":2,"turns":2},{"damage":10,"enemies":"3 Sentries","floor":6,"turns":5},{"damage":0,"enemies":"Cultist","floor":10,"turns":2},{"damage":4,"enemies":"Exordium Thugs","floor":11,"turns":3},{"damage":0,"enemies":"Gremlin Nob","floor":12,"turns":2},{"damage":7,"enemies":"Exordium Wildlife","floor":13,"turns":3},{"damage":0,"enemies":"Looter","floor":14,"turns":2},{"damage":46,"enemies":"The Guardian","floor":16,"turns":8}],"seed_played":"6312200028178309213","potions_obtained":[{"floor":6,"key":"Explosive Potion"},{"floor":10,"key":"PowerPotion"},{"floor":12,"key":"Energy Potion"}],"is_trial":false,"path_per_floor":["M","M","?","$","?","E","R","?","T","M","M","E","M","M","R","B"],"character_chosen":"DEFECT","items_purchased":["PreservedInsect","AttackPotion"],"campfire_rested":1,"item_purchase_floors":[4,4],"current_hp_per_floor":[62,57,36,36,31,21,42,42,42,44,40,42,37,39,39,0],"gold":152,"neow_bonus":"HUNDRED_GOLD","is_prod":false,"is_daily":false,"chose_seed":false,"campfire_upgraded":1,"win_rate":0,"timestamp":1564248704,"path_taken":["M","M","?","$","?","E","R","?","T","M","M","E","?","M","R","BOSS"],"build_version":"2019-07-18","purchased_purges":0,"victory":false,"max_hp_per_floor":[71,71,71,71,71,71,71,71,71,73,73,75,77,79,79,79],"card_choices":[{"not_picked":["Redo","Chill"],"picked":"Sweeping Beam","floor":1},{"not_picked":["Aggregate","Streamline"],"picked":"Sweeping Beam","floor":2},{"not_picked":["Stack","Reinforced Body"],"picked":"Chaos","floor":6},{"not_picked":["White Noise","Blizzard","Hologram"],"picked":"Singing Bowl","floor":10},{"not_picked":["Leap","Barrage"],"picked":"Cold Snap","floor":11},{"not_picked":["Sweeping Beam","Consume","Skim"],"picked":"Singing Bowl","floor":12},{"not_picked":["Lockon","Hello World","Cold Snap","Coolheaded"],"picked":"Singing Bowl","floor":13},{"not_picked":["Go for the Eyes","Scrape","Redo","Streamline"],"picked":"Singing Bowl","floor":14}],"player_experience":1926180,"relics_obtained":[{"floor":6,"key":"Whetstone"},{"floor":9,"key":"Anchor"},{"floor":12,"key":"Question Card"}],"event_choices":[{"damage_healed":0,"gold_gain":0,"player_choice":"Entered Light","damage_taken":21,"max_hp_gain":0,"max_hp_loss":0,"event_name":"Shining Light","floor":3,"gold_loss":0,"cards_upgraded":["Strike_B","Dualcast"]},{"damage_healed":0,"gold_gain":0,"player_choice":"Success","damage_taken":5,"relics_obtained":["Singing Bowl"],"max_hp_gain":0,"max_hp_loss":0,"event_name":"Scrap Ooze","floor":5,"gold_loss":0},{"damage_healed":0,"gold_gain":0,"player_choice":"2 cards matched","damage_taken":0,"max_hp_gain":0,"max_hp_loss":0,"event_name":"Match and Keep!","floor":8,"gold_loss":0,"cards_obtained":["Zap","Multi-Cast"]}],"is_beta":true,"boss_relics":[],"items_purged_floors":[],"is_endless":false,"potions_floor_spawned":[6,10,12,13],"killed_by":"The Guardian","ascension_level":20}