{"gold_per_floor":[110,129,129,129,141,141,6,32,32,32],"floor_reached":10,"playtime":182,"items_purged":[],"score":132,"play_id":"c97caabe-3de8-4d3f-97a7-02f74e0a2042","local_time":"20190703195954","is_ascension_mode":true,"campfire_choices":[{"floor":6,"key":"REST"}],"neow_cost":"TEN_PERCENT_HP_LOSS","seed_source_timestamp":1877667802378,"circlet_count":0,"master_deck":["AscendersBane","Strike_B","Strike_B","Strike_B","Strike_B+1","Defend_B","Defend_B","Defend_B+1","Defend_B","Zap","Dualcast","Cold Snap","Sweeping Beam","Sweeping Beam","Echo Form"],"relics":["Cracked Core","Calipers","Cables","Ornamental Fan","Symbiotic Virus"],"potions_floor_usage":[8],"damage_taken":[{"damage":9,"enemies":"Jaw Worm","floor":1,"turns":4},{"damage":1,"enemies":"Cultist","floor":2,"turns":3},{"damage":9,"enemies":"2 Louse","floor":5,"turns":2},{"damage":30,"enemies":"Lagavulin","floor":8,"turns":6},{"damage":15,"enemies":"Red Slaver","floor":10,"turns":3}],"seed_played":"-634596220470424084","potions_obtained":[{"floor":8,"key":"Strength Potion"}],"is_trial":false,"path_per_floor":["M","M","?","?","M","R","$","E","T","M"],"character_chosen":"DEFECT","items_purchased":["Regen Potion","Sweeping Beam"],"campfire_rested":1,"item_purchase_floors":[7,7],"current_hp_per_floor":[55,54,36,17,8,27,27,12,12,0],"gold":32,"neow_bonus":"ONE_RARE_RELIC","is_prod":false,"is_daily":false,"chose_seed":false,"campfire_upgraded":0,"win_rate":0,"timestamp":1562176794,"path_taken":["M","M","?","?","M","R","?","E","T","M"],"build_version":"2019-06-30","purchased_purges":0,"victory":false,"max_hp_per_floor":[64,64,64,64,64,64,64,64,64,64],"card_choices":[{"not_picked":["Stack","Hologram","Gash"],"picked":"SKIP","floor":1},{"not_picked":["Beam Cell","Coolheaded"],"picked":"Cold Snap","floor":2},{"not_picked":["Loop","Double Energy"],"picked":"Sweeping Beam","floor":5},{"not_picked":["Reinforced Body","Gash"],"picked":"Echo Form","floor":8}],"player_experience":1799178,"relics_obtained":[{"floor":8,"key":"Ornamental Fan"},{"floor":9,"key":"Symbiotic Virus"}],"event_choices":[{"damage_healed":0,"gold_gain":0,"player_choice":"Success","damage_taken":18,"relics_obtained":["Cables"],"max_hp_gain":0,"max_hp_loss":0,"event_name":"Scrap Ooze","floor":3,"gold_loss":0},{"damage_healed":0,"gold_gain":0,"player_choice":"Entered Light","damage_taken":19,"max_hp_gain":0,"max_hp_loss":0,"event_name":"Shining Light","floor":4,"gold_loss":0,"cards_upgraded":["Strike_B","Defend_B"]}],"is_beta":true,"boss_relics":[],"items_purged_floors":[],"is_endless":false,"potions_floor_spawned":[8],"killed_by":"Red Slaver","ascension_level":20}