{"gold_per_floor":[119,119,194,194,214,214,139,154,154,166,166,198,216,235,235,235],"floor_reached":16,"playtime":1366,"items_purged":["Strike_G"],"score":138,"play_id":"10cb4b6a-ac94-4d87-ac63-90ec80a7708a","local_time":"20190809174426","is_ascension_mode":true,"campfire_choices":[{"floor":6,"key":"REST"},{"floor":11,"key":"REST"},{"floor":15,"key":"REST"}],"neow_cost":"NONE","seed_source_timestamp":328540608373796,"circlet_count":0,"master_deck":["Strike_G","Strike_G+1","Strike_G","Defend_G","Defend_G","Defend_G","Defend_G","Survivor+1","Neutralize","Storm of Steel","Blur","Accuracy","Doppelganger","Leg Sweep","Crippling Poison","Poisoned Stab"],"relics":["Ring of the Snake","Letter Opener","Mummified Hand"],"potions_floor_usage":[12,12,13,13,16,16],"damage_taken":[{"damage":6,"enemies":"Small Slimes","floor":1,"turns":5},{"damage":0,"enemies":"Jaw Worm","floor":5,"turns":6},{"damage":0,"enemies":"2 Louse","floor":8,"turns":4},{"damage":18,"enemies":"Looter","floor":10,"turns":4},{"damage":13,"enemies":"Gremlin Nob","floor":12,"turns":4},{"damage":5,"enemies":"Gremlin Gang","floor":13,"turns":4},{"damage":4,"enemies":"Large Slime","floor":14,"turns":7},{"damage":38,"enemies":"Slime Boss","floor":16,"turns":12}],"seed_played":"-4443148921314384614","potions_obtained":[{"floor":1,"key":"PowerPotion"},{"floor":8,"key":"EntropicBrew"},{"floor":13,"key":"Explosive Potion"}],"is_trial":false,"path_per_floor":["M","?","?","?","M","R","$","M","T","M","R","E","M","M","R","B"],"character_chosen":"THE_SILENT","items_purchased":[],"campfire_rested":3,"item_purchase_floors":[],"current_hp_per_floor":[57,43,32,25,25,46,46,46,46,28,49,36,31,27,48,10],"gold":235,"neow_bonus":"TRANSFORM_CARD","is_prod":false,"is_daily":false,"chose_seed":false,"campfire_upgraded":0,"win_rate":0,"timestamp":1565397866,"path_taken":["M","?","?","?","M","R","?","M","T","M","R","E","?","M","R","BOSS"],"build_version":"2019-07-17","purchased_purges":1,"victory":false,"max_hp_per_floor":[70,70,70,70,70,70,70,70,70,70,70,70,70,70,70,70],"card_choices":[{"not_picked":["Eviscerate","Dodge and Roll"],"picked":"Blur","floor":1},{"not_picked":["Skewer","Dagger Spray"],"picked":"Accuracy","floor":5},{"not_picked":["Bane","Dash","Caltrops"],"picked":"SKIP","floor":8},{"not_picked":["Acrobatics","Flying Knee"],"picked":"Doppelganger","floor":10},{"not_picked":["Sucker Punch","Prepared"],"picked":"Leg Sweep","floor":12},{"not_picked":["Footwork","Deadly Poison"],"picked":"Crippling Poison","floor":13},{"not_picked":["Predator","Outmaneuver"],"picked":"Poisoned Stab","floor":14}],"player_experience":258241,"relics_obtained":[{"floor":9,"key":"Letter Opener"},{"floor":12,"key":"Mummified Hand"}],"event_choices":[{"damage_healed":0,"gold_gain":0,"player_choice":"Entered Light","damage_taken":14,"max_hp_gain":0,"max_hp_loss":0,"event_name":"Shining Light","floor":2,"gold_loss":0,"cards_upgraded":["Survivor","Strike_G"]},{"damage_healed":0,"gold_gain":75,"player_choice":"Gather Gold","damage_taken":11,"max_hp_gain":0,"max_hp_loss":0,"event_name":"World of Goop","floor":3,"gold_loss":0},{"cards_removed":["Defend_G"],"damage_healed":0,"gold_gain":0,"player_choice":"Card Removal","damage_taken":7,"max_hp_gain":0,"max_hp_loss":0,"event_name":"Golden Wing","floor":4,"gold_loss":0}],"is_beta":false,"boss_relics":[],"items_purged_floors":[7],"is_endless":false,"potions_floor_spawned":[1,8,13],"killed_by":"Slime Boss","ascension_level":7}