{"gold_per_floor":[118,137,137,62,74,105,105,119,119,119,139,139,156,168,168,268,268,286,43,43,43,63,63,83,83,106,122,122,138,156,255,255,360,360,372,472,490,74,90,90,104,104,104,104,124,124,55,155,155,155,155,155,28,58,58],"floor_reached":55,"playtime":3495,"items_purged":["Strike_B","Strike_B","Strike_B+1"],"score":776,"play_id":"0571dde5-7908-477e-94e2-5983f6cc8a75","local_time":"20190701204044","is_ascension_mode":true,"campfire_choices":[{"data":"Zap","floor":12.0,"key":"SMITH"},{"floor":15.0,"key":"REST"},{"data":"Loop","floor":23.0,"key":"SMITH"},{"data":"Defragment","floor":25.0,"key":"SMITH"},{"floor":28.0,"key":"REST"},{"data":"Leap","floor":32.0,"key":"SMITH"},{"data":"Glacier","floor":40.0,"key":"SMITH"},{"floor":42,"key":"RECALL"},{"data":"Strike_B+1","floor":44,"key":"PURGE"},{"data":"Cold Snap","floor":46,"key":"PURGE"},{"data":"Capacitor","floor":49,"key":"SMITH"},{"floor":52,"key":"REST"}],"neow_cost":"NONE","seed_source_timestamp":0,"circlet_count":0,"master_deck":["Defend_B+1","Defend_B+1","Zap+1","Dualcast+1","Ball Lightning","Loop+1","Self Repair","Defragment+1","Leap+1","Coolheaded+1","Gash","Hologram+1","Ball Lightning+1","Glacier+1","Go for the Eyes+1","Capacitor+1","Creative AI"],"special_seed":0,"relics":["Cracked Core","NeowsBlessing","Bottled Lightning","Matryoshka","Shuriken","Busted Crown","DataDisk","War Paint","Philosopher\u0027s Stone","Turnip","Calipers","Peace Pipe","Darkstone Periapt","Pantograph"],"potions_floor_usage":[50,54,54,54,55],"damage_taken":[{"damage":0.0,"enemies":"Jaw Worm","floor":1.0,"turns":1.0},{"damage":0.0,"enemies":"Cultist","floor":2.0,"turns":1.0},{"damage":0.0,"enemies":"Small Slimes","floor":5.0,"turns":1.0},{"damage":25.0,"enemies":"Lagavulin","floor":6.0,"turns":5.0},{"damage":26.0,"enemies":"3 Louse","floor":8.0,"turns":3.0},{"damage":17.0,"enemies":"Looter","floor":11.0,"turns":3.0},{"damage":5.0,"enemies":"2 Fungi Beasts","floor":13.0,"turns":3.0},{"damage":12.0,"enemies":"Exordium Wildlife","floor":14.0,"turns":3.0},{"damage":12.0,"enemies":"The Guardian","floor":16.0,"turns":10.0},{"damage":15.0,"enemies":"Shell Parasite","floor":18.0,"turns":5.0},{"damage":11.0,"enemies":"2 Thieves","floor":22.0,"turns":4.0},{"damage":12.0,"enemies":"Snecko","floor":24.0,"turns":5.0},{"damage":18.0,"enemies":"Shelled Parasite and Fungi","floor":27.0,"turns":4.0},{"damage":7.0,"enemies":"Centurion and Healer","floor":29.0,"turns":5.0},{"damage":7.0,"enemies":"Snake Plant","floor":30.0,"turns":3.0},{"damage":23.0,"enemies":"Champ","floor":33.0,"turns":11.0},{"damage":8.0,"enemies":"Orb Walker","floor":35.0,"turns":3.0},{"damage":8.0,"enemies":"Mind Bloom Boss Battle","floor":36.0,"turns":5.0},{"damage":8.0,"enemies":"3 Darklings","floor":37.0,"turns":6.0},{"damage":1.0,"enemies":"4 Shapes","floor":39.0,"turns":6.0},{"damage":18.0,"enemies":"Sphere and 2 Shapes","floor":41.0,"turns":4.0},{"damage":0,"enemies":"Transient","floor":45,"turns":5},{"damage":58,"enemies":"Donu and Deca","floor":50,"turns":14},{"damage":65,"enemies":"Shield and Spear","floor":54,"turns":15},{"damage":86,"enemies":"The Heart","floor":55,"turns":3}],"seed_played":"-2152727989439556149","potions_obtained":[{"floor":5.0,"key":"GamblersBrew"},{"floor":11.0,"key":"EntropicBrew"},{"floor":13.0,"key":"Block Potion"},{"floor":14.0,"key":"SteroidPotion"},{"floor":29.0,"key":"Regen Potion"},{"floor":30.0,"key":"EssenceOfSteel"},{"floor":36.0,"key":"SkillPotion"},{"floor":41.0,"key":"LiquidBronze"},{"floor":45,"key":"Energy Potion"},{"floor":54,"key":"Block Potion"}],"is_trial":false,"path_per_floor":["M","M","?","$","M","E","?","M","T","?","M","R","M","M","R","B",null,"M","$","?","?","M","R","M","R","T","M","R","M","M","?","R","B",null,"M","?","M","$","M","R","M","R","T","R","M","R","$","?","R","B",null,"R","$","E","B"],"character_chosen":"DEFECT","items_purchased":["DataDisk","Calipers","Capacitor","FocusPotion","Fire Potion"],"campfire_rested":3,"item_purchase_floors":[19,38,47,53,53],"current_hp_per_floor":[75,75,75,75,75,50,43,24,24,24,14,14,16,11,33,28,63,55,55,55,55,51,51,46,46,46,35,57,57,57,57,57,41,67,66,65,64,64,70,70,64,64,64,64,71,71,71,71,71,20,61,75,75,17,0],"gold":58,"neow_bonus":"THREE_ENEMY_KILL","is_prod":false,"is_daily":false,"chose_seed":false,"campfire_upgraded":6,"win_rate":0,"timestamp":1561981244,"path_taken":["M","M","?","$","?","E","?","M","T","?","M","R","M","M","R","BOSS","M","$","?","?","M","R","M","R","T","M","R","M","M","?","R","BOSS","M","?","M","$","M","R","M","R","T","R","M","R","$","?","R","BOSS","R","$","E","BOSS"],"build_version":"2019-01-23","purchased_purges":3,"victory":false,"max_hp_per_floor":[75,75,75,75,75,75,75,75,75,75,75,75,75,75,75,75,75,75,75,75,75,75,75,75,75,75,75,75,75,75,75,75,75,75,75,75,75,75,75,75,75,75,75,75,75,75,75,75,75,75,75,75,75,75,75],"card_choices":[{"not_picked":["Lockon","Stack"],"picked":"Ball Lightning","floor":1.0},{"not_picked":["Rebound","Go for the Eyes"],"picked":"Loop","floor":2.0},{"not_picked":["FTL","Barrage"],"picked":"Self Repair","floor":5.0},{"not_picked":["Gash","Rebound"],"picked":"Defragment","floor":6.0},{"not_picked":["Sweeping Beam","Turbo","Rebound"],"picked":"SKIP","floor":8.0},{"not_picked":["Rebound","Beam Cell"],"picked":"Leap","floor":11.0},{"not_picked":["Beam Cell","Aggregate"],"picked":"Cold Snap","floor":13.0},{"not_picked":["Core Surge","Redo"],"picked":"Coolheaded","floor":14.0},{"not_picked":["Cold Snap"],"picked":"SKIP","floor":18.0},{"not_picked":[],"picked":"Gash","floor":22.0},{"not_picked":[],"picked":"Hologram+1","floor":24.0},{"not_picked":["Stack"],"picked":"SKIP","floor":27.0},{"not_picked":["Barrage"],"picked":"SKIP","floor":29.0},{"not_picked":["Cold Snap"],"picked":"SKIP","floor":30.0},{"not_picked":["Turbo"],"picked":"SKIP","floor":35.0},{"not_picked":[],"picked":"Ball Lightning+1","floor":36.0},{"not_picked":[],"picked":"Glacier","floor":37.0},{"not_picked":["Coolheaded"],"picked":"SKIP","floor":39.0},{"not_picked":["Barrage+1"],"picked":"SKIP","floor":41.0},{"not_picked":["Go for the Eyes+1"],"picked":"SKIP","floor":45},{"not_picked":[],"picked":"Go for the Eyes+1","floor":45},{"not_picked":[],"picked":"Creative AI","floor":54}],"player_experience":111112,"relics_obtained":[{"floor":6.0,"key":"Bottled Lightning"},{"floor":9.0,"key":"Matryoshka"},{"floor":26.0,"key":"War Paint"},{"floor":36.0,"key":"Turnip"},{"floor":43,"key":"Peace Pipe"},{"floor":43,"key":"Darkstone Periapt"},{"floor":54,"key":"Pantograph"}],"event_choices":[{"cards_removed":["Defend_B"],"damage_healed":0.0,"max_hp_gain":0.0,"max_hp_loss":0.0,"gold_gain":0.0,"event_name":"Bonfire Elementals","player_choice":"Offered Basic","floor":3.0,"gold_loss":0.0,"damage_taken":0.0},{"cards_removed":["Defend_B"],"damage_healed":0.0,"max_hp_gain":0.0,"max_hp_loss":0.0,"gold_gain":0.0,"event_name":"Golden Wing","player_choice":"Card Removal","floor":7.0,"gold_loss":0.0,"damage_taken":7.0},{"damage_healed":0.0,"max_hp_gain":0.0,"max_hp_loss":0.0,"gold_gain":0.0,"event_name":"Dead Adventurer","player_choice":"Searched \u00271\u0027 times","floor":10.0,"gold_loss":0.0,"damage_taken":0.0,"relics_obtained":["Shuriken"]},{"damage_healed":0.0,"max_hp_gain":0.0,"max_hp_loss":0.0,"gold_gain":0.0,"event_name":"Back to Basics","player_choice":"Simplicity","floor":21.0,"gold_loss":0.0,"damage_taken":0.0,"cards_upgraded":["Strike_B","Strike_B","Defend_B","Defend_B"]},{"damage_healed":0.0,"max_hp_gain":0.0,"max_hp_loss":0.0,"gold_gain":99.0,"event_name":"Nest","player_choice":"Stole From Cult","floor":31.0,"gold_loss":0.0,"damage_taken":0.0},{"damage_healed":0.0,"max_hp_gain":0.0,"max_hp_loss":0.0,"gold_gain":0.0,"event_name":"MindBloom","player_choice":"Fight","floor":36.0,"gold_loss":0.0,"damage_taken":0.0},{"damage_healed":0,"gold_gain":100,"player_choice":"Pray","damage_taken":0,"max_hp_gain":0,"max_hp_loss":0,"event_name":"Golden Shrine","floor":48,"gold_loss":0}],"is_beta":false,"boss_relics":[{"not_picked":["Empty Cage","Snecko Eye"],"picked":"Busted Crown"},{"not_picked":["Pandora\u0027s Box","Eternal Feather"],"picked":"Philosopher\u0027s Stone"}],"items_purged_floors":[4,19,38],"is_endless":false,"potions_floor_spawned":[5,11,13,14,29,30,36,41,45,54],"killed_by":"The Heart","ascension_level":5}