{"gold_per_floor":[109,109,109,109,120,120,135,166,191,191,202,213,103,103,103,177,177,193,206,131,94,94,94,94],"floor_reached":24,"playtime":627,"items_purged":[],"score":388,"play_id":"67293db6-47fe-4442-bec5-4e32753ff27c","local_time":"20190807205653","is_ascension_mode":true,"campfire_choices":[{"floor":6,"key":"REST"},{"floor":10,"key":"REST"},{"floor":15,"key":"REST"},{"floor":23,"key":"REST"}],"neow_cost":"PERCENT_DAMAGE","seed_source_timestamp":16492274225080,"circlet_count":0,"master_deck":["AscendersBane","Strike_B","Strike_B+1","Defend_B","Zap","Dualcast+1","Biased Cognition","Gash","Auto Shields","Loop","Reinforced Body","Genetic Algorithm","Capacitor","Leap","Compile Driver","Biased Cognition","Loop","Loop","Rainbow","Core Surge","Skim"],"relics":["Cracked Core","Boot","Orichalcum","Empty Cage","Kunai"],"potions_floor_usage":[8,24,24],"damage_taken":[{"damage":3,"enemies":"2 Louse","floor":1,"turns":2},{"damage":7,"enemies":"Jaw Worm","floor":5,"turns":2},{"damage":0,"enemies":"Cultist","floor":7,"turns":2},{"damage":35,"enemies":"3 Sentries","floor":8,"turns":7},{"damage":10,"enemies":"Looter","floor":11,"turns":4},{"damage":3,"enemies":"Exordium Thugs","floor":12,"turns":4},{"damage":35,"enemies":"The Guardian","floor":16,"turns":12},{"damage":19,"enemies":"Spheric Guardian","floor":18,"turns":5},{"damage":31,"enemies":"Chosen","floor":19,"turns":5},{"damage":33,"enemies":"Snake Plant","floor":24,"turns":4}],"seed_played":"8430446178909523720","potions_obtained":[{"floor":5,"key":"Strength Potion"},{"floor":7,"key":"Poison Potion"},{"floor":12,"key":"FocusPotion"}],"is_trial":false,"path_per_floor":["M","?","?","$","M","R","M","E","T","R","M","M","$","?","R","B",null,"M","M","?","$","T","R","M"],"character_chosen":"DEFECT","items_purchased":["Capacitor","Leap","Skim"],"campfire_rested":4,"item_purchase_floors":[13,13,21],"current_hp_per_floor":[43,22,27,27,20,42,42,7,7,29,19,16,16,16,38,3,58,39,8,8,8,8,30,0],"gold":94,"neow_bonus":"THREE_RARE_CARDS","is_prod":false,"is_daily":false,"chose_seed":false,"campfire_upgraded":0,"win_rate":0,"timestamp":1565179013,"path_taken":["M","?","?","$","M","R","M","E","T","R","M","M","$","?","R","BOSS","M","?","?","$","?","R","M"],"build_version":"2019-07-17","purchased_purges":0,"victory":false,"max_hp_per_floor":[71,71,76,76,76,76,76,76,76,76,76,76,76,76,76,76,76,76,76,76,76,76,76,76],"card_choices":[{"not_picked":["Machine Learning","All For One"],"picked":"Biased Cognition","floor":0},{"not_picked":["Storm","Chaos"],"picked":"Gash","floor":1},{"not_picked":["FTL","Compile Driver","Rebound"],"picked":"SKIP","floor":5},{"not_picked":["Tempest","Static Discharge"],"picked":"Auto Shields","floor":7},{"not_picked":["Rebound","Hologram"],"picked":"Loop","floor":8},{"not_picked":["Streamline","Go for the Eyes"],"picked":"Reinforced Body","floor":11},{"not_picked":["Beam Cell","Streamline"],"picked":"Genetic Algorithm","floor":12},{"not_picked":["Reboot","Core Surge"],"picked":"Biased Cognition","floor":16},{"not_picked":["Streamline","Fusion"],"picked":"Loop","floor":18},{"not_picked":["Rip and Tear+1","Barrage+1"],"picked":"Loop","floor":19}],"player_experience":293253,"relics_obtained":[{"floor":8,"key":"Boot"},{"floor":9,"key":"Orichalcum"},{"floor":22,"key":"Kunai"}],"event_choices":[{"damage_healed":0,"gold_gain":0,"player_choice":"Entered Light","damage_taken":21,"max_hp_gain":0,"max_hp_loss":0,"event_name":"Shining Light","floor":2,"gold_loss":0,"cards_upgraded":["Strike_B","Dualcast"]},{"damage_healed":0,"gold_gain":0,"player_choice":"Donut","damage_taken":0,"max_hp_gain":5,"max_hp_loss":0,"event_name":"Big Fish","floor":3,"gold_loss":0},{"damage_healed":0,"gold_gain":0,"cards_transformed":["Defend_B"],"player_choice":"Transformed","damage_taken":0,"max_hp_gain":0,"max_hp_loss":0,"event_name":"Transmorgrifier","floor":14,"gold_loss":0,"cards_obtained":["Compile Driver"]},{"damage_healed":0,"gold_gain":0,"cards_transformed":["Defend_B","Defend_B"],"player_choice":"Transformed Cards","damage_taken":0,"max_hp_gain":0,"max_hp_loss":0,"event_name":"Designer","floor":20,"gold_loss":75,"cards_obtained":["Rainbow","Core Surge"]}],"is_beta":false,"boss_relics":[{"not_picked":["Runic Dome","Eternal Feather"],"picked":"Empty Cage"}],"items_purged_floors":[],"is_endless":false,"potions_floor_spawned":[5,7,12,16],"killed_by":"Snake Plant","ascension_level":20}