{"gold_per_floor":[113,26,38,48,61,61,76,111,179,179,179,179,204,217,217,315,315,334,259,259,259,270,270,116,149,173,184,202,202,102,118,118,222,222,239,339,339,67,82,82,95,95,95,107,107,37,57,73,73,73,73,73,23,48,48],"floor_reached":55,"playtime":5864,"items_purged":["Defend_B","Strike_B","Strike_B"],"score":775,"play_id":"732e1b22-fe5b-475b-b4b6-0beaa50407b8","local_time":"20190701084142","is_ascension_mode":true,"campfire_choices":[{"data":"Loop","floor":6.0,"key":"SMITH"},{"data":"Defragment","floor":10.0,"key":"SMITH"},{"floor":12.0,"key":"REST"},{"data":"Seek","floor":15.0,"key":"SMITH"},{"data":"Good Instincts","floor":23.0,"key":"SMITH"},{"data":"Conserve Battery","floor":29.0,"key":"SMITH"},{"floor":32.0,"key":"RECALL"},{"data":"Creative AI","floor":40.0,"key":"SMITH"},{"data":"Glacier","floor":45.0,"key":"SMITH"},{"data":"Loop","floor":49.0,"key":"SMITH"},{"data":"Echo Form","floor":52.0,"key":"SMITH"}],"neow_cost":"PERCENT_DAMAGE","seed_source_timestamp":0,"circlet_count":0,"master_deck":["Strike_B","Defend_B","Defend_B","Zap","Dualcast+1","Seek+1","Good Instincts+1","Conserve Battery","Loop+1","Defragment+1","BootSequence+1","Beam Cell","Machine Learning","Reboot","Self Repair","Doom and Gloom","Conserve Battery+1","Multi-Cast","Blizzard","Creative AI+1","Go for the Eyes","Redo+1","Glacier+1","Defragment+1","Hologram","Force Field+1","Loop+1","Cold Snap+1","Echo Form+1","Leap+1"],"special_seed":0,"relics":["FrozenCore","Bag of Preparation","Meat on the Bone","Torii","Orichalcum","DataDisk","Lizard Tail","Prayer Wheel","War Paint","Vajra"],"potions_floor_usage":[54,54,55],"damage_taken":[{"damage":2.0,"enemies":"Jaw Worm","floor":1.0,"turns":3.0},{"damage":1.0,"enemies":"Cultist","floor":3.0,"turns":3.0},{"damage":3.0,"enemies":"Small Slimes","floor":4.0,"turns":3.0},{"damage":4.0,"enemies":"2 Fungi Beasts","floor":5.0,"turns":4.0},{"damage":3.0,"enemies":"Blue Slaver","floor":7.0,"turns":4.0},{"damage":18.0,"enemies":"Lagavulin","floor":8.0,"turns":5.0},{"damage":15.0,"enemies":"3 Sentries","floor":13.0,"turns":6.0},{"damage":10.0,"enemies":"Exordium Wildlife","floor":14.0,"turns":4.0},{"damage":40.0,"enemies":"Slime Boss","floor":16.0,"turns":10.0},{"damage":0.0,"enemies":"Spheric Guardian","floor":18.0,"turns":7.0},{"damage":0.0,"enemies":"Chosen","floor":22.0,"turns":8.0},{"damage":31.0,"enemies":"Slavers","floor":25.0,"turns":8.0},{"damage":1.0,"enemies":"Centurion and Healer","floor":27.0,"turns":12.0},{"damage":0.0,"enemies":"Snake Plant","floor":28.0,"turns":9.0},{"damage":24.0,"enemies":"3 Cultists","floor":31.0,"turns":6.0},{"damage":1.0,"enemies":"Champ","floor":33.0,"turns":20.0},{"damage":7.0,"enemies":"3 Shapes","floor":35.0,"turns":10.0},{"damage":0.0,"enemies":"Mind Bloom Boss Battle","floor":36.0,"turns":11.0},{"damage":0.0,"enemies":"Orb Walker","floor":39.0,"turns":5.0},{"damage":59.0,"enemies":"Transient","floor":41.0,"turns":5.0},{"damage":17.0,"enemies":"4 Shapes","floor":44.0,"turns":8.0},{"damage":12.0,"enemies":"Jaw Worm Horde","floor":47.0,"turns":10.0},{"damage":0.0,"enemies":"Maw","floor":48.0,"turns":12.0},{"damage":1.0,"enemies":"Donu and Deca","floor":50.0,"turns":15.0},{"damage":51,"enemies":"Shield and Spear","floor":54,"turns":27},{"damage":168,"enemies":"The Heart","floor":55,"turns":18}],"seed_played":"-2336881785073786860","potions_obtained":[{"floor":3.0,"key":"Dexterity Potion"},{"floor":5.0,"key":"SteroidPotion"},{"floor":7.0,"key":"LiquidBronze"},{"floor":16.0,"key":"AttackPotion"},{"floor":18.0,"key":"Regen Potion"},{"floor":22.0,"key":"Strength Potion"},{"floor":25.0,"key":"FocusPotion"},{"floor":35.0,"key":"Regen Potion"},{"floor":44.0,"key":"Block Potion"},{"floor":47.0,"key":"SkillPotion"}],"is_trial":false,"path_per_floor":["M","$","M","M","M","R","M","E","T","R","?","R","E","M","R","B",null,"M","?","?","?","M","R","$","E","T","M","M","R","$","M","R","B",null,"M","?","?","$","M","R","M","?","T","M","R","$","M","M","R","B",null,"R","$","E","B"],"character_chosen":"DEFECT","items_purchased":["Good Instincts","Doom and Gloom","War Paint","Loop","FearPotion"],"campfire_rested":1,"item_purchase_floors":[2,24,38,46,53],"current_hp_per_floor":[52,52,51,48,44,44,41,23,23,23,23,45,42,44,44,16,75,75,75,75,75,75,75,75,51,51,57,64,64,64,47,47,53,75,75,75,75,75,75,75,35,35,35,52,52,52,47,54,54,53,75,75,75,53,0],"gold":48,"neow_bonus":"THREE_RARE_CARDS","is_prod":false,"is_daily":false,"chose_seed":false,"campfire_upgraded":9,"win_rate":0,"timestamp":1561938102,"path_taken":["M","$","M","M","M","R","M","E","T","R","?","R","E","M","R","BOSS","M","?","?","?","M","R","?","E","T","?","M","R","$","M","R","BOSS","M","?","?","$","M","R","?","?","T","M","R","?","M","M","R","BOSS","R","$","E","BOSS"],"build_version":"2019-01-23","purchased_purges":3,"victory":false,"max_hp_per_floor":[75,75,75,75,75,75,75,75,75,75,75,75,75,75,75,75,75,75,75,75,75,75,75,75,75,75,75,75,75,75,75,75,75,75,75,75,75,75,75,75,75,75,75,75,75,75,75,75,75,75,75,75,75,75,75],"card_choices":[{"not_picked":["Reboot","Machine Learning"],"picked":"Seek","floor":0.0},{"not_picked":["Steam","Stack","Compile Driver"],"picked":"SKIP","floor":1.0},{"not_picked":["Capacitor","Sweeping Beam"],"picked":"Conserve Battery","floor":3.0},{"not_picked":["Barrage","Skim","Tempest"],"picked":"SKIP","floor":4.0},{"not_picked":["Go for the Eyes","Reinforced Body"],"picked":"Loop","floor":5.0},{"not_picked":["Auto Shields","Core Surge"],"picked":"Defragment","floor":7.0},{"not_picked":["Ball Lightning","Compile Driver"],"picked":"BootSequence","floor":8.0},{"not_picked":["Turbo","Compile Driver"],"picked":"Beam Cell","floor":13.0},{"not_picked":["Reprogram","Scrape"],"picked":"Machine Learning","floor":14.0},{"not_picked":["Hyperbeam","Buffer"],"picked":"Reboot","floor":16.0},{"not_picked":["Chill","Fusion+1","Stack"],"picked":"SKIP","floor":18.0},{"not_picked":["Reinforced Body","Leap"],"picked":"Self Repair","floor":22.0},{"not_picked":["Leap","Stack"],"picked":"Conserve Battery","floor":25.0},{"not_picked":["Compile Driver+1","Ball Lightning"],"picked":"Multi-Cast","floor":27.0},{"not_picked":["Rebound","Reinforced Body"],"picked":"Blizzard","floor":28.0},{"not_picked":["Compile Driver+1","Streamline","Blizzard"],"picked":"SKIP","floor":31.0},{"not_picked":["Biased Cognition","Seek"],"picked":"Creative AI","floor":33.0},{"not_picked":["Darkness+1","Ball Lightning"],"picked":"Go for the Eyes","floor":35.0},{"not_picked":["Turbo+1","Gash+1"],"picked":"Redo+1","floor":36.0},{"not_picked":["Turbo+1","Blizzard","Tempest+1"],"picked":"SKIP","floor":39.0},{"not_picked":["Steam+1","Self Repair+1","Electrodynamics"],"picked":"SKIP","floor":39.0},{"not_picked":["Force Field","Fusion","Gash"],"picked":"SKIP","floor":41.0},{"not_picked":["Steam+1","Stack","Chaos"],"picked":"SKIP","floor":41.0},{"not_picked":["Ball Lightning","Streamline"],"picked":"Hologram","floor":44.0},{"not_picked":["Rebound+1","Ball Lightning+1"],"picked":"Force Field+1","floor":44.0},{"not_picked":["Beam Cell","Conserve Battery+1"],"picked":"Cold Snap+1","floor":47.0},{"not_picked":["Streamline+1","Echo Form","BootSequence+1"],"picked":"SKIP","floor":47.0},{"not_picked":["Streamline+1","BootSequence+1"],"picked":"Echo Form","floor":47.0},{"not_picked":["Redo","Melter","Streamline+1"],"picked":"SKIP","floor":48.0},{"not_picked":["Storm","Conserve Battery","Beam Cell"],"picked":"SKIP","floor":48.0},{"not_picked":["Turbo","Multi-Cast"],"picked":"Leap+1","floor":54}],"player_experience":93474,"relics_obtained":[{"floor":8.0,"key":"Bag of Preparation"},{"floor":9.0,"key":"Meat on the Bone"},{"floor":13.0,"key":"Torii"},{"floor":25.0,"key":"Orichalcum"},{"floor":26.0,"key":"DataDisk"},{"floor":36.0,"key":"Prayer Wheel"},{"floor":54,"key":"Vajra"}],"event_choices":[{"cards_removed":["Strike_B"],"damage_healed":0.0,"max_hp_gain":0.0,"max_hp_loss":0.0,"gold_gain":0.0,"event_name":"Purifier","player_choice":"Purged","floor":11.0,"gold_loss":0.0,"damage_taken":0.0},{"cards_removed":["Defend_B"],"damage_healed":0.0,"max_hp_gain":0.0,"max_hp_loss":0.0,"gold_gain":0.0,"event_name":"Beggar","player_choice":"Gave Gold","floor":19.0,"gold_loss":75.0,"damage_taken":0.0},{"damage_healed":0.0,"max_hp_gain":0.0,"max_hp_loss":0.0,"gold_gain":0.0,"event_name":"Ghosts","player_choice":"Ignored","floor":20.0,"gold_loss":0.0,"damage_taken":0.0},{"damage_healed":0.0,"max_hp_gain":0.0,"max_hp_loss":0.0,"gold_gain":0.0,"event_name":"Vampires","player_choice":"Ignored","floor":21.0,"gold_loss":0.0,"damage_taken":0.0},{"damage_healed":0.0,"max_hp_gain":0.0,"max_hp_loss":0.0,"gold_gain":0.0,"event_name":"MindBloom","player_choice":"Fight","floor":36.0,"gold_loss":0.0,"damage_taken":0.0},{"damage_healed":0.0,"max_hp_gain":0.0,"max_hp_loss":0.0,"gold_gain":0.0,"event_name":"Match and Keep!","player_choice":"1 cards matched","floor":37.0,"gold_loss":0.0,"damage_taken":0.0,"cards_obtained":["Glacier"]},{"damage_healed":0.0,"max_hp_gain":0.0,"max_hp_loss":0.0,"gold_gain":0.0,"event_name":"Duplicator","player_choice":"Copied","floor":42.0,"gold_loss":0.0,"damage_taken":0.0,"cards_obtained":["Defragment"]}],"is_beta":false,"boss_relics":[{"not_picked":["Busted Crown","Cursed Key"],"picked":"FrozenCore"},{"not_picked":["Astrolabe","Snecko Eye"],"picked":"Lizard Tail"}],"items_purged_floors":[24,30,38],"is_endless":false,"potions_floor_spawned":[3,5,7,16,18,22,25,35,44,47],"killed_by":"The Heart","ascension_level":3}