{"gold_per_floor":[112,122,54,74,24,24,24,24,24,50,50,50,63,83,83,180,180,169,169,84,184,199,199],"floor_reached":23,"playtime":1018,"items_purged":[],"score":404,"play_id":"7b2cbf4e-061d-4813-906e-19083aa18f42","local_time":"20190806125428","is_ascension_mode":true,"campfire_choices":[{"data":"Armaments","floor":7,"key":"SMITH"},{"data":"Spot Weakness","floor":11,"key":"SMITH"},{"data":"Limit Break","floor":15,"key":"SMITH"}],"neow_cost":"","seed_source_timestamp":244875522223600,"circlet_count":0,"master_deck":["Strike_R","Strike_R","Strike_R+1","Strike_R","Defend_R","Defend_R","Defend_R","Defend_R","Bash","Armaments+1","Bandage Up","Master of Strategy","Dual Wield","Clothesline","Spot Weakness+1","Cleave+1","Havoc","Limit Break+1","Reaper"],"relics":["Burning Blood","StoneCalendar","Strawberry","Whetstone","Mark of Pain","Centennial Puzzle"],"potions_floor_usage":[12,16],"damage_taken":[{"damage":12,"enemies":"Small Slimes","floor":1,"turns":4},{"damage":2,"enemies":"2 Louse","floor":2,"turns":4},{"damage":10,"enemies":"Jaw Worm","floor":4,"turns":4},{"damage":35,"enemies":"3 Sentries","floor":10,"turns":7},{"damage":0,"enemies":"Gremlin Nob","floor":12,"turns":2},{"damage":18,"enemies":"Exordium Thugs","floor":13,"turns":5},{"damage":11,"enemies":"2 Fungi Beasts","floor":14,"turns":3},{"damage":28,"enemies":"Slime Boss","floor":16,"turns":7},{"damage":28,"enemies":"2 Thieves","floor":18,"turns":4},{"damage":35,"enemies":"3 Byrds","floor":22,"turns":6},{"damage":48,"enemies":"Book of Stabbing","floor":23,"turns":5}],"seed_played":"1889503692425114754","potions_obtained":[{"floor":1,"key":"SmokeBomb"},{"floor":10,"key":"Ancient Potion"},{"floor":13,"key":"Dexterity Potion"},{"floor":18,"key":"SteroidPotion"}],"is_trial":false,"path_per_floor":["M","M","$","M","?","?","R","$","T","E","R","E","M","M","R","B",null,"M","?","?","?","M","E"],"character_chosen":"IRONCLAD","items_purchased":["Armaments","Bandage Up","Master of Strategy","Spot Weakness"],"campfire_rested":0,"item_purchase_floors":[0,0,0,3],"current_hp_per_floor":[46,54,54,54,54,54,54,54,61,36,36,46,38,37,37,19,70,60,60,60,60,42,0],"gold":199,"neow_bonus":"","is_prod":false,"is_daily":false,"chose_seed":false,"campfire_upgraded":3,"win_rate":0,"timestamp":1565114068,"path_taken":["M","M","$","M","?","?","R","?","T","E","R","E","M","M","R","BOSS","M","?","?","?","?","E"],"build_version":"2019-07-17","purchased_purges":0,"victory":false,"max_hp_per_floor":[80,80,80,80,80,80,80,80,87,87,87,87,87,87,87,87,87,87,87,87,87,87,87],"card_choices":[{"not_picked":["Carnage","Flex"],"picked":"Clothesline","floor":1},{"not_picked":["Body Slam","Uppercut","Thunderclap"],"picked":"SKIP","floor":2},{"not_picked":["Sword Boomerang","Clothesline"],"picked":"Cleave","floor":4},{"not_picked":["Iron Wave","Entrench"],"picked":"Havoc","floor":10},{"not_picked":["Heavy Blade","Bloodletting","Wild Strike"],"picked":"SKIP","floor":13},{"not_picked":["Feel No Pain","Heavy Blade"],"picked":"Limit Break","floor":14},{"not_picked":["Fiend Fire","Exhume"],"picked":"Reaper","floor":16},{"not_picked":["Second Wind","True Grit+1","Iron Wave"],"picked":"SKIP","floor":18},{"not_picked":["Second Wind","Anger","Rampage"],"picked":"SKIP","floor":22}],"player_experience":469800,"relics_obtained":[{"floor":9,"key":"Strawberry"},{"floor":10,"key":"Whetstone"}],"event_choices":[{"cards_removed":["Strike_R"],"damage_healed":0,"gold_gain":0,"player_choice":"Card Removal","damage_taken":0,"max_hp_gain":0,"max_hp_loss":0,"event_name":"The Cleric","floor":5,"gold_loss":50},{"damage_healed":0,"gold_gain":0,"player_choice":"Ignored","damage_taken":0,"max_hp_gain":0,"max_hp_loss":0,"event_name":"Liars Game","floor":6,"gold_loss":0},{"damage_healed":0,"gold_gain":0,"player_choice":"Ignored","damage_taken":0,"max_hp_gain":0,"max_hp_loss":0,"event_name":"Ghosts","floor":19,"gold_loss":0},{"damage_healed":0,"gold_gain":0,"player_choice":"Obtained Relic","damage_taken":0,"relics_obtained":["Centennial Puzzle"],"max_hp_gain":0,"max_hp_loss":0,"event_name":"Addict","floor":20,"gold_loss":85},{"damage_healed":0,"gold_gain":100,"player_choice":"Pray","damage_taken":0,"max_hp_gain":0,"max_hp_loss":0,"event_name":"Golden Shrine","floor":21,"gold_loss":0}],"is_beta":false,"boss_relics":[{"not_picked":["Philosopher\u0027s Stone","Coffee Dripper"],"picked":"Mark of Pain"}],"items_purged_floors":[],"is_endless":false,"potions_floor_spawned":[1,10,12,13,18],"killed_by":"Book of Stabbing","ascension_level":7}