{"gold_per_floor":[116,116,116,191,209,209,244,244,244,262,187,187,99,114,114,188,188,200,44,61,73,73],"floor_reached":22,"playtime":950,"items_purged":["Strike_B","Defend_B"],"score":418,"play_id":"fdafd6d5-4a65-4950-bff5-8c094f211320","local_time":"20190807094010","is_ascension_mode":true,"campfire_choices":[{"data":"Defragment","floor":6,"key":"SMITH"},{"data":"Recycle","floor":12,"key":"SMITH"},{"data":"Loop","floor":15,"key":"SMITH"}],"neow_cost":"NONE","seed_source_timestamp":5802325635451,"circlet_count":0,"master_deck":["AscendersBane","Strike_B","Strike_B","Defend_B","Defend_B","Zap","Dualcast","Streamline","Defragment+1","Recycle+1","Coolheaded","Loop+1","Ball Lightning+1","Coolheaded","Echo Form","Rebound+1","Hologram","Coolheaded+1"],"relics":["Cracked Core","NeowsBlessing","Strawberry","Molten Egg 2","Snecko Eye"],"potions_floor_usage":[14,20,22,22],"damage_taken":[{"damage":0,"enemies":"2 Louse","floor":1,"turns":1},{"damage":0,"enemies":"Jaw Worm","floor":5,"turns":1},{"damage":0,"enemies":"3 Sentries","floor":7,"turns":1},{"damage":0,"enemies":"Cultist","floor":10,"turns":3},{"damage":4,"enemies":"2 Fungi Beasts","floor":14,"turns":3},{"damage":19,"enemies":"Slime Boss","floor":16,"turns":15},{"damage":12,"enemies":"Spheric Guardian","floor":18,"turns":4},{"damage":29,"enemies":"Shell Parasite","floor":20,"turns":5},{"damage":29,"enemies":"Shelled Parasite and Fungi","floor":21,"turns":6},{"damage":27,"enemies":"3 Cultists","floor":22,"turns":3}],"seed_played":"-4559723395784185065","potions_obtained":[{"floor":5,"key":"FearPotion"},{"floor":7,"key":"Regen Potion"},{"floor":16,"key":"Fire Potion"},{"floor":21,"key":"Regen Potion"}],"is_trial":false,"path_per_floor":["M","?","?","?","M","R","E","?","T","M","$","R","$","M","R","B",null,"M","$","M","M","M"],"character_chosen":"DEFECT","items_purchased":["Loop","Ball Lightning+1","Rebound+1"],"campfire_rested":0,"item_purchase_floors":[13,13,19],"current_hp_per_floor":[64,64,57,46,46,46,53,53,53,53,53,53,53,49,49,30,66,54,54,39,10,0],"gold":73,"neow_bonus":"THREE_ENEMY_KILL","is_prod":false,"is_daily":false,"chose_seed":false,"campfire_upgraded":3,"win_rate":0,"timestamp":1565138410,"path_taken":["M","?","?","?","M","R","E","?","T","M","$","R","?","?","R","BOSS","M","$","M","M","M"],"build_version":"2019-07-17","purchased_purges":2,"victory":false,"max_hp_per_floor":[71,71,71,71,71,71,78,78,78,78,78,78,78,78,78,78,78,78,78,78,78,78],"card_choices":[{"not_picked":["Cold Snap","Coolheaded"],"picked":"Streamline","floor":1},{"not_picked":["Compile Driver","Ball Lightning"],"picked":"Defragment","floor":5},{"not_picked":["Reprogram","Rebound"],"picked":"Recycle","floor":7},{"not_picked":["Barrage+1","Leap"],"picked":"Coolheaded","floor":10},{"not_picked":["Sweeping Beam+1","Hologram"],"picked":"Coolheaded","floor":14},{"not_picked":["Reboot","Seek"],"picked":"Echo Form","floor":16},{"not_picked":["Undo","Conserve Battery","Auto Shields"],"picked":"SKIP","floor":18},{"not_picked":["Scrape+1","Sweeping Beam+1"],"picked":"Hologram","floor":20},{"not_picked":["Turbo","Blizzard+1"],"picked":"Coolheaded+1","floor":21}],"player_experience":278336,"relics_obtained":[{"floor":7,"key":"Strawberry"},{"floor":9,"key":"Molten Egg 2"}],"event_choices":[{"cards_removed":["Strike_B"],"damage_healed":0,"gold_gain":0,"player_choice":"Forget","damage_taken":0,"max_hp_gain":0,"max_hp_loss":0,"event_name":"Living Wall","floor":2,"gold_loss":0},{"cards_removed":["Defend_B"],"damage_healed":0,"gold_gain":0,"player_choice":"Card Removal","damage_taken":7,"max_hp_gain":0,"max_hp_loss":0,"event_name":"Golden Wing","floor":3,"gold_loss":0},{"damage_healed":0,"gold_gain":75,"player_choice":"Gather Gold","damage_taken":11,"max_hp_gain":0,"max_hp_loss":0,"event_name":"World of Goop","floor":4,"gold_loss":0},{"damage_healed":0,"gold_gain":0,"player_choice":"Ignored","damage_taken":0,"max_hp_gain":0,"max_hp_loss":0,"event_name":"Liars Game","floor":8,"gold_loss":0}],"is_beta":false,"boss_relics":[{"not_picked":["Philosopher\u0027s Stone","Nuclear Battery"],"picked":"Snecko Eye"}],"items_purged_floors":[11,19],"is_endless":false,"potions_floor_spawned":[5,7,16,21],"killed_by":"3 Cultists","ascension_level":20}