{"gold_per_floor":[113,63,23,23,41,41,71,84,107,123,133,133,146,180,180,281,281,296,221,233,76,87,87,120,120,170,170,170,200,200,220,220,220],"floor_reached":33,"playtime":2153,"items_purged":["Strike_R"],"score":325,"play_id":"a0ee3f82-4560-4598-8b3e-f007b9fdfb93","local_time":"20190811013106","is_ascension_mode":true,"campfire_choices":[{"floor":6,"key":"REST"},{"floor":12,"key":"REST"},{"floor":15,"key":"DIG"},{"floor":23,"key":"REST"},{"floor":27,"key":"REST"},{"floor":32,"key":"REST"}],"neow_cost":"NONE","seed_source_timestamp":89251836415440,"circlet_count":0,"master_deck":["Strike_R+1","Defend_R+1","Defend_R+1","Defend_R+1","Defend_R+1","Bash","Impervious","Twin Strike","Uppercut","Disarm","Cleave","Shrug It Off","Spot Weakness","Offering","Juggernaut","Shrug It Off+1","Reckless Charge+1","Limit Break","Whirlwind","Fiend Fire","Pommel Strike","Pummel","Dual Wield","Twin Strike+1"],"relics":["Burning Blood","Bag of Preparation","Vajra","Shovel","War Paint","Eternal Feather","Darkstone Periapt","Dream Catcher","Pen Nib"],"potions_floor_usage":[7,14,20,24,29,29,29,29,31,33,33],"damage_taken":[{"damage":18,"enemies":"Small Slimes","floor":1,"turns":7},{"damage":4,"enemies":"Jaw Worm","floor":5,"turns":3},{"damage":28,"enemies":"3 Sentries","floor":7,"turns":11},{"damage":3,"enemies":"Cultist","floor":8,"turns":4},{"damage":5,"enemies":"Looter","floor":10,"turns":3},{"damage":6,"enemies":"Red Slaver","floor":11,"turns":3},{"damage":7,"enemies":"3 Louse","floor":13,"turns":2},{"damage":15,"enemies":"Gremlin Nob","floor":14,"turns":4},{"damage":34,"enemies":"The Guardian","floor":16,"turns":14},{"damage":26,"enemies":"2 Thieves","floor":18,"turns":5},{"damage":6,"enemies":"3 Byrds","floor":20,"turns":4},{"damage":10,"enemies":"Cultist and Chosen","floor":22,"turns":8},{"damage":59,"enemies":"Gremlin Leader","floor":24,"turns":6},{"damage":20,"enemies":"Book of Stabbing","floor":29,"turns":6},{"damage":6,"enemies":"Snecko","floor":31,"turns":3},{"damage":86,"enemies":"Champ","floor":33,"turns":13}],"seed_played":"3198167729798837721","potions_obtained":[{"floor":5,"key":"Weak Potion"},{"floor":8,"key":"BloodPotion"},{"floor":10,"key":"GamblersBrew"},{"floor":11,"key":"Poison Potion"},{"floor":18,"key":"LiquidBronze"},{"floor":20,"key":"EntropicBrew"},{"floor":29,"key":"Fire Potion"},{"floor":31,"key":"Swift Potion"}],"is_trial":false,"path_per_floor":["M","?","$","?","M","R","E","M","T","M","M","R","M","E","R","B",null,"M","$","M","$","M","R","E","?","T","R","?","E","?","M","R","B"],"character_chosen":"IRONCLAD","items_purchased":["Uppercut","Limit Break","Whirlwind"],"campfire_rested":5,"item_purchase_floors":[3,21,21],"current_hp_per_floor":[68,68,68,68,70,80,58,61,61,62,62,80,79,70,70,42,80,60,60,60,60,56,80,47,32,32,69,69,55,47,47,84,0],"gold":220,"neow_bonus":"TRANSFORM_CARD","is_prod":false,"is_daily":false,"chose_seed":false,"campfire_upgraded":0,"win_rate":0,"timestamp":1565501466,"path_taken":["M","?","$","?","M","R","E","M","T","M","M","R","M","E","R","BOSS","M","$","M","$","?","R","E","?","T","R","?","E","?","M","R","BOSS"],"build_version":"2019-07-17","purchased_purges":1,"victory":false,"max_hp_per_floor":[80,80,80,80,80,80,80,80,80,80,80,80,80,80,80,80,80,80,80,80,80,80,80,80,85,85,85,85,85,85,85,85,85],"card_choices":[{"not_picked":["Body Slam","Bloodletting"],"picked":"Twin Strike","floor":1},{"not_picked":["Sentinel","Infernal Blade","Thunderclap"],"picked":"SKIP","floor":5},{"not_picked":["True Grit","Body Slam"],"picked":"Disarm","floor":7},{"not_picked":["Iron Wave","Clothesline"],"picked":"Cleave","floor":8},{"not_picked":["Heavy Blade","Armaments"],"picked":"Shrug It Off","floor":10},{"not_picked":["Inflame","Shrug It Off"],"picked":"Spot Weakness","floor":11},{"not_picked":["Sword Boomerang","Clothesline","Entrench"],"picked":"SKIP","floor":13},{"not_picked":["Wild Strike","Berserk"],"picked":"Offering","floor":14},{"not_picked":["Barricade","Dark Embrace"],"picked":"Juggernaut","floor":16},{"not_picked":["True Grit","Wild Strike"],"picked":"Shrug It Off+1","floor":18},{"not_picked":["Anger","Body Slam"],"picked":"Reckless Charge+1","floor":20},{"not_picked":["Sword Boomerang","Sentinel+1","Reckless Charge"],"picked":"SKIP","floor":22},{"not_picked":["Flex","Armaments"],"picked":"Fiend Fire","floor":24},{"not_picked":["Havoc","Thunderclap"],"picked":"Pommel Strike","floor":27},{"not_picked":["Burning Pact","Sword Boomerang"],"picked":"Pummel","floor":29},{"not_picked":["Sword Boomerang","Warcry"],"picked":"Dual Wield","floor":31},{"not_picked":["Armaments","Perfected Strike"],"picked":"Twin Strike+1","floor":32}],"player_experience":95167,"relics_obtained":[{"floor":7,"key":"Bag of Preparation"},{"floor":9,"key":"Vajra"},{"floor":14,"key":"Shovel"},{"floor":15,"key":"War Paint"},{"floor":24,"key":"Darkstone Periapt"},{"floor":26,"key":"Dream Catcher"},{"floor":29,"key":"Pen Nib"}],"event_choices":[{"cards_removed":["Strike_R"],"damage_healed":0,"gold_gain":0,"player_choice":"Card Removal","damage_taken":0,"max_hp_gain":0,"max_hp_loss":0,"event_name":"The Cleric","floor":2,"gold_loss":50},{"cards_removed":["Strike_R"],"damage_healed":0,"gold_gain":0,"player_choice":"Purged","damage_taken":0,"max_hp_gain":0,"max_hp_loss":0,"event_name":"Purifier","floor":4,"gold_loss":0},{"damage_healed":0,"gold_gain":0,"player_choice":"Shed Blood","damage_taken":20,"max_hp_gain":5,"max_hp_loss":0,"event_name":"Forgotten Altar","floor":25,"gold_loss":0},{"damage_healed":0,"gold_gain":0,"player_choice":"Simplicity","damage_taken":0,"max_hp_gain":0,"max_hp_loss":0,"event_name":"Back to Basics","floor":28,"gold_loss":0,"cards_upgraded":["Strike_R","Defend_R","Defend_R"]},{"damage_healed":0,"gold_gain":0,"player_choice":"","damage_taken":8,"max_hp_gain":0,"max_hp_loss":0,"event_name":"Knowing Skull","floor":30,"potions_obtained":[],"gold_loss":0,"cards_obtained":[]}],"is_beta":false,"boss_relics":[{"not_picked":["Busted Crown","Snecko Eye"],"picked":"Eternal Feather"}],"items_purged_floors":[19],"is_endless":false,"potions_floor_spawned":[5,8,10,11,18,20,29,31],"killed_by":"Champ","ascension_level":2}