{"gold_per_floor":[212,231,242,10,23,23,38,68,115,146,71,71,71,83,83,156,156,134,144,178,195,11,11,11,69,124,124,134,134,144,174,174,174],"floor_reached":33,"playtime":1151,"items_purged":["Strike_B","Strike_B"],"score":594,"play_id":"ff7d6072-baca-46b6-8215-f9e19516655b","local_time":"20190705200155","is_ascension_mode":true,"campfire_choices":[{"data":"Static Discharge","floor":6.0,"key":"SMITH"},{"data":"Consume","floor":13.0,"key":"SMITH"},{"data":"Coolheaded","floor":15.0,"key":"SMITH"},{"floor":23.0,"key":"REST"},{"floor":27.0,"key":"REST"},{"floor":29.0,"key":"REST"},{"floor":32.0,"key":"REST"}],"neow_cost":"NONE","seed_source_timestamp":746749303811,"circlet_count":0,"master_deck":["AscendersBane","Strike_B","Strike_B","Defend_B","Defend_B","Defend_B","Defend_B","Zap","Dualcast","Coolheaded+1","Sweeping Beam","Static Discharge+1","Ball Lightning","Reinforced Body","Consume+1","Undo","Conserve Battery","Creative AI","BootSequence","Doom and Gloom","Conserve Battery+1","Chill","Coolheaded","Clumsy","Sweeping Beam","Biased Cognition"],"special_seed":0,"relics":["Cracked Core","Oddly Smooth Stone","Potion Belt","DataDisk","Bottled Tornado","Cursed Key","Red Mask","Tiny Chest","Strawberry","Shuriken"],"potions_floor_usage":[33,33],"damage_taken":[{"damage":7.0,"enemies":"Jaw Worm","floor":1.0,"turns":3.0},{"damage":0.0,"enemies":"Cultist","floor":2.0,"turns":3.0},{"damage":0.0,"enemies":"Small Slimes","floor":3.0,"turns":4.0},{"damage":18.0,"enemies":"Exordium Wildlife","floor":5.0,"turns":6.0},{"damage":12.0,"enemies":"Lots of Slimes","floor":7.0,"turns":2.0},{"damage":4.0,"enemies":"Lagavulin","floor":8.0,"turns":7.0},{"damage":11.0,"enemies":"Gremlin Nob","floor":10.0,"turns":3.0},{"damage":4.0,"enemies":"Large Slime","floor":14.0,"turns":4.0},{"damage":33.0,"enemies":"The Guardian","floor":16.0,"turns":6.0},{"damage":9.0,"enemies":"2 Thieves","floor":18.0,"turns":4.0},{"damage":12.0,"enemies":"Chosen","floor":19.0,"turns":3.0},{"damage":18.0,"enemies":"Masked Bandits","floor":20.0,"turns":3.0},{"damage":12.0,"enemies":"Snake Plant","floor":21.0,"turns":3.0},{"damage":28.0,"enemies":"Book of Stabbing","floor":25.0,"turns":4.0},{"damage":5.0,"enemies":"Shelled Parasite and Fungi","floor":28.0,"turns":8.0},{"damage":3.0,"enemies":"Centurion and Healer","floor":30.0,"turns":8.0},{"damage":42.0,"enemies":"Gremlin Leader","floor":31.0,"turns":7.0},{"damage":59,"enemies":"Collector","floor":33,"turns":9}],"seed_played":"7732869909557811791","potions_obtained":[{"floor":1.0,"key":"Energy Potion"},{"floor":3.0,"key":"GamblersBrew"},{"floor":5.0,"key":"Explosive Potion"},{"floor":10.0,"key":"Swift Potion"},{"floor":24.0,"key":"Fruit Juice"},{"floor":24.0,"key":"Swift Potion"},{"floor":25.0,"key":"Explosive Potion"},{"floor":28.0,"key":"SkillPotion"},{"floor":30.0,"key":"Block Potion"}],"is_trial":false,"path_per_floor":["M","M","M","$","M","R","M","E","T","E","$","?","R","M","R","B",null,"M","M","?","M","$","R","?","E","T","R","M","R","M","E","R","B"],"character_chosen":"DEFECT","items_purchased":["Oddly Smooth Stone","Static Discharge","Ancient Potion"],"campfire_rested":4,"item_purchase_floors":[4,4,22],"current_hp_per_floor":[57,57,57,57,39,39,27,23,23,12,12,71,71,67,67,34,62,53,41,23,11,11,32,37,9,16,40,35,59,56,14,38,0],"gold":174,"neow_bonus":"HUNDRED_GOLD","is_prod":false,"is_daily":false,"chose_seed":false,"campfire_upgraded":3,"win_rate":0,"timestamp":1562349715,"path_taken":["M","M","M","$","M","R","M","E","T","E","$","?","R","?","R","BOSS","M","M","?","M","$","R","?","E","T","R","M","R","M","E","R","BOSS"],"build_version":"2019-07-03","purchased_purges":2,"victory":false,"max_hp_per_floor":[71,71,71,71,71,71,71,71,71,71,71,71,71,71,71,71,71,71,71,71,71,71,71,76,76,83,83,83,83,83,83,83,83],"card_choices":[{"not_picked":["Hello World","Leap"],"picked":"Chill","floor":1.0},{"not_picked":["Fusion","Hologram"],"picked":"Coolheaded","floor":2.0},{"not_picked":["Rip and Tear","Machine Learning"],"picked":"Sweeping Beam","floor":3.0},{"not_picked":["Skim","Conserve Battery"],"picked":"Ball Lightning","floor":5.0},{"not_picked":["Rebound","Tempest"],"picked":"Reinforced Body","floor":7.0},{"not_picked":["Rainbow","Stack"],"picked":"Consume","floor":8.0},{"not_picked":["Steam","Beam Cell"],"picked":"Undo","floor":10.0},{"not_picked":["Hologram","Streamline"],"picked":"Conserve Battery","floor":14.0},{"not_picked":["Rainbow","All For One"],"picked":"Creative AI","floor":16.0},{"not_picked":["Reinforced Body","Skim"],"picked":"BootSequence","floor":18.0},{"not_picked":["Turbo","Darkness"],"picked":"Doom and Gloom","floor":19.0},{"not_picked":["Streamline","Barrage"],"picked":"Conserve Battery+1","floor":20.0},{"not_picked":["Stack","Redo+1"],"picked":"Chill","floor":21.0},{"not_picked":["Ball Lightning+1","Scrape"],"picked":"Coolheaded","floor":25.0},{"not_picked":["Barrage+1","Recycle"],"picked":"Sweeping Beam","floor":28.0},{"not_picked":["Sunder","Force Field","Melter+1"],"picked":"SKIP","floor":30.0},{"not_picked":["Sweeping Beam","Skim+1"],"picked":"Biased Cognition","floor":31.0}],"player_experience":1809788,"relics_obtained":[{"floor":8.0,"key":"Potion Belt"},{"floor":9.0,"key":"DataDisk"},{"floor":10.0,"key":"Bottled Tornado"},{"floor":20.0,"key":"Red Mask"},{"floor":25.0,"key":"Tiny Chest"},{"floor":26.0,"key":"Strawberry"},{"floor":31.0,"key":"Shuriken"}],"event_choices":[{"cards_removed":["Chill"],"damage_healed":59.0,"max_hp_gain":0.0,"max_hp_loss":0.0,"gold_gain":0.0,"event_name":"Bonfire Elementals","player_choice":"Offered Uncommon","floor":12.0,"gold_loss":0.0,"damage_taken":0.0},{"damage_healed":0.0,"max_hp_gain":0.0,"max_hp_loss":0.0,"gold_gain":0.0,"event_name":"Masked Bandits","player_choice":"Fought Bandits","floor":20.0,"gold_loss":0.0,"damage_taken":0.0},{"damage_healed":0.0,"max_hp_gain":0.0,"max_hp_loss":0.0,"gold_gain":0.0,"event_name":"Lab","player_choice":"Got Potions","floor":24.0,"gold_loss":0.0,"damage_taken":0.0}],"is_beta":true,"boss_relics":[{"not_picked":["Runic Dome","Coffee Dripper"],"picked":"Cursed Key"}],"items_purged_floors":[11,22],"is_endless":false,"potions_floor_spawned":[1,3,5,7,10,25,28,30],"killed_by":"Collector","ascension_level":20}