{"gold_per_floor":[116,134,134,144,128,128,146,161,236,236,249,199,199,226,226,331,331,341,18,18,31,49,49,49,67,67,99,99,99,112,132,132,132],"floor_reached":33,"playtime":4533,"items_purged":["Strike_R"],"score":274,"play_id":"6f4792d6-ca80-4c2e-9739-672bbc60f437","local_time":"20190802231256","is_ascension_mode":true,"campfire_choices":[{"floor":6,"key":"RECALL"},{"data":"Bash","floor":10,"key":"SMITH"},{"data":"Rampage","floor":13,"key":"SMITH"},{"data":"Thunderclap","floor":15,"key":"SMITH"},{"data":"Rampage","floor":23,"key":"SMITH"},{"floor":32,"key":"REST"}],"neow_cost":"NONE","seed_source_timestamp":0,"circlet_count":0,"master_deck":["Strike_R+1","Defend_R+1","Defend_R+1","Defend_R+1","Defend_R+1","Bash+1","Power Through","Rampage+1","Corruption","Rampage+1","Dual Wield","Clothesline","Thunderclap+1","Brutality","Shrug It Off","Flex","Pommel Strike+1","Double Tap","Shrug It Off","Flex"],"special_seed":0,"relics":["Burning Blood","Self Forming Clay","Smiling Mask","Philosopher\u0027s Stone","Frozen Egg 2","MutagenicStrength","Bag of Marbles","Oddly Smooth Stone","Gremlin Horn"],"potions_floor_usage":[11,16,18,25,30,33],"damage_taken":[{"damage":0.0,"enemies":"Cultist","floor":1.0,"turns":4.0},{"damage":0,"enemies":"2 Louse","floor":2,"turns":3},{"damage":3,"enemies":"Jaw Worm","floor":4,"turns":5},{"damage":5,"enemies":"Exordium Thugs","floor":5,"turns":4},{"damage":2,"enemies":"Blue Slaver","floor":7,"turns":4},{"damage":12,"enemies":"Looter","floor":8,"turns":3},{"damage":0,"enemies":"Gremlin Gang","floor":11,"turns":3},{"damage":34,"enemies":"The Guardian","floor":16,"turns":8},{"damage":17,"enemies":"Spheric Guardian","floor":18,"turns":4},{"damage":7,"enemies":"Shell Parasite","floor":21,"turns":5},{"damage":23,"enemies":"3 Cultists","floor":22,"turns":7},{"damage":35,"enemies":"Sentry and Sphere","floor":25,"turns":7},{"damage":21,"enemies":"Slavers","floor":27,"turns":5},{"damage":1,"enemies":"Snecko","floor":30,"turns":4},{"damage":0,"enemies":"Snake Plant","floor":31,"turns":4},{"damage":66,"enemies":"Automaton","floor":33,"turns":6}],"seed_played":"-5101070582532446621","potions_obtained":[{"floor":2,"key":"Explosive Potion"},{"floor":4,"key":"Weak Potion"},{"floor":8,"key":"Weak Potion"},{"floor":21,"key":"Ancient Potion"},{"floor":22,"key":"Poison Potion"},{"floor":25,"key":"Dexterity Potion"}],"is_trial":false,"path_per_floor":["M","M","?","M","M","R","M","M","T","R","M","?","R","T","R","B",null,"M","$","?","M","M","R","?","M","T","E","?","T","M","M","R","B"],"character_chosen":"IRONCLAD","items_purchased":["Shrug It Off","Frozen Egg 2"],"campfire_rested":1,"item_purchase_floors":[19,19],"current_hp_per_floor":[80,80,73,76,77,77,80,74,74,74,80,80,80,80,80,52,80,69,69,69,68,51,51,51,22,22,7,7,7,12,18,42,0],"gold":132,"neow_bonus":"TRANSFORM_CARD","is_prod":false,"is_daily":false,"chose_seed":false,"campfire_upgraded":4,"win_rate":0,"timestamp":1564755176,"path_taken":["M","?","?","M","M","R","M","M","T","R","M","?","R","?","R","BOSS","M","$","?","?","M","R","?","M","T","E","?","?","M","M","R","BOSS"],"build_version":"2019-07-17","purchased_purges":1,"victory":false,"max_hp_per_floor":[80,80,80,80,80,80,80,80,80,80,80,80,80,80,80,80,80,80,80,80,80,80,80,80,80,80,80,80,80,80,80,80,80],"card_choices":[{"not_picked":["Clothesline","Dual Wield"],"picked":"Rampage","floor":1},{"not_picked":["Flame Barrier","Clothesline"],"picked":"Corruption","floor":2},{"not_picked":["Perfected Strike","Dual Wield"],"picked":"Rampage","floor":4},{"not_picked":["Perfected Strike","Clash"],"picked":"Dual Wield","floor":5},{"not_picked":["Armaments","Warcry"],"picked":"Clothesline","floor":7},{"not_picked":["Power Through","Armaments"],"picked":"Thunderclap","floor":8},{"not_picked":["Iron Wave","Pommel Strike"],"picked":"Clash","floor":11},{"not_picked":["Dark Embrace","Barricade"],"picked":"Brutality","floor":16},{"not_picked":["Sword Boomerang","Clothesline","Power Through"],"picked":"SKIP","floor":18},{"not_picked":["Ghostly Armor","Anger+1"],"picked":"Pommel Strike+1","floor":21},{"not_picked":["Body Slam","True Grit","Anger"],"picked":"SKIP","floor":22},{"not_picked":["Armaments","Iron Wave","Thunderclap"],"picked":"SKIP","floor":25},{"not_picked":["Thunderclap","Dropkick+1"],"picked":"Double Tap","floor":27},{"not_picked":["Dual Wield","Anger"],"picked":"Shrug It Off","floor":30},{"not_picked":["Heavy Blade","Warcry"],"picked":"Flex","floor":31}],"player_experience":73283,"relics_obtained":[{"floor":9,"key":"Self Forming Clay"},{"floor":14,"key":"Smiling Mask"},{"floor":26,"key":"Bag of Marbles"},{"floor":27,"key":"Oddly Smooth Stone"},{"floor":29,"key":"Gremlin Horn"}],"event_choices":[{"cards_removed":["Strike_R"],"damage_healed":0,"gold_gain":0,"player_choice":"Card Removal","damage_taken":7,"max_hp_gain":0,"max_hp_loss":0,"event_name":"Golden Wing","floor":3,"gold_loss":0},{"cards_removed":["Strike_R"],"damage_healed":0,"gold_gain":0,"player_choice":"Card Removal","damage_taken":0,"max_hp_gain":0,"max_hp_loss":0,"event_name":"The Cleric","floor":12,"gold_loss":50},{"damage_healed":0,"gold_gain":0,"cards_transformed":["Clash"],"player_choice":"Transformed","damage_taken":0,"max_hp_gain":0,"max_hp_loss":0,"event_name":"Transmorgrifier","floor":20,"gold_loss":0,"cards_obtained":["Flex"]},{"damage_healed":0,"gold_gain":0,"player_choice":"Inject Mutagens","damage_taken":0,"relics_obtained":["MutagenicStrength"],"max_hp_gain":0,"max_hp_loss":0,"event_name":"Drug Dealer","floor":24,"gold_loss":0},{"damage_healed":0,"gold_gain":0,"player_choice":"Simplicity","damage_taken":0,"max_hp_gain":0,"max_hp_loss":0,"event_name":"Back to Basics","floor":28,"gold_loss":0,"cards_upgraded":["Strike_R","Defend_R","Defend_R","Defend_R","Defend_R"]}],"is_beta":false,"boss_relics":[{"not_picked":["Runic Dome","Snecko Eye"],"picked":"Philosopher\u0027s Stone"}],"items_purged_floors":[19],"is_endless":false,"potions_floor_spawned":[2,4,8,21,22,25],"killed_by":"Automaton","ascension_level":1}