{"gold_per_floor":[113,38,1,11,86,86,117,117,140,68,87,99,99,112,112,214,214,227,238,249,249,262,262,297,297,297,297,297,52,252,279,279,381,381,394,23,23,35,50,50,50,50,50,85,95,130,90,102,102,102],"floor_reached":51,"playtime":2083,"items_purged":["Strike_G","Strike_G","Strike_G"],"score":1308,"play_id":"532da11c-e667-4b68-bbdb-014f882fdd3c","local_time":"20190713160935","is_ascension_mode":true,"campfire_choices":[{"floor":6,"key":"REST"},{"data":"Apotheosis","floor":8,"key":"SMITH"},{"floor":15,"key":"REST"},{"floor":23,"key":"REST"},{"floor":25,"key":"REST"},{"data":"Noxious Fumes","floor":28,"key":"SMITH"},{"floor":32,"key":"REST"},{"floor":40,"key":"REST"},{"floor":42,"key":"RECALL"},{"floor":49,"key":"REST"}],"neow_cost":"","seed_source_timestamp":177210418391500,"circlet_count":0,"master_deck":["Strike_G+1","Defend_G","Defend_G","Defend_G","Defend_G","Defend_G","Survivor","Neutralize","Apotheosis+1","Footwork","Infinite Blades","Noxious Fumes+1","Caltrops","Skewer+1","Footwork","Corpse Explosion","Terror","Crippling Poison","Backflip","Well Laid Plans","Adrenaline+1"],"relics":["Ring of the Snake","Calipers","Bag of Marbles","Omamori","Oddly Smooth Stone","Centennial Puzzle","Cursed Key","Ninja Scroll","Singing Bowl","Bag of Preparation","Anchor","Fusion Hammer","Mummified Hand","Toxic Egg 2","Lantern","Blood Vial"],"potions_floor_usage":[19,33,44,50,50],"damage_taken":[{"damage":0,"enemies":"Cultist","floor":1,"turns":3},{"damage":8,"enemies":"Small Slimes","floor":4,"turns":5},{"damage":14,"enemies":"Gremlin Nob","floor":7,"turns":5},{"damage":0,"enemies":"Jaw Worm","floor":11,"turns":4},{"damage":0,"enemies":"Exordium Wildlife","floor":12,"turns":4},{"damage":4,"enemies":"Blue Slaver","floor":14,"turns":4},{"damage":17,"enemies":"Hexaghost","floor":16,"turns":10},{"damage":1,"enemies":"Shell Parasite","floor":18,"turns":5},{"damage":3,"enemies":"Spheric Guardian","floor":19,"turns":4},{"damage":15,"enemies":"Snake Plant","floor":20,"turns":5},{"damage":18,"enemies":"3 Cultists","floor":22,"turns":3},{"damage":17,"enemies":"Slavers","floor":24,"turns":4},{"damage":22,"enemies":"Book of Stabbing","floor":31,"turns":6},{"damage":42,"enemies":"Collector","floor":33,"turns":10},{"damage":2,"enemies":"3 Darklings","floor":35,"turns":3},{"damage":3,"enemies":"3 Shapes","floor":38,"turns":4},{"damage":0,"enemies":"Spire Growth","floor":39,"turns":4},{"damage":35,"enemies":"Reptomancer","floor":44,"turns":7},{"damage":6,"enemies":"3 Darklings","floor":45,"turns":2},{"damage":3,"enemies":"Giant Head","floor":46,"turns":9},{"damage":0,"enemies":"4 Shapes","floor":48,"turns":1},{"damage":0,"enemies":"Donu and Deca","floor":50,"turns":6}],"seed_played":"5122531307420914524","potions_obtained":[{"floor":1,"key":"SpeedPotion"},{"floor":12,"key":"Block Potion"},{"floor":19,"key":"Fire Potion"},{"floor":20,"key":"AttackPotion"},{"floor":33,"key":"SkillPotion"},{"floor":45,"key":"AttackPotion"},{"floor":48,"key":"Strength Potion"}],"is_trial":false,"path_per_floor":["M","$","$","M","?","R","E","R","T","$","M","M","$","M","R","B",null,"M","M","M","?","M","R","E","R","T","?","R","$","?","E","R","B",null,"M","$","?","M","M","R","$","R","T","E","M","E","?","M","R","B",null],"character_chosen":"THE_SILENT","items_purchased":["Apotheosis","Bag of Marbles","Omamori","Footwork","Noxious Fumes","Bag of Preparation","Mummified Hand"],"campfire_rested":7,"item_purchase_floors":[0,0,0,3,10,29,36],"current_hp_per_floor":[49,49,49,41,30,51,37,37,37,37,37,37,37,33,54,37,62,61,58,43,43,25,46,29,50,50,50,50,50,50,28,49,9,56,56,56,58,57,59,80,80,80,80,47,41,38,38,42,67,69],"gold":102,"neow_bonus":"","is_prod":false,"is_daily":false,"chose_seed":false,"campfire_upgraded":2,"win_rate":0,"timestamp":1563052175,"path_taken":["M","?","$","M","?","R","E","R","T","?","M","M","$","?","R","BOSS","M","M","M","?","?","R","E","R","T","?","R","$","?","E","R","BOSS","M","?","?","M","M","R","$","R","T","E","M","E","?","M","R","BOSS"],"build_version":"2019-07-05","purchased_purges":3,"victory":true,"max_hp_per_floor":[70,70,70,70,70,70,70,70,70,70,70,70,70,70,70,70,70,70,70,70,70,70,70,70,70,70,70,70,70,70,70,70,72,72,74,74,76,78,80,80,80,80,80,82,82,82,82,84,84,84],"card_choices":[{"not_picked":["Flying Knee","Quick Slash","Concentrate"],"picked":"SKIP","floor":1},{"not_picked":["Bane","Deadly Poison","Acrobatics"],"picked":"SKIP","floor":4},{"not_picked":["Blade Dance","Outmaneuver"],"picked":"Infinite Blades","floor":7},{"not_picked":["Expertise","Flying Knee"],"picked":"Caltrops","floor":11},{"not_picked":["Masterful Stab","Endless Agony"],"picked":"Skewer","floor":12},{"not_picked":["Deflect","Riddle With Holes"],"picked":"Footwork","floor":14},{"not_picked":["Malaise","Night Terror"],"picked":"Corpse Explosion","floor":16},{"not_picked":["Heel Hook+1","Outmaneuver","PiercingWail"],"picked":"SKIP","floor":18},{"not_picked":["Dagger Throw","Underhanded Strike","Outmaneuver"],"picked":"SKIP","floor":19},{"not_picked":["Bane","PiercingWail"],"picked":"Terror","floor":20},{"not_picked":["Dash","Bane","Night Terror"],"picked":"SKIP","floor":22},{"not_picked":["Caltrops","Underhanded Strike"],"picked":"Crippling Poison","floor":24},{"not_picked":["Dagger Throw","Bouncing Flask+1"],"picked":"Backflip","floor":31},{"not_picked":["Corpse Explosion","Doppelganger","A Thousand Cuts"],"picked":"Singing Bowl","floor":33},{"not_picked":["PiercingWail","Skewer+1","Prepared+1"],"picked":"Singing Bowl","floor":35},{"not_picked":["Impatience","Flash of Steel","Secret Weapon"],"picked":"Singing Bowl","floor":37},{"not_picked":["Escape Plan+1","Sucker Punch+1","PiercingWail"],"picked":"Singing Bowl","floor":38},{"not_picked":["Blade Dance+1","Dash+1","Slice"],"picked":"Singing Bowl","floor":39},{"not_picked":["Caltrops+1","Backflip+1","Dagger Spray+1"],"picked":"Singing Bowl","floor":44},{"not_picked":["Dagger Throw","Finisher+1"],"picked":"Well Laid Plans","floor":45},{"not_picked":["Slice+1","Glass Knife"],"picked":"Adrenaline+1","floor":46},{"not_picked":["Underhanded Strike+1","Prepared+1","Flying Knee"],"picked":"Singing Bowl","floor":48}],"player_experience":407020,"relics_obtained":[{"floor":7,"key":"Oddly Smooth Stone"},{"floor":9,"key":"Centennial Puzzle"},{"floor":24,"key":"Ninja Scroll"},{"floor":26,"key":"Singing Bowl"},{"floor":31,"key":"Anchor"},{"floor":43,"key":"Toxic Egg 2"},{"floor":44,"key":"Lantern"},{"floor":46,"key":"Blood Vial"}],"event_choices":[{"damage_healed":0,"gold_gain":75,"player_choice":"Gather Gold","damage_taken":11,"max_hp_gain":0,"max_hp_loss":0,"event_name":"World of Goop","floor":5,"gold_loss":0},{"cards_removed":["Strike_G"],"damage_healed":0,"gold_gain":0,"player_choice":"Purged","damage_taken":0,"max_hp_gain":0,"max_hp_loss":0,"event_name":"Purifier","floor":21,"gold_loss":0},{"damage_healed":0,"gold_gain":0,"player_choice":"Ignored","damage_taken":0,"max_hp_gain":0,"max_hp_loss":0,"event_name":"Ghosts","floor":27,"gold_loss":0},{"damage_healed":0,"gold_gain":250,"player_choice":"Bet on Owner","damage_taken":0,"max_hp_gain":0,"max_hp_loss":0,"event_name":"The Joust","floor":30,"gold_loss":50},{"damage_healed":0,"gold_gain":0,"player_choice":"Memory 1","damage_taken":0,"max_hp_gain":0,"max_hp_loss":0,"event_name":"SensoryStone","floor":37,"gold_loss":0},{"damage_healed":0,"gold_gain":0,"player_choice":"Upgraded Two","damage_taken":0,"max_hp_gain":0,"max_hp_loss":0,"event_name":"Designer","floor":47,"gold_loss":40,"cards_upgraded":["Strike_G","Skewer"]}],"is_beta":false,"boss_relics":[{"not_picked":["Busted Crown","Empty Cage"],"picked":"Cursed Key"},{"not_picked":["Orrery","Pandora\u0027s Box"],"picked":"Fusion Hammer"}],"items_purged_floors":[2,29,36],"is_endless":false,"potions_floor_spawned":[1,12,19,20,33,39,45,48],"ascension_level":6}