{"gold_per_floor":[210,228,228,240,5,5,19,53,124,159,159,174,209,284,284,356,356,367,367,384,73,92,92,109,109,109,119,119,25,56,69,69,69],"floor_reached":33,"playtime":2506,"items_purged":["Strike_R","Writhe"],"score":574,"play_id":"2616ecf7-95dd-4c09-abb7-b27122fc8fed","local_time":"20190810153900","is_ascension_mode":true,"campfire_choices":[{"data":"Hemokinesis","floor":6.0,"key":"SMITH"},{"data":"Bash","floor":11.0,"key":"SMITH"},{"floor":15.0,"key":"REST"},{"floor":23,"key":"REST"},{"floor":25,"key":"REST"},{"data":"Demon Form","floor":32,"key":"SMITH"}],"neow_cost":"NONE","seed_source_timestamp":738363785030600,"circlet_count":0,"master_deck":["AscendersBane","Strike_R","Strike_R","Strike_R","Defend_R","Defend_R","Defend_R","Defend_R","Bash+1","Hemokinesis+1","Anger","Seeing Red","Offering","Cleave+1","Blood for Blood+1","Headbutt+1","Demon Form+1","Pain","Regret","Clothesline+1","Sever Soul+1","Metallicize+1","Reaper+1","Shockwave","Corruption","True Grit+1","Battle Trance","Flame Barrier","Metallicize","Armaments+1","Bloodletting"],"special_seed":0,"relics":["Burning Blood","FaceOfCleric","PreservedInsect","Unceasing Top","Molten Egg 2","Bag of Marbles","Self Forming Clay","Calling Bell","Centennial Puzzle","Letter Opener","StoneCalendar","The Courier","Red Skull"],"potions_floor_usage":[18],"damage_taken":[{"damage":6.0,"enemies":"Cultist","floor":1.0,"turns":4.0},{"damage":3.0,"enemies":"Small Slimes","floor":2.0,"turns":2.0},{"damage":0.0,"enemies":"Jaw Worm","floor":4.0,"turns":3.0},{"damage":6.0,"enemies":"Exordium Wildlife","floor":7.0,"turns":4.0},{"damage":27.0,"enemies":"Lagavulin","floor":8.0,"turns":6.0},{"damage":10.0,"enemies":"Gremlin Nob","floor":10.0,"turns":3.0},{"damage":22.0,"enemies":"Gremlin Gang","floor":12.0,"turns":2.0},{"damage":12.0,"enemies":"Lagavulin","floor":13.0,"turns":3.0},{"damage":37.0,"enemies":"The Guardian","floor":16.0,"turns":10.0},{"damage":17,"enemies":"Shell Parasite","floor":18,"turns":3},{"damage":35,"enemies":"Spheric Guardian","floor":20,"turns":4},{"damage":25,"enemies":"Snecko","floor":22,"turns":5},{"damage":24,"enemies":"Cultist and Chosen","floor":24,"turns":4},{"damage":23,"enemies":"Sentry and Sphere","floor":27,"turns":4},{"damage":31,"enemies":"Gremlin Leader","floor":30,"turns":6},{"damage":15,"enemies":"3 Cultists","floor":31,"turns":3},{"damage":83,"enemies":"Automaton","floor":33,"turns":6}],"seed_played":"-6092658922954980316","potions_obtained":[{"floor":1.0,"key":"GamblersBrew"},{"floor":2.0,"key":"Weak Potion"},{"floor":8.0,"key":"Weak Potion"},{"floor":10.0,"key":"SpeedPotion"},{"floor":18,"key":"Poison Potion"},{"floor":27,"key":"SteroidPotion"}],"is_trial":false,"path_per_floor":["M","M","?","M","$","R","M","E","T","E","R","M","E","?","R","B",null,"M","?","M","$","M","R","M","R","T","M","?","$","E","M","R","B"],"character_chosen":"IRONCLAD","items_purchased":["PreservedInsect","Reaper+1","Shockwave","Flame Barrier","Metallicize"],"campfire_rested":3,"item_purchase_floors":[5,21,21,29,29],"current_hp_per_floor":[68,71,71,76,76,76,77,57,57,54,54,39,34,23,47,17,66,56,56,28,28,10,35,32,57,57,65,60,60,60,52,52,0],"gold":69,"neow_bonus":"HUNDRED_GOLD","is_prod":false,"is_daily":false,"chose_seed":false,"campfire_upgraded":3,"win_rate":0,"timestamp":1565476740,"path_taken":["M","?","?","M","?","R","M","E","T","E","R","?","E","?","R","BOSS","M","?","M","$","?","R","M","R","T","M","?","$","E","?","R","BOSS"],"build_version":"2019-07-17","purchased_purges":2,"victory":false,"max_hp_per_floor":[75,75,75,76,76,76,77,78,78,79,79,80,81,81,81,82,82,83,83,84,84,85,85,86,86,86,87,87,87,88,89,89,89],"card_choices":[{"not_picked":["Clothesline","Sentinel"],"picked":"Hemokinesis","floor":1.0},{"not_picked":["Perfected Strike","Cleave"],"picked":"Anger","floor":2.0},{"not_picked":["Warcry","Havoc","Flex"],"picked":"SKIP","floor":4.0},{"not_picked":["Warcry","Havoc","Flex"],"picked":"SKIP","floor":4.0},{"not_picked":["Clash","Flex"],"picked":"Seeing Red","floor":7.0},{"not_picked":["Infernal Blade","Spot Weakness"],"picked":"Offering","floor":8.0},{"not_picked":["Flex","Wild Strike+1"],"picked":"Cleave+1","floor":10.0},{"not_picked":["Cleave+1","Flex"],"picked":"Blood for Blood+1","floor":12.0},{"not_picked":["Armaments","Heavy Blade+1"],"picked":"Headbutt+1","floor":13.0},{"not_picked":["Dark Embrace","Berserk"],"picked":"Demon Form","floor":16.0},{"not_picked":["Clash+1","Thunderclap+1"],"picked":"Clothesline+1","floor":18},{"not_picked":["Clash+1","Thunderclap+1"],"picked":"Metallicize+1","floor":20},{"not_picked":["Sword Boomerang+1","Intimidate"],"picked":"Corruption","floor":22},{"not_picked":["Corruption","Perfected Strike+1"],"picked":"True Grit+1","floor":24},{"not_picked":["Cleave+1","Sword Boomerang+1"],"picked":"Battle Trance","floor":27},{"not_picked":["Double Tap","Pommel Strike+1"],"picked":"Armaments+1","floor":30},{"not_picked":["Burning Pact","Body Slam+1"],"picked":"Bloodletting","floor":31}],"player_experience":1362463,"relics_obtained":[{"floor":8.0,"key":"Unceasing Top"},{"floor":9.0,"key":"Molten Egg 2"},{"floor":10.0,"key":"Bag of Marbles"},{"floor":13.0,"key":"Self Forming Clay"},{"floor":17.0,"key":"Centennial Puzzle"},{"floor":17.0,"key":"Letter Opener"},{"floor":17.0,"key":"StoneCalendar"},{"floor":26,"key":"The Courier"},{"floor":30,"key":"Red Skull"}],"event_choices":[{"damage_healed":0.0,"max_hp_gain":0.0,"max_hp_loss":0.0,"gold_gain":0.0,"event_name":"FaceTrader","player_choice":"Trade","floor":3.0,"gold_loss":0.0,"damage_taken":0.0,"relics_obtained":["FaceOfCleric"]},{"damage_healed":0.0,"max_hp_gain":0.0,"max_hp_loss":0.0,"gold_gain":75.0,"event_name":"World of Goop","player_choice":"Gather Gold","floor":14.0,"gold_loss":0.0,"damage_taken":11.0},{"damage_healed":0,"gold_gain":0,"cards_transformed":["Strike_R"],"player_choice":"Transformed","damage_taken":0,"max_hp_gain":0,"max_hp_loss":0,"event_name":"Transmorgrifier","floor":19,"gold_loss":0,"cards_obtained":["Sever Soul"]},{"damage_healed":0,"gold_gain":0,"player_choice":"Bought 0 Potions","damage_taken":0,"max_hp_gain":0,"max_hp_loss":0,"event_name":"The Woman in Blue","floor":28,"gold_loss":0}],"is_beta":false,"boss_relics":[{"not_picked":["White Beast Statue","Tiny House"],"picked":"Calling Bell"}],"items_purged_floors":[5,21],"is_endless":false,"potions_floor_spawned":[1,2,8,10,18,27,30,31],"killed_by":"Automaton","ascension_level":20}