{"gold_per_floor":[119,130,150,174,174,174,204,204,230,260,272,290,317,327,327,399,399,410,410,421,421,433,465,25,25],"floor_reached":25,"playtime":876,"items_purged":[],"score":625,"play_id":"35e02a1e-0ccc-4fe0-9377-8c5356cb85fc","local_time":"20190720224550","is_ascension_mode":true,"campfire_choices":[{"data":"Rip and Tear","floor":6,"key":"SMITH"},{"data":"Buffer","floor":8,"key":"SMITH"},{"data":"Darkness","floor":15,"key":"SMITH"}],"neow_cost":"TEN_PERCENT_HP_LOSS","seed_source_timestamp":29890214027534,"circlet_count":0,"master_deck":["AscendersBane","Defend_B","Defend_B","Defend_B","Defend_B+1","Zap+1","Dualcast","Lockon","Rip and Tear+1","Buffer+1","Sweeping Beam","Static Discharge","Consume","Darkness+1","Core Surge","Glacier","Bite","Bite","Bite","Bite","Bite","Leap+1","Coolheaded"],"relics":["Cracked Core","Incense Burner","Smiling Mask","Strawberry","Potion Belt","War Paint","Bronze Scales","Philosopher\u0027s Stone","Blood Vial","Kunai","ClockworkSouvenir"],"potions_floor_usage":[7,10,23,23,25,25],"damage_taken":[{"damage":0,"enemies":"Cultist","floor":1,"turns":4},{"damage":11,"enemies":"Jaw Worm","floor":2,"turns":4},{"damage":0,"enemies":"2 Louse","floor":3,"turns":2},{"damage":0,"enemies":"Lagavulin","floor":7,"turns":4},{"damage":14,"enemies":"3 Sentries","floor":10,"turns":11},{"damage":9,"enemies":"Exordium Thugs","floor":11,"turns":4},{"damage":8,"enemies":"3 Louse","floor":12,"turns":3},{"damage":0,"enemies":"Lagavulin","floor":13,"turns":7},{"damage":0,"enemies":"Large Slime","floor":14,"turns":6},{"damage":0,"enemies":"Slime Boss","floor":16,"turns":6},{"damage":19,"enemies":"2 Thieves","floor":18,"turns":3},{"damage":6,"enemies":"Chosen","floor":20,"turns":5},{"damage":2,"enemies":"Centurion and Healer","floor":22,"turns":11},{"damage":48,"enemies":"Gremlin Leader","floor":23,"turns":10},{"damage":35,"enemies":"Slavers","floor":25,"turns":2}],"seed_played":"-787927246141454381","potions_obtained":[{"floor":1,"key":"PowerPotion"},{"floor":3,"key":"SkillPotion"},{"floor":11,"key":"AttackPotion"},{"floor":12,"key":"FocusPotion"},{"floor":13,"key":"SkillPotion"},{"floor":14,"key":"Dexterity Potion"},{"floor":20,"key":"Swift Potion"},{"floor":23,"key":"Strength Potion"}],"is_trial":false,"path_per_floor":["M","M","M","T","?","R","E","R","T","E","M","M","E","M","R","B",null,"M","?","M","?","M","E","$","E"],"character_chosen":"DEFECT","items_purchased":["Kunai","ClockworkSouvenir"],"campfire_rested":0,"item_purchase_floors":[24,24],"current_hp_per_floor":[64,53,53,53,53,53,60,60,60,46,37,29,29,29,29,29,61,42,42,46,34,54,20,20,0],"gold":25,"neow_bonus":"ONE_RARE_RELIC","is_prod":false,"is_daily":false,"chose_seed":false,"campfire_upgraded":3,"win_rate":0,"timestamp":1563655550,"path_taken":["M","?","M","?","?","R","E","R","T","E","M","M","E","M","R","BOSS","M","?","M","?","?","E","?","E"],"build_version":"2019-07-18","purchased_purges":0,"victory":false,"max_hp_per_floor":[64,64,64,64,64,64,71,71,71,71,71,71,71,71,71,71,71,71,49,49,54,54,54,54,54],"card_choices":[{"not_picked":["Hologram","Barrage"],"picked":"Lockon","floor":1},{"not_picked":["Fusion","Go for the Eyes"],"picked":"Rip and Tear","floor":2},{"not_picked":["Hologram","Coolheaded","Force Field"],"picked":"SKIP","floor":3},{"not_picked":["Self Repair","Reboot"],"picked":"Buffer","floor":7},{"not_picked":["Tempest","Aggregate"],"picked":"Sweeping Beam","floor":10},{"not_picked":["Heatsinks","Streamline","Go for the Eyes"],"picked":"SKIP","floor":11},{"not_picked":["Coolheaded","Reinforced Body"],"picked":"Static Discharge","floor":12},{"not_picked":["BootSequence","Tempest"],"picked":"Consume","floor":13},{"not_picked":["Genetic Algorithm","Barrage"],"picked":"Darkness","floor":14},{"not_picked":["Fission","Reboot"],"picked":"Core Surge","floor":16},{"not_picked":["Rebound","Double Energy"],"picked":"Glacier","floor":18},{"not_picked":["Conserve Battery","Rebound"],"picked":"Leap+1","floor":20},{"not_picked":["Static Discharge","Redo","Double Energy"],"picked":"SKIP","floor":22},{"not_picked":["Blizzard","Aggregate"],"picked":"Coolheaded","floor":23}],"player_experience":1906200,"relics_obtained":[{"floor":4,"key":"Smiling Mask"},{"floor":7,"key":"Strawberry"},{"floor":9,"key":"Potion Belt"},{"floor":10,"key":"War Paint"},{"floor":13,"key":"Bronze Scales"},{"floor":23,"key":"Blood Vial"}],"event_choices":[{"damage_healed":0,"gold_gain":0,"player_choice":"Ignored","damage_taken":0,"max_hp_gain":0,"max_hp_loss":0,"event_name":"Liars Game","floor":5,"gold_loss":0},{"damage_healed":0,"gold_gain":0,"player_choice":"Became a vampire","damage_taken":0,"max_hp_gain":0,"max_hp_loss":22,"event_name":"Vampires","floor":19,"gold_loss":0,"cards_obtained":["Bite","Bite","Bite","Bite","Bite"]},{"damage_healed":0,"gold_gain":0,"player_choice":"Shed Blood","damage_taken":17,"max_hp_gain":5,"max_hp_loss":0,"event_name":"Forgotten Altar","floor":21,"gold_loss":0}],"is_beta":true,"boss_relics":[{"not_picked":["Coffee Dripper","Calling Bell"],"picked":"Philosopher\u0027s Stone"}],"items_purged_floors":[],"is_endless":false,"potions_floor_spawned":[1,3,11,12,13,14,18,20,23],"killed_by":"Slavers","ascension_level":15}