{"gold_per_floor":[119,194,206,224,30,30,137,183,257,257,317,371,409,469,481,570,582,638,693,760,811,873,885,930,942,1035,1047],"floor_reached":27,"playtime":2415,"items_purged":[],"score":527,"play_id":"9ecc8d49-2924-42fb-a549-000f33161cea","local_time":"20190729122326","is_ascension_mode":true,"campfire_choices":[{"data":"HandOfGreed","floor":6.0,"key":"SMITH"},{"data":"Bash","floor":10.0,"key":"SMITH"},{"data":"Feel No Pain","floor":15.0,"key":"SMITH"},{"floor":23.0,"key":"REST"},{"data":"Flame Barrier","floor":25.0,"key":"SMITH"}],"neow_cost":"NONE","seed_source_timestamp":823191726889059,"circlet_count":0,"master_deck":["AscendersBane","Strike_R","Strike_R","Strike_R","Strike_R","Strike_R","Defend_R","Defend_R","Defend_R","Defend_R","Bash+1","Anger","Twin Strike","Feel No Pain+1","HandOfGreed+1","Cleave","Havoc","True Grit","Immolate","Shrug It Off","Warcry","Havoc","Disarm+1","Flame Barrier+1"],"special_seed":0,"relics":["Burning Blood","Oddly Smooth Stone","Bag of Preparation","Odd Mushroom","Pantograph","Vajra","MawBank","Runic Dome","Red Mask","Singing Bowl","Blue Candle"],"potions_floor_usage":[],"damage_taken":[{"damage":1.0,"enemies":"Jaw Worm","floor":1.0,"turns":5.0},{"damage":0.0,"enemies":"Small Slimes","floor":3.0,"turns":3.0},{"damage":8.0,"enemies":"2 Louse","floor":4.0,"turns":3.0},{"damage":6.0,"enemies":"3 Sentries","floor":7.0,"turns":13.0},{"damage":3.0,"enemies":"The Mushroom Lair","floor":8.0,"turns":2.0},{"damage":6.0,"enemies":"Lots of Slimes","floor":11.0,"turns":6.0},{"damage":34.0,"enemies":"Lagavulin","floor":12.0,"turns":5.0},{"damage":31.0,"enemies":"Gremlin Gang","floor":13.0,"turns":4.0},{"damage":13.0,"enemies":"3 Sentries","floor":14.0,"turns":8.0},{"damage":48.0,"enemies":"The Guardian","floor":16.0,"turns":14.0},{"damage":12.0,"enemies":"Chosen","floor":18.0,"turns":3.0},{"damage":15.0,"enemies":"2 Thieves","floor":19.0,"turns":3.0},{"damage":7.0,"enemies":"Masked Bandits","floor":20.0,"turns":3.0},{"damage":1.0,"enemies":"Snecko","floor":21.0,"turns":4.0},{"damage":13.0,"enemies":"Gremlin Leader","floor":24.0,"turns":7.0},{"damage":70,"enemies":"Slavers","floor":27,"turns":4}],"seed_played":"4460793038057677657","potions_obtained":[{"floor":1.0,"key":"EntropicBrew"},{"floor":4.0,"key":"Block Potion"},{"floor":7.0,"key":"Explosive Potion"},{"floor":8.0,"key":"Ancient Potion"},{"floor":13.0,"key":"Swift Potion"},{"floor":18.0,"key":"Strength Potion"},{"floor":21.0,"key":"SteroidPotion"}],"is_trial":false,"path_per_floor":["M","?","M","M","$","R","E","?","T","R","M","E","M","E","R","B",null,"M","M","?","M","?","R","E","R","T","E"],"character_chosen":"IRONCLAD","items_purchased":["HandOfGreed"],"campfire_rested":1,"item_purchase_floors":[5],"current_hp_per_floor":[73,62,68,66,66,66,66,69,69,69,69,41,16,9,9,10,59,53,44,43,48,48,70,63,63,63,0],"gold":1047,"neow_bonus":"RANDOM_COMMON_RELIC","is_prod":false,"is_daily":false,"chose_seed":false,"campfire_upgraded":4,"win_rate":0,"timestamp":1564392206,"path_taken":["M","?","M","M","$","R","E","?","T","R","M","E","M","E","R","BOSS","M","M","?","M","?","R","E","R","T","E"],"build_version":"2019-07-17","purchased_purges":0,"victory":false,"max_hp_per_floor":[75,75,75,75,75,75,75,75,75,75,75,75,75,75,75,75,75,75,75,75,75,75,75,75,75,75,75],"card_choices":[{"not_picked":["Whirlwind","Shrug It Off"],"picked":"Anger","floor":1.0},{"not_picked":["Cleave","Havoc"],"picked":"Twin Strike","floor":3.0},{"not_picked":["Disarm","Uppercut"],"picked":"Feel No Pain","floor":4.0},{"not_picked":["Body Slam","Twin Strike"],"picked":"Cleave","floor":7.0},{"not_picked":["Thunderclap","Rampage"],"picked":"Havoc","floor":8.0},{"not_picked":["Iron Wave","Blood for Blood","Wild Strike"],"picked":"SKIP","floor":11.0},{"not_picked":["Iron Wave","Blood for Blood","Wild Strike"],"picked":"SKIP","floor":11.0},{"not_picked":["Pommel Strike","Brutality"],"picked":"True Grit","floor":12.0},{"not_picked":["Intimidate","Wild Strike","Heavy Blade"],"picked":"SKIP","floor":13.0},{"not_picked":["Perfected Strike","Body Slam","Whirlwind"],"picked":"SKIP","floor":14.0},{"not_picked":["Feed","Impervious"],"picked":"Immolate","floor":16.0},{"not_picked":["Whirlwind","Reckless Charge"],"picked":"Shrug It Off","floor":18.0},{"not_picked":["Wild Strike","Thunderclap"],"picked":"Warcry","floor":19.0},{"not_picked":["Wild Strike","Rage"],"picked":"Havoc","floor":20.0},{"not_picked":["Combust","Body Slam"],"picked":"Disarm+1","floor":21.0},{"not_picked":["Shockwave","Clash"],"picked":"Flame Barrier","floor":24.0}],"player_experience":1054861,"relics_obtained":[{"floor":7.0,"key":"Bag of Preparation"},{"floor":8.0,"key":"Odd Mushroom"},{"floor":9.0,"key":"Pantograph"},{"floor":12.0,"key":"Vajra"},{"floor":14.0,"key":"MawBank"},{"floor":20.0,"key":"Red Mask"},{"floor":24.0,"key":"Singing Bowl"},{"floor":26.0,"key":"Blue Candle"}],"event_choices":[{"damage_healed":0.0,"max_hp_gain":0.0,"max_hp_loss":0.0,"gold_gain":75.0,"event_name":"World of Goop","player_choice":"Gather Gold","floor":2.0,"gold_loss":0.0,"damage_taken":11.0},{"damage_healed":0.0,"max_hp_gain":0.0,"max_hp_loss":0.0,"gold_gain":0.0,"event_name":"Mushrooms","player_choice":"Fought Mushrooms","floor":8.0,"gold_loss":0.0,"damage_taken":0.0},{"damage_healed":0.0,"max_hp_gain":0.0,"max_hp_loss":0.0,"gold_gain":0.0,"event_name":"Masked Bandits","player_choice":"Fought Bandits","floor":20.0,"gold_loss":0.0,"damage_taken":0.0},{"damage_healed":0.0,"max_hp_gain":0.0,"max_hp_loss":0.0,"gold_gain":100.0,"event_name":"The Joust","player_choice":"Bet on Murderer","floor":22.0,"gold_loss":50.0,"damage_taken":0.0}],"is_beta":false,"boss_relics":[{"not_picked":["Orrery","Ectoplasm"],"picked":"Runic Dome"}],"items_purged_floors":[],"is_endless":false,"potions_floor_spawned":[1,4,7,8,13,18,21],"killed_by":"Slavers","ascension_level":20}