{"gold_per_floor":[114,127,146,146,12,12,41,41,41,54,54,54,81,52,52,52],"floor_reached":16,"playtime":463,"items_purged":["Strike_B"],"score":216,"play_id":"98c1fddc-65ff-444c-990a-f07584d59339","local_time":"20190703200745","is_ascension_mode":true,"campfire_choices":[{"data":"Zap","floor":6,"key":"SMITH"},{"data":"Biased Cognition","floor":8,"key":"SMITH"},{"floor":15,"key":"REST"}],"neow_cost":"NONE","seed_source_timestamp":2067094849939,"circlet_count":0,"master_deck":["AscendersBane","Strike_B","Strike_B","Strike_B","Defend_B","Defend_B","Defend_B","Defend_B","Zap+1","Dualcast","Steam","Undo","Fusion+1","Ball Lightning","Biased Cognition+1","Reinforced Body","Cold Snap"],"relics":["Cracked Core","Lantern","Bottled Flame","Peace Pipe"],"potions_floor_usage":[7],"damage_taken":[{"damage":0,"enemies":"Small Slimes","floor":1,"turns":4},{"damage":2,"enemies":"Jaw Worm","floor":2,"turns":4},{"damage":0,"enemies":"Cultist","floor":3,"turns":4},{"damage":40,"enemies":"3 Sentries","floor":7,"turns":10},{"damage":0,"enemies":"Red Slaver","floor":10,"turns":3},{"damage":14,"enemies":"Lagavulin","floor":13,"turns":7},{"damage":46,"enemies":"The Guardian","floor":16,"turns":12}],"seed_played":"-765403370024912772","potions_obtained":[{"floor":3,"key":"Block Potion"},{"floor":13,"key":"SpeedPotion"}],"is_trial":false,"path_per_floor":["M","M","M","?","$","R","E","R","T","M","?","$","E","$","R","B"],"character_chosen":"DEFECT","items_purchased":["Ball Lightning","Cold Snap"],"campfire_rested":1,"item_purchase_floors":[5,14],"current_hp_per_floor":[71,69,69,69,69,69,29,29,29,29,24,24,10,10,33,0],"gold":52,"neow_bonus":"TEN_PERCENT_HP_BONUS","is_prod":false,"is_daily":false,"chose_seed":false,"campfire_upgraded":2,"win_rate":0,"timestamp":1562177265,"path_taken":["M","M","M","?","$","R","E","R","T","M","?","$","E","?","R","BOSS"],"build_version":"2019-06-30","purchased_purges":1,"victory":false,"max_hp_per_floor":[78,78,78,78,78,78,78,78,78,78,78,78,78,78,78,78],"card_choices":[{"not_picked":["Stack","Rebound"],"picked":"Steam","floor":1},{"not_picked":["Steam","Go for the Eyes"],"picked":"Undo","floor":2},{"not_picked":["Auto Shields","Gash"],"picked":"Fusion","floor":3},{"not_picked":["Chaos","White Noise"],"picked":"Biased Cognition","floor":7},{"not_picked":["Melter","Steam"],"picked":"Reinforced Body","floor":10},{"not_picked":["Conserve Battery","Steam","Streamline"],"picked":"SKIP","floor":13}],"player_experience":1799360,"relics_obtained":[{"floor":7,"key":"Lantern"},{"floor":9,"key":"Bottled Flame"},{"floor":13,"key":"Peace Pipe"}],"event_choices":[{"damage_healed":0,"gold_gain":0,"player_choice":"Grow","damage_taken":0,"max_hp_gain":0,"max_hp_loss":0,"event_name":"Living Wall","floor":4,"gold_loss":0,"cards_upgraded":["Fusion"]},{"damage_healed":0,"gold_gain":0,"player_choice":"Fled","damage_taken":5,"max_hp_gain":0,"max_hp_loss":0,"event_name":"Scrap Ooze","floor":11,"gold_loss":0}],"is_beta":true,"boss_relics":[],"items_purged_floors":[5],"is_endless":false,"potions_floor_spawned":[3,13],"killed_by":"The Guardian","ascension_level":20}