{"gold_per_floor":[115,127,202,202,202,202,227,15,15,48,67,10,10,23,23,97,97,116,116,145,245,263,263,298,298,298,333,352,34,46,105,105,105],"floor_reached":33,"playtime":995,"items_purged":["Strike_B"],"score":722,"play_id":"7576c59f-1797-4bda-bec0-13d66599f735","local_time":"20190618083501","is_ascension_mode":true,"campfire_choices":[{"data":"Coolheaded","floor":6,"key":"SMITH"},{"data":"Zap","floor":13,"key":"SMITH"},{"data":"Doom and Gloom","floor":15,"key":"SMITH"},{"floor":23,"key":"REST"},{"data":"Machine Learning","floor":25,"key":"SMITH"},{"floor":32,"key":"REST"}],"neow_cost":"NONE","seed_source_timestamp":3016467751834,"circlet_count":0,"master_deck":["AscendersBane","Defend_B","Defend_B","Defend_B","Zap+1","Dualcast","Ball Lightning","Coolheaded+1","Doom and Gloom+1","BootSequence","Ball Lightning","Cold Snap","Reinforced Body","Electrodynamics","Go for the Eyes+1","Chaos+1","Meteor Strike+1","Sweeping Beam","Hologram","Conserve Battery","Machine Learning+1","Fusion","Self Repair"],"relics":["Cracked Core","NeowsBlessing","Darkstone Periapt","Bag of Preparation","Gremlin Horn","Astrolabe","Red Mask","Calipers","The Courier","Pantograph","Bottled Tornado","Prayer Wheel","Bird Faced Urn","Tiny Chest"],"potions_floor_usage":[16,21,27,30,30,33],"damage_taken":[{"damage":0,"enemies":"2 Louse","floor":1,"turns":1},{"damage":0,"enemies":"Small Slimes","floor":2,"turns":2},{"damage":0,"enemies":"Gremlin Nob","floor":7,"turns":1},{"damage":13,"enemies":"Lagavulin","floor":10,"turns":6},{"damage":0,"enemies":"Jaw Worm","floor":11,"turns":2},{"damage":7,"enemies":"3 Louse","floor":14,"turns":3},{"damage":17,"enemies":"Slime Boss","floor":16,"turns":7},{"damage":0,"enemies":"3 Byrds","floor":18,"turns":2},{"damage":2,"enemies":"Masked Bandits","floor":20,"turns":2},{"damage":2,"enemies":"Colosseum Slavers","floor":21,"turns":4},{"damage":17,"enemies":"Colosseum Nobs","floor":21,"turns":4},{"damage":7,"enemies":"Chosen","floor":22,"turns":5},{"damage":0,"enemies":"Gremlin Leader","floor":24,"turns":5},{"damage":40,"enemies":"Book of Stabbing","floor":27,"turns":6},{"damage":0,"enemies":"Centurion and Healer","floor":28,"turns":8},{"damage":7,"enemies":"Snake Plant","floor":30,"turns":5},{"damage":14,"enemies":"Slavers","floor":31,"turns":3},{"damage":67,"enemies":"Automaton","floor":33,"turns":8}],"seed_played":"-3876737693203784200","potions_obtained":[{"floor":10,"key":"Swift Potion"},{"floor":24,"key":"Fruit Juice"},{"floor":27,"key":"Fire Potion"},{"floor":28,"key":"Energy Potion"},{"floor":31,"key":"FocusPotion"}],"is_trial":false,"path_per_floor":["M","M","?","?","?","R","E","$","T","E","M","$","R","M","R","B",null,"M","?","?","?","M","R","E","R","T","E","M","$","M","E","R","B"],"character_chosen":"DEFECT","items_purchased":["BootSequence","Ball Lightning","AttackPotion","Self Repair","Bird Faced Urn"],"campfire_rested":2,"item_purchase_floors":[8,8,12,29,29],"current_hp_per_floor":[64,64,53,53,46,46,46,46,46,33,33,33,33,26,26,9,56,56,56,54,35,28,49,49,49,49,14,14,14,20,8,30,0],"gold":105,"neow_bonus":"THREE_ENEMY_KILL","is_prod":false,"is_daily":false,"chose_seed":false,"campfire_upgraded":4,"win_rate":0,"timestamp":1560839701,"path_taken":["M","M","?","?","?","R","E","$","T","E","M","$","R","M","R","BOSS","M","?","?","?","M","R","E","R","T","E","?","$","M","E","R","BOSS"],"build_version":"2019-06-13","purchased_purges":1,"victory":false,"max_hp_per_floor":[71,71,71,71,71,71,71,71,71,71,71,71,71,71,71,71,71,71,71,71,71,71,71,71,71,71,76,76,76,76,76,76,76],"card_choices":[{"not_picked":["Compile Driver","Streamline"],"picked":"Ball Lightning","floor":1},{"not_picked":["Beam Cell","Go for the Eyes"],"picked":"Coolheaded","floor":2},{"not_picked":["Steam Power","Reinforced Body"],"picked":"Doom and Gloom","floor":7},{"not_picked":["Turbo","Redo"],"picked":"Cold Snap","floor":10},{"not_picked":["Coolheaded","Turbo"],"picked":"Reinforced Body","floor":11},{"not_picked":["Steam Power","Beam Cell","Gash"],"picked":"SKIP","floor":14},{"not_picked":["All For One","Fission"],"picked":"Electrodynamics","floor":16},{"not_picked":["Rebound","Melter"],"picked":"Sweeping Beam","floor":18},{"not_picked":["Reinforced Body","Melter+1"],"picked":"Hologram","floor":20},{"not_picked":["Streamline","Barrage"],"picked":"Conserve Battery","floor":21},{"not_picked":["Darkness","Streamline","Cold Snap"],"picked":"SKIP","floor":22},{"not_picked":["Stack","Conserve Battery"],"picked":"Machine Learning","floor":24},{"not_picked":["Beam Cell","Stack"],"picked":"Fusion","floor":27},{"not_picked":["Ball Lightning+1","Force Field","Static Discharge"],"picked":"SKIP","floor":28},{"not_picked":["Coolheaded","Force Field","Melter+1"],"picked":"SKIP","floor":28},{"not_picked":["Ball Lightning","Scrape","Beam Cell"],"picked":"SKIP","floor":30},{"not_picked":["Hologram","Stack","Sweeping Beam"],"picked":"SKIP","floor":30},{"not_picked":["Heatsinks","Barrage","BootSequence"],"picked":"SKIP","floor":31}],"player_experience":1725771,"relics_obtained":[{"floor":7,"key":"Darkstone Periapt"},{"floor":9,"key":"Bag of Preparation"},{"floor":10,"key":"Gremlin Horn"},{"floor":20,"key":"Red Mask"},{"floor":21,"key":"Calipers"},{"floor":21,"key":"The Courier"},{"floor":24,"key":"Pantograph"},{"floor":26,"key":"Bottled Tornado"},{"floor":27,"key":"Prayer Wheel"},{"floor":31,"key":"Tiny Chest"}],"event_choices":[{"damage_healed":0,"gold_gain":75,"player_choice":"Gather Gold","damage_taken":11,"max_hp_gain":0,"max_hp_loss":0,"event_name":"World of Goop","floor":3,"gold_loss":0},{"damage_healed":0,"gold_gain":0,"player_choice":"Ignored","damage_taken":0,"max_hp_gain":0,"max_hp_loss":0,"event_name":"Liars Game","floor":4,"gold_loss":0},{"cards_removed":["Strike_B"],"damage_healed":0,"gold_gain":0,"player_choice":"Card Removal","damage_taken":7,"max_hp_gain":0,"max_hp_loss":0,"event_name":"Golden Wing","floor":5,"gold_loss":0},{"damage_healed":0,"gold_gain":0,"player_choice":"Ignored","damage_taken":0,"max_hp_gain":0,"max_hp_loss":0,"event_name":"Ghosts","floor":19,"gold_loss":0},{"damage_healed":0,"gold_gain":0,"player_choice":"Fought Bandits","damage_taken":0,"max_hp_gain":0,"max_hp_loss":0,"event_name":"Masked Bandits","floor":20,"gold_loss":0},{"damage_healed":0,"gold_gain":0,"player_choice":"Fight","damage_taken":0,"max_hp_gain":0,"max_hp_loss":0,"event_name":"Colosseum","floor":21,"gold_loss":0},{"damage_healed":0,"gold_gain":0,"player_choice":"Fought Nobs","damage_taken":0,"max_hp_gain":0,"max_hp_loss":0,"event_name":"Colosseum","floor":21,"gold_loss":0}],"is_beta":true,"boss_relics":[{"not_picked":["Lizard Tail","Coffee Dripper"],"picked":"Astrolabe"}],"items_purged_floors":[8],"is_endless":false,"potions_floor_spawned":[10,14,24,27,28,31],"killed_by":"Automaton","ascension_level":20}