{"gold_per_floor":[111,111,286,211,211,211,242,142,192,204,236,236,252,272,272,376,376,388,407,282,282,57,57,70,98,98,108,108,121,121,121,121,218,218,234,253,9,28,28],"floor_reached":39,"playtime":3780,"items_purged":["Doubt","Defend_B","Strike_B","Defend_B","Defend_B"],"score":450,"play_id":"ed6d2158-8fe8-4ee3-8405-271fa91c64b0","local_time":"20190629023810","is_ascension_mode":true,"campfire_choices":[{"data":"Consume","floor":6,"key":"SMITH"},{"data":"Loop","floor":12,"key":"SMITH"},{"floor":15,"key":"REST"},{"data":"Loop","floor":23,"key":"SMITH"},{"floor":28,"key":"REST"},{"data":"Seek","floor":30,"key":"SMITH"},{"floor":32,"key":"RECALL"}],"neow_cost":"CURSE","seed_source_timestamp":17220184963613,"circlet_count":0,"master_deck":["Strike_B","Defend_B+1","Zap","Dualcast+1","Seek+1","Rainbow","Consume+1","Conserve Battery","Loop+1","Coolheaded","Blizzard","Melter","Echo Form","Go for the Eyes","Skim+1","Loop+1","Conserve Battery","Coolheaded","Reprogram","Conserve Battery","Compile Driver+1","Glacier+1","Glacier","Rebound+1"],"relics":["Cracked Core","DataDisk","Dream Catcher","Velvet Choker","Ancient Tea Set","Meat on the Bone","Inserter"],"potions_floor_usage":[24,25,33,33,33,33,33,33],"damage_taken":[{"damage":6,"enemies":"2 Louse","floor":1,"turns":2},{"damage":11,"enemies":"Lagavulin","floor":7,"turns":7},{"damage":4,"enemies":"Jaw Worm","floor":10,"turns":3},{"damage":5,"enemies":"3 Sentries","floor":11,"turns":10},{"damage":4,"enemies":"Small Slimes","floor":13,"turns":3},{"damage":4,"enemies":"Looter","floor":14,"turns":4},{"damage":23,"enemies":"Hexaghost","floor":16,"turns":22},{"damage":0,"enemies":"Spheric Guardian","floor":18,"turns":2},{"damage":6,"enemies":"Chosen","floor":19,"turns":5},{"damage":20,"enemies":"Colosseum Slavers","floor":21,"turns":4},{"damage":23,"enemies":"Snake Plant","floor":24,"turns":4},{"damage":22,"enemies":"Gremlin Leader","floor":25,"turns":15},{"damage":0,"enemies":"Snecko","floor":27,"turns":10},{"damage":1,"enemies":"Chosen and Byrds","floor":29,"turns":13},{"damage":30,"enemies":"Collector","floor":33,"turns":16},{"damage":24,"enemies":"3 Darklings","floor":35,"turns":8},{"damage":10,"enemies":"Orb Walker","floor":36,"turns":6},{"damage":38,"enemies":"Sphere and 2 Shapes","floor":38,"turns":8},{"damage":34,"enemies":"Maw","floor":39,"turns":16}],"seed_played":"4318431496198355401","potions_obtained":[{"floor":1,"key":"Strength Potion"},{"floor":13,"key":"SkillPotion"},{"floor":14,"key":"Poison Potion"},{"floor":19,"key":"FocusPotion"},{"floor":25,"key":"SteroidPotion"},{"floor":27,"key":"Ancient Potion"},{"floor":29,"key":"EntropicBrew"},{"floor":38,"key":"FearPotion"}],"is_trial":false,"path_per_floor":["M","?","?","$","?","R","E","$","T","M","E","R","M","M","R","B",null,"M","M","$","?","$","R","M","E","T","M","R","M","R","?","R","B",null,"M","M","$","M","M"],"character_chosen":"DEFECT","items_purchased":["Loop","Glacier"],"campfire_rested":2,"item_purchase_floors":[22,37],"current_hp_per_floor":[69,62,62,62,47,47,36,36,36,32,27,27,23,19,41,18,75,75,69,69,49,49,49,26,4,4,16,38,49,49,49,49,31,75,51,41,41,15,0],"gold":28,"neow_bonus":"TRANSFORM_TWO_CARDS","is_prod":false,"is_daily":false,"chose_seed":false,"campfire_upgraded":4,"win_rate":0,"timestamp":1561743490,"path_taken":["M","?","?","$","?","R","E","$","T","M","E","R","M","M","R","BOSS","M","M","$","?","$","R","M","E","T","M","R","M","R","?","R","BOSS","M","M","$","M","M"],"build_version":"2019-01-23","purchased_purges":5,"victory":false,"max_hp_per_floor":[75,75,75,75,75,75,75,75,75,75,75,75,75,75,75,75,75,75,75,75,75,75,75,75,75,75,75,75,75,75,75,75,75,75,75,75,75,75,75],"card_choices":[{"not_picked":["Conserve Battery","Glacier"],"picked":"Consume","floor":1},{"not_picked":["Beam Cell","Hello World","Streamline"],"picked":"SKIP","floor":7},{"not_picked":["Gash","Barrage"],"picked":"Conserve Battery","floor":10},{"not_picked":["All For One","Turbo"],"picked":"Loop","floor":11},{"not_picked":["Leap","Redo"],"picked":"Coolheaded","floor":13},{"not_picked":["Lockon","Doom and Gloom"],"picked":"Blizzard","floor":14},{"not_picked":["Steam","Undo"],"picked":"Melter","floor":15},{"not_picked":["Multi-Cast","Biased Cognition"],"picked":"Echo Form","floor":16},{"not_picked":["Barrage","Ball Lightning+1"],"picked":"Go for the Eyes","floor":18},{"not_picked":["Double Energy","Compile Driver+1"],"picked":"Skim+1","floor":19},{"not_picked":["Redo","Darkness"],"picked":"Conserve Battery","floor":24},{"not_picked":["Reprogram","White Noise"],"picked":"Coolheaded","floor":25},{"not_picked":["Beam Cell","Hologram"],"picked":"Reprogram","floor":27},{"not_picked":["Hologram","Force Field"],"picked":"Conserve Battery","floor":28},{"not_picked":["Rebound","Ball Lightning"],"picked":"Compile Driver+1","floor":29},{"not_picked":["Turbo","Conserve Battery+1"],"picked":"Glacier+1","floor":35},{"not_picked":["Barrage+1","Cold Snap","Darkness"],"picked":"SKIP","floor":36},{"not_picked":["Genetic Algorithm+1","Steam"],"picked":"Rebound+1","floor":38}],"player_experience":66842,"relics_obtained":[{"floor":7,"key":"DataDisk"},{"floor":11,"key":"Dream Catcher"},{"floor":25,"key":"Ancient Tea Set"},{"floor":26,"key":"Meat on the Bone"}],"event_choices":[{"cards_removed":["Writhe"],"damage_healed":0,"gold_gain":0,"player_choice":"Card Removal","damage_taken":7,"max_hp_gain":0,"max_hp_loss":0,"event_name":"Golden Wing","floor":2,"gold_loss":0},{"damage_healed":0,"gold_gain":175,"player_choice":"AGREE","damage_taken":0,"max_hp_gain":0,"max_hp_loss":0,"event_name":"Liars Game","floor":3,"gold_loss":0,"cards_obtained":["Doubt"]},{"damage_healed":0,"gold_gain":0,"player_choice":"Entered Light","damage_taken":15,"max_hp_gain":0,"max_hp_loss":0,"event_name":"Shining Light","floor":5,"gold_loss":0,"cards_upgraded":["Dualcast","Defend_B"]},{"damage_healed":0,"gold_gain":0,"player_choice":"Fight","damage_taken":0,"max_hp_gain":0,"max_hp_loss":0,"event_name":"Colosseum","floor":21,"gold_loss":0},{"damage_healed":0,"gold_gain":0,"player_choice":"Fled From Nobs","damage_taken":0,"max_hp_gain":0,"max_hp_loss":0,"event_name":"Colosseum","floor":21,"gold_loss":0},{"damage_healed":0,"gold_gain":0,"player_choice":"Ignored","damage_taken":0,"max_hp_gain":0,"max_hp_loss":0,"event_name":"Ghosts","floor":31,"gold_loss":0}],"is_beta":false,"boss_relics":[{"not_picked":["Fusion Hammer","Runic Dome"],"picked":"Velvet Choker"},{"not_picked":["Astrolabe","FrozenCore"],"picked":"Inserter"}],"items_purged_floors":[4,8,20,22,37],"is_endless":false,"potions_floor_spawned":[1,13,14,16,19,25,27,29,38],"killed_by":"Maw","ascension_level":2}