{"gold_per_floor":[114,124,143,159,159,159,159,195,195,215,215,228,268,289,289,419,419,443,458,483,523,294,332,332,332,359,359,384,384,399,51,51,176,176,199,199,2,26,45,45,45,61,61,82,415,428,428,445,445,445],"floor_reached":51,"playtime":3426,"items_purged":["Strike_G","Strike_G"],"score":1062,"play_id":"e52f0a0c-d80f-413b-9020-50965de240c4","local_time":"20190803044054","is_ascension_mode":true,"campfire_choices":[{"data":"Neutralize","floor":6.0,"key":"SMITH"},{"floor":11.0,"key":"REST"},{"floor":15.0,"key":"REST"},{"floor":24.0,"key":"REST"},{"floor":27.0,"key":"RECALL"},{"floor":32.0,"key":"REST"},{"floor":40,"key":"REST"},{"floor":47,"key":"REST"},{"floor":49,"key":"REST"}],"neow_cost":"NONE","seed_source_timestamp":346031790458400,"circlet_count":0,"master_deck":["Strike_G","Strike_G","Defend_G","Defend_G","Defend_G","Defend_G","Defend_G","Survivor","Neutralize+1","Deadly Poison","PiercingWail","Backstab","Acrobatics","Dodge and Roll+1","Corpse Explosion+1","Acrobatics+1","Malaise+1","Escape Plan+1","Riddle With Holes+1","Burst+1","Blade Dance+1","Distraction+1","Bullet Time+1","Flechettes+1","Night Terror+1","Backflip+1","Backflip+1","Dash+1","Thinking Ahead+1","Secret Weapon+1","Mind Blast+1","Escape Plan+1","Well Laid Plans+1","Dodge and Roll+1","Bouncing Flask+1","Blade Dance+1","Finisher+1"],"special_seed":0,"relics":["Ring of the Snake","Vajra","Ninja Scroll","Toxic Egg 2","Shuriken","Fusion Hammer","Red Mask","Oddly Smooth Stone","Molten Egg 2","Pantograph","Smiling Mask","Bottled Flame","Bag of Marbles","Dream Catcher","Dodecahedron"],"potions_floor_usage":[50],"damage_taken":[{"damage":0.0,"enemies":"Small Slimes","floor":1.0,"turns":4.0},{"damage":0.0,"enemies":"2 Louse","floor":2.0,"turns":3.0},{"damage":8.0,"enemies":"Cultist","floor":3.0,"turns":4.0},{"damage":2.0,"enemies":"Lots of Slimes","floor":4.0,"turns":4.0},{"damage":26.0,"enemies":"3 Sentries","floor":8.0,"turns":9.0},{"damage":0.0,"enemies":"2 Fungi Beasts","floor":10.0,"turns":2.0},{"damage":5.0,"enemies":"Exordium Thugs","floor":12.0,"turns":3.0},{"damage":0.0,"enemies":"Gremlin Nob","floor":13.0,"turns":2.0},{"damage":0.0,"enemies":"Looter","floor":14.0,"turns":1.0},{"damage":15.0,"enemies":"The Guardian","floor":16.0,"turns":11.0},{"damage":0.0,"enemies":"2 Thieves","floor":18.0,"turns":1.0},{"damage":0.0,"enemies":"Spheric Guardian","floor":19.0,"turns":3.0},{"damage":0.0,"enemies":"3 Cultists","floor":20.0,"turns":2.0},{"damage":0.0,"enemies":"Masked Bandits","floor":21.0,"turns":3.0},{"damage":6.0,"enemies":"Gremlin Leader","floor":23.0,"turns":5.0},{"damage":5.0,"enemies":"Cultist and Chosen","floor":28.0,"turns":4.0},{"damage":2.0,"enemies":"Snake Plant","floor":30.0,"turns":3.0},{"damage":47.0,"enemies":"Collector","floor":33.0,"turns":7.0},{"damage":0,"enemies":"3 Darklings","floor":35,"turns":1},{"damage":0,"enemies":"Orb Walker","floor":39,"turns":1},{"damage":0,"enemies":"Jaw Worm Horde","floor":42,"turns":1},{"damage":0,"enemies":"3 Darklings","floor":44,"turns":3},{"damage":0,"enemies":"4 Shapes","floor":46,"turns":3},{"damage":0,"enemies":"Spire Growth","floor":48,"turns":1},{"damage":31,"enemies":"Donu and Deca","floor":50,"turns":6}],"seed_played":"-736098650406902966","potions_obtained":[{"floor":3.0,"key":"FearPotion"},{"floor":12.0,"key":"Weak Potion"},{"floor":13.0,"key":"Explosive Potion"},{"floor":19.0,"key":"Fire Potion"},{"floor":20.0,"key":"GhostInAJar"},{"floor":23.0,"key":"Energy Potion"}],"is_trial":false,"path_per_floor":["M","M","M","M","?","R","?","E","T","M","R","M","E","M","R","B",null,"M","M","M","?","$","E","R","T","T","R","M","?","M","$","R","B",null,"M","?","$","T","M","R","?","M","T","M","?","M","R","M","R","B",null],"character_chosen":"THE_SILENT","items_purchased":["Oddly Smooth Stone","Flechettes+1","Bottled Flame","Bag of Marbles","Backflip+1"],"campfire_rested":7,"item_purchase_floors":[22,31,31,37,37],"current_hp_per_floor":[63,63,55,53,53,53,53,27,27,27,48,43,43,43,64,49,65,65,65,65,65,65,59,70,70,70,70,65,65,63,63,70,23,58,58,70,70,70,70,70,60,60,60,60,60,60,70,70,70,39],"gold":445,"neow_bonus":"RANDOM_COMMON_RELIC","is_prod":false,"is_daily":false,"chose_seed":false,"campfire_upgraded":1,"win_rate":0,"timestamp":1564821654,"path_taken":["M","M","M","M","?","R","?","E","T","?","R","?","E","M","R","BOSS","M","M","M","?","$","E","R","?","T","R","M","?","M","$","R","BOSS","M","?","$","?","M","R","?","M","T","?","?","M","R","M","R","BOSS"],"build_version":"2019-07-18","purchased_purges":2,"victory":true,"max_hp_per_floor":[70,70,70,70,70,70,70,70,70,70,70,70,70,70,70,70,70,70,70,70,70,70,70,70,70,70,70,70,70,70,70,70,70,70,70,70,70,70,70,70,70,70,70,70,70,70,70,70,70,70],"card_choices":[{"not_picked":["Prepared","PiercingWail"],"picked":"Deadly Poison","floor":1.0},{"not_picked":["Quick Slash","A Thousand Cuts"],"picked":"PiercingWail","floor":2.0},{"not_picked":["Underhanded Strike","Dagger Throw"],"picked":"Backstab","floor":3.0},{"not_picked":["Bane","Prepared"],"picked":"Acrobatics","floor":4.0},{"not_picked":["Flying Knee","Grand Finale","Distraction"],"picked":"SKIP","floor":8.0},{"not_picked":["Eviscerate","Prepared+1"],"picked":"Dodge and Roll+1","floor":10.0},{"not_picked":["Quick Slash","Endless Agony","Slice"],"picked":"SKIP","floor":12.0},{"not_picked":["Flying Knee","Blade Dance+1"],"picked":"Corpse Explosion+1","floor":13.0},{"not_picked":["Tactician+1","Skewer"],"picked":"Acrobatics+1","floor":14.0},{"not_picked":["Unload","Envenom"],"picked":"Malaise+1","floor":16.0},{"not_picked":["Flying Knee+1","Dagger Spray"],"picked":"Escape Plan+1","floor":18.0},{"not_picked":["Prepared+1","Setup+1"],"picked":"Riddle With Holes+1","floor":19.0},{"not_picked":["Outmaneuver+1","Deadly Poison+1","Riddle With Holes+1"],"picked":"SKIP","floor":20.0},{"not_picked":["Poisoned Stab+1","Sucker Punch"],"picked":"Burst+1","floor":21.0},{"not_picked":["Poisoned Stab","Slice+1"],"picked":"Caltrops","floor":23.0},{"not_picked":["Concentrate+1","Flying Knee+1"],"picked":"Blade Dance+1","floor":28.0},{"not_picked":["Caltrops","Dodge and Roll+1"],"picked":"Bullet Time+1","floor":30.0},{"not_picked":["Doppelganger+1","Bullet Time+1"],"picked":"Night Terror+1","floor":33.0},{"not_picked":["Distraction+1","Poisoned Stab+1","Tactician+1"],"picked":"SKIP","floor":35},{"not_picked":["Setup+1","Sucker Punch+1"],"picked":"Backflip+1","floor":39},{"not_picked":["Deflect+1","Deadly Poison+1"],"picked":"Dash+1","floor":40},{"not_picked":["The Bomb+1","Enlightenment+1"],"picked":"Thinking Ahead+1","floor":41},{"not_picked":["Jack Of All Trades+1","Magnetism"],"picked":"Secret Weapon+1","floor":41},{"not_picked":["HandOfGreed+1","Panacea+1"],"picked":"Mind Blast+1","floor":41},{"not_picked":["Endless Agony+1","Dagger Throw+1"],"picked":"Escape Plan+1","floor":42},{"not_picked":["Caltrops+1","Flying Knee+1"],"picked":"Well Laid Plans+1","floor":44},{"not_picked":["Slice+1","Flying Knee+1"],"picked":"Dodge and Roll+1","floor":46},{"not_picked":["Blade Dance+1","Sucker Punch+1"],"picked":"Bouncing Flask+1","floor":47},{"not_picked":["Prepared+1","Blur+1"],"picked":"Blade Dance+1","floor":48},{"not_picked":["Deflect+1","Outmaneuver+1"],"picked":"Finisher+1","floor":49}],"player_experience":330596,"relics_obtained":[{"floor":8.0,"key":"Ninja Scroll"},{"floor":9.0,"key":"Toxic Egg 2"},{"floor":13.0,"key":"Shuriken"},{"floor":21.0,"key":"Red Mask"},{"floor":23.0,"key":"Molten Egg 2"},{"floor":25.0,"key":"Pantograph"},{"floor":26.0,"key":"Smiling Mask"},{"floor":38,"key":"Dream Catcher"},{"floor":43,"key":"Dodecahedron"}],"event_choices":[{"damage_healed":0.0,"max_hp_gain":0.0,"max_hp_loss":0.0,"gold_gain":0.0,"event_name":"Golden Idol","player_choice":"Take Wound","floor":5.0,"gold_loss":0.0,"damage_taken":0.0,"relics_obtained":["Golden Idol"],"cards_obtained":["Injury"]},{"cards_removed":["Injury"],"damage_healed":0.0,"max_hp_gain":0.0,"max_hp_loss":0.0,"gold_gain":0.0,"event_name":"Purifier","player_choice":"Purged","floor":7.0,"gold_loss":0.0,"damage_taken":0.0},{"damage_healed":0.0,"max_hp_gain":0.0,"max_hp_loss":0.0,"gold_gain":0.0,"event_name":"Masked Bandits","player_choice":"Fought Bandits","floor":21.0,"gold_loss":0.0,"damage_taken":0.0},{"damage_healed":0.0,"max_hp_gain":0.0,"max_hp_loss":0.0,"gold_gain":0.0,"cards_transformed":["Strike_G"],"event_name":"Transmorgrifier","player_choice":"Transformed","floor":29.0,"gold_loss":0.0,"damage_taken":0.0,"cards_obtained":["Distraction"]},{"cards_removed":["Caltrops"],"damage_healed":12,"gold_gain":0,"player_choice":"Offered Uncommon","damage_taken":0,"max_hp_gain":0,"max_hp_loss":0,"event_name":"Bonfire Elementals","floor":36,"gold_loss":0},{"damage_healed":0,"gold_gain":0,"player_choice":"Memory 3","damage_taken":10,"max_hp_gain":0,"max_hp_loss":0,"event_name":"SensoryStone","floor":41,"gold_loss":0},{"damage_healed":0,"gold_gain":333,"player_choice":"Gave Idol","damage_taken":0,"max_hp_gain":0,"max_hp_loss":0,"event_name":"The Moai Head","floor":45,"relics_lost":["Golden Idol"],"gold_loss":0}],"is_beta":true,"boss_relics":[{"not_picked":["WristBlade","White Beast Statue"],"picked":"Fusion Hammer"},{"not_picked":["Calling Bell","Coffee Dripper","HoveringKite"]}],"items_purged_floors":[22,31],"is_endless":false,"potions_floor_spawned":[3,12,13,19,20,23,39,46],"ascension_level":9}