{"gold_per_floor":[19,39,39,66,81,81,106,119,119,129,155,171,171,204,204,277,277,288,318,335,335,42,42,73,91,91,107,122,141,16,50,50,123,123,142,142,50,150,164,164,164],"floor_reached":41,"playtime":1407,"items_purged":["Strike_B","Strike_B"],"score":931,"play_id":"b6325ef0-fc85-45b2-aa7d-7879302fd7ea","local_time":"20190804020219","is_ascension_mode":true,"campfire_choices":[{"data":"Hyperbeam","floor":6,"key":"SMITH"},{"data":"Defragment","floor":15,"key":"SMITH"},{"data":"Double Energy","floor":23,"key":"SMITH"},{"data":"Amplify","floor":32,"key":"SMITH"},{"data":"Hologram","floor":40,"key":"SMITH"}],"neow_cost":"NO_GOLD","seed_source_timestamp":48752659609496,"circlet_count":0,"master_deck":["AscendersBane","Zap","Dualcast","Hyperbeam+1","White Noise","Defragment+1","Ball Lightning","Conserve Battery","Reinforced Body","Hologram+1","Seek","Coolheaded","Coolheaded","Amplify+1","Double Energy+1","Doom and Gloom+1","Redo+1","Storm","Fusion+1","Force Field+1","Skim+1","Turbo+1","Compile Driver","Creative AI","Core Surge","Conserve Battery+1","Auto Shields+1","Capacitor","Reprogram+1","Glacier+1","Force Field+1","Dark Shackles+1","Purity+1","Blind+1","Double Energy+1","Hologram+1"],"relics":["Cracked Core","Vajra","Bag of Preparation","Blood Vial","Matryoshka","Bottled Tornado","Runic Pyramid","Red Mask","MawBank","Toxic Egg 2","Runic Capacitor","Symbiotic Virus","Ancient Tea Set","Pantograph","Sundial","Pandora\u0027s Box","Calipers"],"potions_floor_usage":[7,16,16,24],"damage_taken":[{"damage":0,"enemies":"Cultist","floor":1,"turns":2},{"damage":7,"enemies":"2 Louse","floor":2,"turns":3},{"damage":2,"enemies":"Jaw Worm","floor":5,"turns":2},{"damage":30,"enemies":"Lagavulin","floor":7,"turns":5},{"damage":7,"enemies":"Large Slime","floor":8,"turns":4},{"damage":0,"enemies":"2 Fungi Beasts","floor":10,"turns":2},{"damage":8,"enemies":"Gremlin Nob","floor":11,"turns":3},{"damage":0,"enemies":"Exordium Thugs","floor":12,"turns":3},{"damage":13,"enemies":"3 Sentries","floor":14,"turns":3},{"damage":12,"enemies":"Hexaghost","floor":16,"turns":9},{"damage":6,"enemies":"Spheric Guardian","floor":18,"turns":6},{"damage":0,"enemies":"Masked Bandits","floor":19,"turns":2},{"damage":1,"enemies":"Chosen","floor":20,"turns":5},{"damage":11,"enemies":"Slavers","floor":24,"turns":3},{"damage":0,"enemies":"Centurion and Healer","floor":25,"turns":4},{"damage":23,"enemies":"Snecko","floor":27,"turns":5},{"damage":0,"enemies":"Cultist and Chosen","floor":28,"turns":6},{"damage":0,"enemies":"Snake Plant","floor":29,"turns":3},{"damage":1,"enemies":"Book of Stabbing","floor":31,"turns":4},{"damage":6,"enemies":"Champ","floor":33,"turns":8},{"damage":2,"enemies":"3 Shapes","floor":35,"turns":4},{"damage":0,"enemies":"Mind Bloom Boss Battle","floor":38,"turns":8},{"damage":0,"enemies":"3 Darklings","floor":39,"turns":3},{"damage":72,"enemies":"Reptomancer","floor":41,"turns":2}],"seed_played":"5601765808847892642","potions_obtained":[{"floor":5,"key":"Poison Potion"},{"floor":10,"key":"FocusPotion"},{"floor":11,"key":"FearPotion"},{"floor":16,"key":"Block Potion"},{"floor":18,"key":"Ancient Potion"},{"floor":25,"key":"Ancient Potion"}],"is_trial":false,"path_per_floor":["M","M","?","T","M","R","E","M","T","M","E","M","?","E","R","B",null,"M","?","M","T","$","R","E","M","T","M","M","M","$","E","R","B",null,"M","?","$","?","M","R","E"],"character_chosen":"DEFECT","items_purchased":["Runic Capacitor","Turbo+1","Blind+1"],"campfire_rested":0,"item_purchase_floors":[22,30,37],"current_hp_per_floor":[64,57,57,57,55,55,25,18,18,20,14,16,39,28,28,18,58,54,56,57,57,57,57,48,50,50,29,31,33,33,34,34,55,67,67,62,62,71,71,71,0],"gold":164,"neow_bonus":"THREE_RARE_CARDS","is_prod":false,"is_daily":false,"chose_seed":false,"campfire_upgraded":5,"win_rate":0,"timestamp":1564876939,"path_taken":["M","?","?","?","M","R","E","M","T","M","E","M","?","E","R","BOSS","M","?","M","?","$","R","E","M","T","?","M","M","?","E","R","BOSS","M","?","$","?","M","R","E"],"build_version":"2019-07-18","purchased_purges":2,"victory":false,"max_hp_per_floor":[71,71,71,71,71,71,71,71,71,71,71,71,71,71,71,71,71,71,71,71,71,71,71,71,71,71,71,71,71,71,71,71,71,71,71,71,71,71,71,71,71],"card_choices":[{"not_picked":["Reboot","Buffer"],"picked":"Hyperbeam","floor":0},{"not_picked":["Barrage","Stack"],"picked":"White Noise","floor":1},{"not_picked":["Leap","Gash"],"picked":"Defragment","floor":2},{"not_picked":["Gash","Turbo"],"picked":"Ball Lightning","floor":5},{"not_picked":["Sweeping Beam","Defragment"],"picked":"Conserve Battery","floor":7},{"not_picked":["Darkness","Barrage"],"picked":"Reinforced Body","floor":8},{"not_picked":["Recycle","Rebound"],"picked":"Hologram","floor":10},{"not_picked":["Fusion","Compile Driver"],"picked":"Seek","floor":11},{"not_picked":["Stack","Leap"],"picked":"Coolheaded","floor":12},{"not_picked":["Scrape","Leap"],"picked":"Coolheaded","floor":14},{"not_picked":["Meteor Strike","Machine Learning"],"picked":"Amplify","floor":16},{"not_picked":["Heatsinks","Streamline"],"picked":"Double Energy","floor":18},{"not_picked":["Rip and Tear","White Noise"],"picked":"Doom and Gloom+1","floor":19},{"not_picked":["Undo","Hologram"],"picked":"Redo+1","floor":20},{"not_picked":["Go for the Eyes+1","Barrage"],"picked":"Storm","floor":24},{"not_picked":["Darkness+1","Sweeping Beam"],"picked":"Fusion+1","floor":25},{"not_picked":["Streamline","FTL","Redo+1"],"picked":"SKIP","floor":27},{"not_picked":["Leap+1","Cold Snap"],"picked":"Force Field+1","floor":28},{"not_picked":["Chaos+1","Redo+1"],"picked":"Skim+1","floor":29},{"not_picked":["Streamline","Sweeping Beam"],"picked":"Compile Driver","floor":31},{"not_picked":["All For One","Fission+1"],"picked":"Creative AI","floor":33},{"not_picked":["Redo+1","Storm"],"picked":"Force Field+1","floor":35},{"not_picked":["Jack Of All Trades+1","Secret Weapon+1"],"picked":"Dark Shackles+1","floor":36},{"not_picked":["Good Instincts+1","Madness+1"],"picked":"Purity+1","floor":36},{"not_picked":["Reprogram+1","Hello World+1"],"picked":"Double Energy+1","floor":38},{"not_picked":["Conserve Battery+1","BootSequence+1"],"picked":"Hologram+1","floor":39}],"player_experience":1954865,"relics_obtained":[{"floor":4,"key":"Vajra"},{"floor":7,"key":"Bag of Preparation"},{"floor":9,"key":"Blood Vial"},{"floor":11,"key":"Matryoshka"},{"floor":14,"key":"Bottled Tornado"},{"floor":19,"key":"Red Mask"},{"floor":21,"key":"MawBank"},{"floor":21,"key":"Toxic Egg 2"},{"floor":24,"key":"Symbiotic Virus"},{"floor":26,"key":"Ancient Tea Set"},{"floor":26,"key":"Pantograph"},{"floor":31,"key":"Sundial"},{"floor":38,"key":"Calipers"}],"event_choices":[{"damage_healed":0,"gold_gain":0,"player_choice":"Ignored","damage_taken":0,"max_hp_gain":0,"max_hp_loss":0,"event_name":"Liars Game","floor":3,"gold_loss":0},{"damage_healed":23,"gold_gain":0,"player_choice":"Banana","damage_taken":0,"max_hp_gain":0,"max_hp_loss":0,"event_name":"Big Fish","floor":13,"gold_loss":0},{"damage_healed":0,"gold_gain":0,"player_choice":"Fought Bandits","damage_taken":0,"max_hp_gain":0,"max_hp_loss":0,"event_name":"Masked Bandits","floor":19,"gold_loss":0},{"damage_healed":0,"gold_gain":0,"player_choice":"Memory 2","damage_taken":5,"max_hp_gain":0,"max_hp_loss":0,"event_name":"SensoryStone","floor":36,"gold_loss":0},{"damage_healed":0,"gold_gain":0,"player_choice":"Fight","damage_taken":0,"max_hp_gain":0,"max_hp_loss":0,"event_name":"MindBloom","floor":38,"gold_loss":0}],"is_beta":true,"boss_relics":[{"not_picked":["Sozu","Fusion Hammer"],"picked":"Runic Pyramid"},{"not_picked":["Black Star","Runic Dome"],"picked":"Pandora\u0027s Box"}],"items_purged_floors":[22,30],"is_endless":false,"potions_floor_spawned":[5,10,11,14,16,18,20,25,28,29,35],"killed_by":"Reptomancer","ascension_level":20}