{"gold_per_floor":[362,380,260,277,242,242,277,289,316,316,316,316,345,356,356,356],"floor_reached":16,"playtime":686,"items_purged":["Strike_B"],"score":132,"play_id":"48307174-1252-4ed1-b26a-77b14a4b40e7","local_time":"20190713153426","is_ascension_mode":true,"campfire_choices":[{"data":"Defragment","floor":6,"key":"SMITH"},{"floor":10,"key":"REST"},{"floor":15,"key":"REST"}],"neow_cost":"TEN_PERCENT_HP_LOSS","seed_source_timestamp":176506885331500,"circlet_count":0,"master_deck":["Strike_B","Strike_B","Strike_B","Defend_B","Defend_B","Defend_B","Defend_B","Zap","Dualcast","Lockon+1","Defragment+1","Conserve Battery","Doom and Gloom+1","Coolheaded"],"relics":["Cracked Core","Lantern","PreservedInsect","Potion Belt"],"potions_floor_usage":[16],"damage_taken":[{"damage":5,"enemies":"2 Louse","floor":1,"turns":2},{"damage":0,"enemies":"Cultist","floor":2,"turns":2},{"damage":13,"enemies":"Jaw Worm","floor":4,"turns":4},{"damage":18,"enemies":"Gremlin Nob","floor":7,"turns":4},{"damage":28,"enemies":"Gremlin Gang","floor":8,"turns":5},{"damage":18,"enemies":"Lagavulin","floor":13,"turns":5},{"damage":16,"enemies":"Blue Slaver","floor":14,"turns":3},{"damage":28,"enemies":"The Guardian","floor":16,"turns":2}],"seed_played":"6250701842363790703","potions_obtained":[{"floor":4,"key":"Ancient Potion"},{"floor":8,"key":"EssenceOfSteel"},{"floor":13,"key":"Energy Potion"},{"floor":14,"key":"Ancient Potion"}],"is_trial":false,"path_per_floor":["M","M","$","M","?","R","E","M","T","R","?","?","E","M","R","B"],"character_chosen":"DEFECT","items_purchased":["Conserve Battery"],"campfire_rested":2,"item_purchase_floors":[3],"current_hp_per_floor":[63,63,63,50,67,67,49,21,21,41,41,41,23,7,27,0],"gold":356,"neow_bonus":"TWO_FIFTY_GOLD","is_prod":false,"is_daily":false,"chose_seed":false,"campfire_upgraded":1,"win_rate":0,"timestamp":1563050066,"path_taken":["M","M","$","M","?","R","E","M","T","R","?","?","E","M","R","BOSS"],"build_version":"2019-07-05","purchased_purges":1,"victory":false,"max_hp_per_floor":[68,68,68,68,68,68,68,68,68,68,68,68,68,68,68,68],"card_choices":[{"not_picked":["Coolheaded","Rip and Tear"],"picked":"Lockon","floor":1},{"not_picked":["Steam","Hologram"],"picked":"Defragment","floor":2},{"not_picked":["Hologram","Loop","Turbo"],"picked":"SKIP","floor":4},{"not_picked":["Stack","Recycle","Sweeping Beam"],"picked":"SKIP","floor":7},{"not_picked":["Steam","Gash"],"picked":"Doom and Gloom","floor":8},{"not_picked":["All For One","Storm","Doom and Gloom"],"picked":"SKIP","floor":13},{"not_picked":["Streamline","Loop"],"picked":"Coolheaded","floor":14}],"player_experience":406334,"relics_obtained":[{"floor":7,"key":"Lantern"},{"floor":9,"key":"PreservedInsect"},{"floor":13,"key":"Potion Belt"}],"event_choices":[{"damage_healed":17,"gold_gain":0,"player_choice":"Healed","damage_taken":0,"max_hp_gain":0,"max_hp_loss":0,"event_name":"The Cleric","floor":5,"gold_loss":35},{"damage_healed":0,"gold_gain":0,"player_choice":"Grow","damage_taken":0,"max_hp_gain":0,"max_hp_loss":0,"event_name":"Living Wall","floor":11,"gold_loss":0,"cards_upgraded":["Lockon"]},{"damage_healed":0,"gold_gain":0,"player_choice":"Forge","damage_taken":0,"max_hp_gain":0,"max_hp_loss":0,"event_name":"Accursed Blacksmith","floor":12,"gold_loss":0,"cards_upgraded":["Doom and Gloom"]}],"is_beta":false,"boss_relics":[],"items_purged_floors":[3],"is_endless":false,"potions_floor_spawned":[4,8,13,14],"killed_by":"The Guardian","ascension_level":4}