{"gold_per_floor":[115,115,136,16,16,60,60,99,126,126,151,186,186,227,227,227],"floor_reached":16,"playtime":779,"items_purged":[],"score":176,"play_id":"3a45797c-a860-47b1-b925-d75249a3d1d1","local_time":"20190801113332","is_ascension_mode":true,"campfire_choices":[{"floor":7,"key":"REST"},{"floor":10,"key":"REST"},{"data":"Self Repair","floor":15,"key":"SMITH"}],"neow_cost":"NONE","seed_source_timestamp":201837363521922,"circlet_count":0,"master_deck":["Strike_B","Strike_B","Strike_B","Strike_B","Defend_B","Defend_B","Defend_B","Zap","Dualcast","Reprogram","Skim","Sunder","Self Repair+1","Compile Driver","BootSequence","Capacitor"],"relics":["Cracked Core","Golden Idol","PreservedInsect","Regal Pillow","Darkstone Periapt","Cables","Letter Opener"],"potions_floor_usage":[6,16],"damage_taken":[{"damage":7,"enemies":"Small Slimes","floor":1,"turns":3},{"damage":3,"enemies":"2 Louse","floor":3,"turns":2},{"damage":30,"enemies":"Lagavulin","floor":6,"turns":8},{"damage":25,"enemies":"3 Sentries","floor":8,"turns":7},{"damage":1,"enemies":"Cultist","floor":11,"turns":3},{"damage":20,"enemies":"Lagavulin","floor":12,"turns":7},{"damage":10,"enemies":"Gremlin Nob","floor":14,"turns":3},{"damage":32,"enemies":"Slime Boss","floor":16,"turns":8}],"seed_played":"2414612296573098393","potions_obtained":[{"floor":1,"key":"Block Potion"},{"floor":6,"key":"Strength Potion"},{"floor":8,"key":"SpeedPotion"}],"is_trial":false,"path_per_floor":["M","?","M","$","?","E","R","E","T","R","M","E","?","E","R","B"],"character_chosen":"DEFECT","items_purchased":["Sunder","Self Repair"],"campfire_rested":2,"item_purchase_floors":[4,4],"current_hp_per_floor":[61,43,40,40,40,17,39,21,21,58,64,51,39,29,29,0],"gold":227,"neow_bonus":"REMOVE_CARD","is_prod":false,"is_daily":false,"chose_seed":false,"campfire_upgraded":1,"win_rate":0,"timestamp":1564626812,"path_taken":["M","?","M","$","?","E","R","E","T","R","M","E","?","E","R","BOSS"],"build_version":"2019-07-17","purchased_purges":0,"victory":false,"max_hp_per_floor":[75,75,75,75,75,75,75,75,75,75,75,75,75,75,75,75],"card_choices":[{"not_picked":["Blizzard","Darkness"],"picked":"Reprogram","floor":1},{"not_picked":["Beam Cell","Coolheaded"],"picked":"Skim","floor":3},{"not_picked":["Lockon","Hologram","Gash"],"picked":"SKIP","floor":6},{"not_picked":["Redo","Ball Lightning"],"picked":"Compile Driver","floor":8},{"not_picked":["Scrape","Leap","Doom and Gloom"],"picked":"SKIP","floor":11},{"not_picked":["Streamline","Consume"],"picked":"BootSequence","floor":12},{"not_picked":["Hologram","Rebound"],"picked":"Capacitor","floor":14}],"player_experience":175341,"relics_obtained":[{"floor":6,"key":"PreservedInsect"},{"floor":8,"key":"Regal Pillow"},{"floor":12,"key":"Darkstone Periapt"},{"floor":14,"key":"Letter Opener"}],"event_choices":[{"damage_healed":0,"gold_gain":0,"player_choice":"Take Damage","damage_taken":18,"relics_obtained":["Golden Idol"],"max_hp_gain":0,"max_hp_loss":0,"event_name":"Golden Idol","floor":2,"gold_loss":0},{"damage_healed":0,"gold_gain":0,"player_choice":"Ignored","damage_taken":0,"max_hp_gain":0,"max_hp_loss":0,"event_name":"Liars Game","floor":5,"gold_loss":0},{"damage_healed":0,"gold_gain":0,"player_choice":"Success","damage_taken":12,"relics_obtained":["Cables"],"max_hp_gain":0,"max_hp_loss":0,"event_name":"Scrap Ooze","floor":13,"gold_loss":0}],"is_beta":false,"boss_relics":[],"items_purged_floors":[],"is_endless":false,"potions_floor_spawned":[1,6,8],"killed_by":"Slime Boss","ascension_level":8}