{"gold_per_floor":[118,20,95,108,23,50,66,66,92,17,46,56,56,75,75,149,149,164,164,164,181,21,21,37,37,37,37,53,53],"floor_reached":29,"playtime":1221,"items_purged":["Strike_B"],"score":516,"play_id":"7540f1e8-7956-43e7-addf-566644cfdd56","local_time":"20190807013908","is_ascension_mode":true,"campfire_choices":[{"data":"Sunder","floor":8,"key":"SMITH"},{"data":"Zap","floor":15,"key":"SMITH"},{"data":"Glacier","floor":23,"key":"SMITH"}],"neow_cost":"NONE","seed_source_timestamp":58602281672199,"circlet_count":0,"master_deck":["AscendersBane","Defend_B","Defend_B","Defend_B","Zap+1","Dualcast","Cold Snap","Bandage Up","Ball Lightning","Sunder+1","Self Repair","All For One","Self Repair","Parasite","Go for the Eyes","Hyperbeam","BootSequence","Glacier+1","Go for the Eyes","Echo Form","Self Repair+1","Capacitor","Glacier"],"relics":["Cracked Core","NeowsBlessing","Boot","Strawberry","Vajra","Orrery","Molten Egg 2"],"potions_floor_usage":[16,24,24,28],"damage_taken":[{"damage":0,"enemies":"Small Slimes","floor":1,"turns":1},{"damage":0,"enemies":"Jaw Worm","floor":4,"turns":1},{"damage":0,"enemies":"Gremlin Nob","floor":6,"turns":1},{"damage":0,"enemies":"Cultist","floor":7,"turns":3},{"damage":31,"enemies":"Lagavulin","floor":11,"turns":8},{"damage":9,"enemies":"Red Slaver","floor":12,"turns":3},{"damage":5,"enemies":"Large Slime","floor":14,"turns":5},{"damage":54,"enemies":"Hexaghost","floor":16,"turns":8},{"damage":36,"enemies":"Shell Parasite","floor":18,"turns":7},{"damage":38,"enemies":"Chosen","floor":21,"turns":8},{"damage":22,"enemies":"Shelled Parasite and Fungi","floor":24,"turns":10},{"damage":21,"enemies":"Centurion and Healer","floor":28,"turns":8},{"damage":87,"enemies":"Cultist and Chosen","floor":29,"turns":9}],"seed_played":"-8088698911267661855","potions_obtained":[{"floor":1,"key":"Swift Potion"},{"floor":4,"key":"FocusPotion"},{"floor":7,"key":"Explosive Potion"},{"floor":18,"key":"Explosive Potion"},{"floor":28,"key":"Fruit Juice"}],"is_trial":false,"path_per_floor":["M","$","?","M","$","E","M","R","T","?","E","M","?","M","R","B",null,"M","?","?","M","$","R","M","$","T","?","M","M"],"character_chosen":"DEFECT","items_purchased":["Bandage Up","Sunder","Capacitor"],"campfire_rested":0,"item_purchase_floors":[2,5,22],"current_hp_per_floor":[64,64,53,53,53,53,57,57,64,64,44,46,65,78,78,42,69,51,51,51,31,31,31,65,65,65,65,83,0],"gold":53,"neow_bonus":"THREE_ENEMY_KILL","is_prod":false,"is_daily":false,"chose_seed":false,"campfire_upgraded":3,"win_rate":0,"timestamp":1565109548,"path_taken":["M","$","?","M","$","E","M","R","T","?","E","M","?","M","R","BOSS","M","?","?","M","$","R","M","$","T","?","M","M"],"build_version":"2019-07-17","purchased_purges":1,"victory":false,"max_hp_per_floor":[71,71,71,71,71,71,71,71,78,78,78,78,78,78,78,78,78,78,78,78,78,78,78,78,78,78,78,83,83],"card_choices":[{"not_picked":["White Noise","Blizzard"],"picked":"Cold Snap","floor":1},{"not_picked":["Compile Driver","Chill"],"picked":"Ball Lightning","floor":4},{"not_picked":["Leap","Blizzard"],"picked":"Self Repair","floor":6},{"not_picked":["Heatsinks","Reprogram","Redo"],"picked":"SKIP","floor":7},{"not_picked":["Self Repair","Coolheaded"],"picked":"All For One","floor":11},{"not_picked":["Aggregate","Chill"],"picked":"Self Repair","floor":12},{"not_picked":["Compile Driver","Reprogram"],"picked":"Go for the Eyes","floor":14},{"not_picked":["Thunder Strike","Machine Learning"],"picked":"Hyperbeam","floor":16},{"not_picked":["Turbo","Tempest"],"picked":"BootSequence","floor":17},{"not_picked":["Go for the Eyes","Conserve Battery"],"picked":"Glacier","floor":17},{"not_picked":["Conserve Battery","Leap","Fusion"],"picked":"SKIP","floor":18},{"not_picked":["Genetic Algorithm","Heatsinks"],"picked":"Self Repair+1","floor":21},{"not_picked":["Fusion+1","Redo","Tempest"],"picked":"SKIP","floor":24},{"not_picked":["Fusion+1","Redo","Tempest"],"picked":"SKIP","floor":24},{"not_picked":["Fusion+1","Redo","Tempest"],"picked":"SKIP","floor":24},{"not_picked":["Consume","Steam"],"picked":"Glacier","floor":28}],"player_experience":275776,"relics_obtained":[{"floor":6,"key":"Boot"},{"floor":9,"key":"Strawberry"},{"floor":11,"key":"Vajra"},{"floor":26,"key":"Molten Egg 2"}],"event_choices":[{"damage_healed":0,"gold_gain":75,"player_choice":"Gather Gold","damage_taken":11,"max_hp_gain":0,"max_hp_loss":0,"event_name":"World of Goop","floor":3,"gold_loss":0},{"cards_removed":["Strike_B"],"damage_healed":0,"gold_gain":0,"player_choice":"Card Removal","damage_taken":0,"max_hp_gain":0,"max_hp_loss":0,"event_name":"The Cleric","floor":10,"gold_loss":75},{"damage_healed":19,"gold_gain":0,"player_choice":"Healed and dodged fight","damage_taken":0,"max_hp_gain":0,"max_hp_loss":0,"event_name":"Mushrooms","floor":13,"gold_loss":0,"cards_obtained":["Parasite"]},{"damage_healed":0,"gold_gain":0,"cards_transformed":["Strike_B","Strike_B"],"player_choice":"Became Test Subject","damage_taken":0,"max_hp_gain":0,"max_hp_loss":0,"event_name":"Drug Dealer","floor":19,"gold_loss":0,"cards_obtained":["Go for the Eyes","Echo Form"]},{"cards_removed":["Defend_B"],"damage_healed":0,"gold_gain":0,"player_choice":"Elegance","damage_taken":0,"max_hp_gain":0,"max_hp_loss":0,"event_name":"Back to Basics","floor":27,"gold_loss":0}],"is_beta":false,"boss_relics":[{"not_picked":["Calling Bell","Busted Crown"],"picked":"Orrery"}],"items_purged_floors":[22],"is_endless":false,"potions_floor_spawned":[1,4,7,14,18,28],"killed_by":"Cultist and Chosen","ascension_level":20}