{"gold_per_floor":[111,111,111,36,51,86,98,153,202,152,168,74,74,94,94,197,197,215,115,40,0,51,51,69,69,69,79,79,95,127,227,227,324,324,343,243,296,307,318,318,343,343,370,381,416,57,87,87,87,87],"floor_reached":51,"playtime":2613,"items_purged":["Defend_B","Strike_B","Defend_B","Defend_B"],"score":1042,"play_id":"d88e6632-5918-4d54-9379-37a26000de3e","local_time":"20190808205228","is_ascension_mode":true,"campfire_choices":[{"data":"Dualcast","floor":13,"key":"SMITH"},{"data":"Zap","floor":15,"key":"SMITH"},{"data":"Coolheaded","floor":23,"key":"SMITH"},{"data":"Impatience","floor":28,"key":"SMITH"},{"floor":32,"key":"DIG"},{"floor":40,"key":"DIG"},{"floor":49,"key":"DIG"}],"neow_cost":"NONE","seed_source_timestamp":100633288605562,"circlet_count":0,"master_deck":["Zap+1","Dualcast+1","Coolheaded+1","Impatience+1","Echo Form"],"relics":["Cracked Core","NeowsBlessing","Ginger","Incense Burner","Pantograph","Ancient Tea Set","Blood Vial","Empty Cage","DataDisk","Molten Egg 2","Shovel","FossilizedHelix","The Courier","PreservedInsect","Runic Dome","StoneCalendar","Mummified Hand","Question Card","Orichalcum","Art of War","Dodecahedron","Boot","Lantern"],"potions_floor_usage":[33,50,50],"damage_taken":[{"damage":0,"enemies":"2 Louse","floor":1,"turns":1},{"damage":0,"enemies":"Jaw Worm","floor":5,"turns":1},{"damage":0,"enemies":"Lagavulin","floor":6,"turns":1},{"damage":0,"enemies":"Small Slimes","floor":7,"turns":2},{"damage":13,"enemies":"Gremlin Nob","floor":8,"turns":4},{"damage":0,"enemies":"Blue Slaver","floor":11,"turns":5},{"damage":8,"enemies":"Large Slime","floor":14,"turns":5},{"damage":44,"enemies":"The Guardian","floor":16,"turns":12},{"damage":1,"enemies":"Spheric Guardian","floor":18,"turns":3},{"damage":0,"enemies":"2 Thieves","floor":24,"turns":2},{"damage":0,"enemies":"Snake Plant","floor":27,"turns":1},{"damage":0,"enemies":"Centurion and Healer","floor":29,"turns":1},{"damage":6,"enemies":"Slavers","floor":30,"turns":3},{"damage":0,"enemies":"Colosseum Slavers","floor":31,"turns":2},{"damage":0,"enemies":"Colosseum Nobs","floor":31,"turns":2},{"damage":15,"enemies":"Automaton","floor":33,"turns":8},{"damage":0,"enemies":"3 Shapes","floor":35,"turns":2},{"damage":0,"enemies":"2 Orb Walkers","floor":37,"turns":2},{"damage":0,"enemies":"3 Darklings","floor":38,"turns":3},{"damage":0,"enemies":"Sphere and 2 Shapes","floor":39,"turns":2},{"damage":0,"enemies":"Giant Head","floor":41,"turns":3},{"damage":0,"enemies":"Spire Growth","floor":44,"turns":2},{"damage":0,"enemies":"Reptomancer","floor":45,"turns":2},{"damage":0,"enemies":"Nemesis","floor":47,"turns":2},{"damage":37,"enemies":"Time Eater","floor":50,"turns":8}],"seed_played":"4844306309550950350","potions_obtained":[{"floor":6,"key":"Explosive Potion"},{"floor":7,"key":"Dexterity Potion"},{"floor":8,"key":"GamblersBrew"},{"floor":16,"key":"Energy Potion"},{"floor":29,"key":"FocusPotion"},{"floor":31,"key":"PowerPotion"},{"floor":35,"key":"Ancient Potion"}],"is_trial":false,"path_per_floor":["M","?","T","$","M","E","M","?","T","?","M","$","R","M","R","B",null,"M","$","?","?","T","R","M","?","T","M","R","M","E","?","R","B",null,"M","$","?","M","M","R","E","T","T","M","E","$","E","?","R","B",null],"character_chosen":"DEFECT","items_purchased":["Impatience","Block Potion","Poison Potion","Swift Potion","AttackPotion","SpeedPotion","Swift Potion"],"campfire_rested":0,"item_purchase_floors":[12,46,46,46,46,46,46],"current_hp_per_floor":[75,57,57,57,57,57,57,44,44,44,46,46,46,40,40,23,75,74,74,74,74,74,74,75,75,75,75,75,75,69,73,73,60,75,75,75,75,75,75,75,75,75,75,75,75,75,75,75,75,38],"gold":87,"neow_bonus":"THREE_ENEMY_KILL","is_prod":false,"is_daily":false,"chose_seed":false,"campfire_upgraded":4,"win_rate":0,"timestamp":1565265148,"path_taken":["M","?","?","?","?","E","M","?","T","?","M","$","R","M","R","BOSS","M","$","?","?","?","R","M","?","T","M","R","?","E","?","R","BOSS","M","$","?","M","M","R","E","?","T","M","E","$","E","?","R","BOSS"],"build_version":"2019-07-17","purchased_purges":4,"victory":true,"max_hp_per_floor":[75,75,75,75,75,75,75,75,75,75,75,75,75,75,75,75,75,75,75,75,75,75,75,75,75,75,75,75,75,75,75,75,75,75,75,75,75,75,75,75,75,75,75,75,75,75,75,75,75,75],"card_choices":[{"not_picked":["Barrage","Conserve Battery","Leap"],"picked":"SKIP","floor":1},{"not_picked":["Skim","Turbo","Scrape"],"picked":"SKIP","floor":5},{"not_picked":["Compile Driver","Beam Cell"],"picked":"Coolheaded","floor":6},{"not_picked":["Ball Lightning","Cold Snap","Turbo"],"picked":"SKIP","floor":7},{"not_picked":["FTL","Defragment","Doom and Gloom"],"picked":"SKIP","floor":11},{"not_picked":["Streamline","Go for the Eyes","Lockon"],"picked":"SKIP","floor":14},{"not_picked":["Chill","Gash","Lockon+1"],"picked":"SKIP","floor":18},{"not_picked":["Capacitor","Beam Cell","Double Energy"],"picked":"SKIP","floor":24},{"not_picked":["Loop","Coolheaded","Beam Cell+1"],"picked":"SKIP","floor":27},{"not_picked":["Rip and Tear+1","Steam","Fusion"],"picked":"SKIP","floor":29},{"not_picked":["Echo Form","Rainbow","Skim"],"picked":"SKIP","floor":30},{"not_picked":["Hyperbeam+1","Reboot"],"picked":"Echo Form","floor":33},{"not_picked":["Beam Cell+1","Rebound+1","Aggregate"],"picked":"SKIP","floor":35},{"not_picked":["Compile Driver+1","Blizzard+1","Redo+1"],"picked":"SKIP","floor":38},{"not_picked":["Gash+1","Rebound+1","Turbo+1"],"picked":"SKIP","floor":39},{"not_picked":["Rebound+1","Conserve Battery+1","Hello World"],"picked":"SKIP","floor":41},{"not_picked":["Redo+1","Rebound+1","Hyperbeam+1","Storm+1"],"picked":"SKIP","floor":44},{"not_picked":["Conserve Battery+1","Beam Cell+1","Self Repair+1","Tempest"],"picked":"SKIP","floor":45},{"not_picked":["White Noise+1","Multi-Cast","Recycle","Turbo+1"],"picked":"SKIP","floor":47}],"player_experience":319510,"relics_obtained":[{"floor":3,"key":"Incense Burner"},{"floor":6,"key":"Pantograph"},{"floor":8,"key":"Ancient Tea Set"},{"floor":9,"key":"Blood Vial"},{"floor":22,"key":"DataDisk"},{"floor":26,"key":"Molten Egg 2"},{"floor":30,"key":"Shovel"},{"floor":31,"key":"FossilizedHelix"},{"floor":31,"key":"The Courier"},{"floor":32,"key":"PreservedInsect"},{"floor":37,"key":"StoneCalendar"},{"floor":40,"key":"Mummified Hand"},{"floor":41,"key":"Question Card"},{"floor":42,"key":"Orichalcum"},{"floor":43,"key":"Art of War"},{"floor":45,"key":"Dodecahedron"},{"floor":47,"key":"Boot"},{"floor":49,"key":"Lantern"}],"event_choices":[{"damage_healed":0,"gold_gain":0,"player_choice":"Success","damage_taken":18,"relics_obtained":["Ginger"],"max_hp_gain":0,"max_hp_loss":0,"event_name":"Scrap Ooze","floor":2,"gold_loss":0},{"damage_healed":0,"gold_gain":0,"player_choice":"Searched \u00272\u0027 times","damage_taken":0,"max_hp_gain":0,"max_hp_loss":0,"event_name":"Dead Adventurer","floor":8,"gold_loss":0},{"cards_removed":["Defend_B"],"damage_healed":0,"gold_gain":0,"player_choice":"Card Removal","damage_taken":0,"max_hp_gain":0,"max_hp_loss":0,"event_name":"The Cleric","floor":10,"gold_loss":50},{"cards_removed":["Strike_B"],"damage_healed":0,"gold_gain":0,"player_choice":"Gave Gold","damage_taken":0,"max_hp_gain":0,"max_hp_loss":0,"event_name":"Beggar","floor":20,"gold_loss":75},{"damage_healed":0,"gold_gain":0,"player_choice":"Paid Fearfully","damage_taken":0,"max_hp_gain":0,"max_hp_loss":0,"event_name":"Masked Bandits","floor":21,"gold_loss":40},{"damage_healed":0,"gold_gain":0,"player_choice":"Ignored","damage_taken":0,"max_hp_gain":0,"max_hp_loss":0,"event_name":"N\u0027loth","floor":25,"gold_loss":0},{"damage_healed":0,"gold_gain":0,"player_choice":"Fight","damage_taken":0,"max_hp_gain":0,"max_hp_loss":0,"event_name":"Colosseum","floor":31,"gold_loss":0},{"damage_healed":0,"gold_gain":0,"player_choice":"Fought Nobs","damage_taken":0,"max_hp_gain":0,"max_hp_loss":0,"event_name":"Colosseum","floor":31,"gold_loss":0},{"damage_healed":0,"gold_gain":0,"player_choice":"Fight","damage_taken":0,"max_hp_gain":0,"max_hp_loss":0,"event_name":"Mysterious Sphere","floor":37,"gold_loss":0},{"damage_healed":0,"gold_gain":0,"player_choice":"Memory 1","damage_taken":0,"max_hp_gain":0,"max_hp_loss":0,"event_name":"SensoryStone","floor":48,"gold_loss":0}],"is_beta":false,"boss_relics":[{"not_picked":["Lizard Tail","Busted Crown"],"picked":"Empty Cage"},{"not_picked":["Astrolabe","Orrery"],"picked":"Runic Dome"}],"items_purged_floors":[4,19,36,46],"is_endless":false,"potions_floor_spawned":[6,7,8,16,29,30,31,31,35,37,39,45],"ascension_level":1}