{"gold_per_floor":[18,30,46,60,79,79,254,271,296,309,321,350,80,80,80,185,185,195,27,37,48,48,48],"floor_reached":23,"playtime":2330,"items_purged":["Doubt","Strike_B"],"score":207,"play_id":"239e8466-fc10-4917-b534-3bf099a4a5a3","local_time":"20190805185445","is_ascension_mode":true,"campfire_choices":[{"data":"Apotheosis","floor":6,"key":"SMITH"},{"data":"Defragment","floor":15,"key":"SMITH"}],"neow_cost":"NO_GOLD","seed_source_timestamp":51266280066000,"circlet_count":0,"master_deck":["Strike_B","Strike_B","Strike_B","Defend_B","Defend_B","Defend_B","Defend_B","Zap","Dualcast","Panache","Apotheosis+1","Redo","Beam Cell","Conserve Battery","Glacier","Steam","Consume","Sweeping Beam","Defragment+1","Gash","Defragment","Leap","Melter","Creative AI","Ball Lightning","Defragment","Skim+1"],"relics":["Cracked Core","Anchor","Potion Belt","Busted Crown"],"potions_floor_usage":[12,16,20],"damage_taken":[{"damage":1,"enemies":"Cultist","floor":1,"turns":4},{"damage":4,"enemies":"Small Slimes","floor":2,"turns":3},{"damage":7,"enemies":"2 Louse","floor":3,"turns":2},{"damage":7,"enemies":"Looter","floor":4,"turns":3},{"damage":16,"enemies":"Gremlin Gang","floor":5,"turns":3},{"damage":0,"enemies":"Red Slaver","floor":8,"turns":4},{"damage":4,"enemies":"Looter","floor":10,"turns":3},{"damage":1,"enemies":"Large Slime","floor":11,"turns":5},{"damage":5,"enemies":"3 Sentries","floor":12,"turns":7},{"damage":14,"enemies":"Slime Boss","floor":16,"turns":7},{"damage":0,"enemies":"Spheric Guardian","floor":18,"turns":1},{"damage":26,"enemies":"3 Byrds","floor":20,"turns":5},{"damage":1,"enemies":"Cultist and Chosen","floor":21,"turns":5},{"damage":52,"enemies":"Gremlin Leader","floor":23,"turns":4}],"seed_played":"-2441901911154650359","potions_obtained":[{"floor":1,"key":"Ancient Potion"},{"floor":3,"key":"Energy Potion"},{"floor":5,"key":"Regen Potion"},{"floor":14,"key":"SkillPotion"},{"floor":14,"key":"FearPotion"},{"floor":14,"key":"Energy Potion"},{"floor":20,"key":"Poison Potion"}],"is_trial":false,"path_per_floor":["M","M","M","M","M","R","?","M","T","M","M","E","$","?","R","B",null,"M","$","M","M","$","E"],"character_chosen":"DEFECT","items_purchased":["Defragment","Leap","Melter","Defragment"],"campfire_rested":0,"item_purchase_floors":[13,13,13,19],"current_hp_per_floor":[74,70,63,56,40,40,40,40,40,36,35,45,45,45,45,31,75,75,75,49,48,48,0],"gold":48,"neow_bonus":"RANDOM_COLORLESS_2","is_prod":false,"is_daily":false,"chose_seed":false,"campfire_upgraded":2,"win_rate":0,"timestamp":1564998885,"path_taken":["M","M","M","M","M","R","?","M","T","M","M","E","$","?","R","BOSS","M","$","M","M","?","E"],"build_version":"2019-07-17","purchased_purges":2,"victory":false,"max_hp_per_floor":[75,75,75,75,75,75,75,75,75,75,75,75,75,75,75,75,75,75,75,75,75,75,75],"card_choices":[{"not_picked":["Stack","Steam"],"picked":"Redo","floor":1},{"not_picked":["Compile Driver","FTL"],"picked":"Beam Cell","floor":2},{"not_picked":["Compile Driver","Steam Power"],"picked":"Conserve Battery","floor":3},{"not_picked":["Lockon","Coolheaded"],"picked":"Glacier","floor":4},{"not_picked":["Steam Power","Rebound"],"picked":"Steam","floor":5},{"not_picked":["Buffer","Cold Snap"],"picked":"Consume","floor":8},{"not_picked":["Steam","Consume"],"picked":"Sweeping Beam","floor":10},{"not_picked":["Cold Snap","Streamline"],"picked":"Defragment","floor":11},{"not_picked":["Doom and Gloom","Compile Driver"],"picked":"Gash","floor":12},{"not_picked":["Multi-Cast","Thunder Strike"],"picked":"Creative AI","floor":16},{"not_picked":[],"picked":"Ball Lightning","floor":18},{"not_picked":[],"picked":"Skim+1","floor":20},{"not_picked":["Hologram"],"picked":"SKIP","floor":21}],"player_experience":161672,"relics_obtained":[{"floor":9,"key":"Anchor"},{"floor":12,"key":"Potion Belt"}],"event_choices":[{"damage_healed":0,"gold_gain":175,"player_choice":"AGREE","damage_taken":0,"max_hp_gain":0,"max_hp_loss":0,"event_name":"Liars Game","floor":7,"gold_loss":0,"cards_obtained":["Doubt"]},{"damage_healed":0,"gold_gain":0,"player_choice":"Got Potions","damage_taken":0,"max_hp_gain":0,"max_hp_loss":0,"event_name":"Lab","floor":14,"gold_loss":0}],"is_beta":false,"boss_relics":[{"not_picked":["Orrery","Runic Pyramid"],"picked":"Busted Crown"}],"items_purged_floors":[13,19],"is_endless":false,"potions_floor_spawned":[1,3,5,10,11,20],"killed_by":"Gremlin Leader","ascension_level":1}