{"gold_per_floor":[112,37,37,37,56,56,85,97,144,169,169,199,231,231,231,331,331,345,345,245,260,279,279,308,308],"floor_reached":25,"playtime":749,"items_purged":["Defend_B","Strike_B"],"score":275,"play_id":"b2e4b6f1-2166-4acb-aec0-30f04c8bd0d8","local_time":"20190808182509","is_ascension_mode":true,"campfire_choices":[{"data":"Zap","floor":6,"key":"SMITH"},{"data":"Creative AI","floor":11,"key":"SMITH"},{"data":"Dualcast","floor":15,"key":"SMITH"},{"floor":23,"key":"REST"}],"neow_cost":"NONE","seed_source_timestamp":93665732056032,"circlet_count":0,"master_deck":["Strike_B","Strike_B","Strike_B","Defend_B","Defend_B","Defend_B","Zap+1","Dualcast+1","Creative AI+1","Amplify+1"],"relics":["Cracked Core","NeowsBlessing","PreservedInsect","Strawberry","DataDisk","Odd Mushroom","Vajra","Philosopher\u0027s Stone","Incense Burner"],"potions_floor_usage":[12,12,18,22],"damage_taken":[{"damage":0,"enemies":"Cultist","floor":1,"turns":1},{"damage":0,"enemies":"Small Slimes","floor":5,"turns":1},{"damage":0,"enemies":"Lagavulin","floor":7,"turns":1},{"damage":4,"enemies":"2 Louse","floor":8,"turns":3},{"damage":8,"enemies":"Gremlin Nob","floor":10,"turns":4},{"damage":21,"enemies":"The Mushroom Lair","floor":12,"turns":5},{"damage":21,"enemies":"3 Sentries","floor":13,"turns":6},{"damage":39,"enemies":"Hexaghost","floor":16,"turns":7},{"damage":10,"enemies":"3 Byrds","floor":18,"turns":3},{"damage":25,"enemies":"Spheric Guardian","floor":21,"turns":4},{"damage":18,"enemies":"Snake Plant","floor":22,"turns":6},{"damage":33,"enemies":"Gremlin Leader","floor":24,"turns":6},{"damage":20,"enemies":"Centurion and Healer","floor":25,"turns":4}],"seed_played":"-6809820291966916378","potions_obtained":[{"floor":1,"key":"SpeedPotion"},{"floor":7,"key":"Regen Potion"},{"floor":13,"key":"FocusPotion"},{"floor":16,"key":"AttackPotion"},{"floor":18,"key":"SneckoOil"},{"floor":21,"key":"SkillPotion"}],"is_trial":false,"path_per_floor":["M","$","?","?","M","R","E","M","T","E","R","?","E","?","R","B",null,"M","?","$","M","M","R","E","M"],"character_chosen":"DEFECT","items_purchased":[],"campfire_rested":1,"item_purchase_floors":[],"current_hp_per_floor":[75,75,75,75,75,75,75,71,78,70,70,61,40,40,40,1,82,72,72,72,47,29,53,20,0],"gold":308,"neow_bonus":"THREE_ENEMY_KILL","is_prod":false,"is_daily":false,"chose_seed":false,"campfire_upgraded":3,"win_rate":0,"timestamp":1565256309,"path_taken":["M","$","?","?","M","R","E","M","T","E","R","?","E","?","R","BOSS","M","?","$","M","M","R","E","M"],"build_version":"2019-07-17","purchased_purges":2,"victory":false,"max_hp_per_floor":[75,75,75,75,75,75,75,75,82,82,82,82,82,82,82,82,82,82,82,82,82,82,82,82,82],"card_choices":[{"not_picked":["Steam Power","Lockon","Leap"],"picked":"SKIP","floor":1},{"not_picked":["Turbo","Redo","Sunder"],"picked":"SKIP","floor":5},{"not_picked":["Turbo","Coolheaded"],"picked":"Creative AI","floor":7},{"not_picked":["Barrage","Reprogram","Compile Driver"],"picked":"SKIP","floor":8},{"not_picked":["Rebound","Hologram","Compile Driver"],"picked":"SKIP","floor":10},{"not_picked":["Rebound","Hologram","Compile Driver"],"picked":"SKIP","floor":10},{"not_picked":["Redo","Go for the Eyes"],"picked":"Amplify","floor":13},{"not_picked":["White Noise","Auto Shields+1","Self Repair"],"picked":"SKIP","floor":18},{"not_picked":["Steam+1","Darkness","Sunder+1"],"picked":"SKIP","floor":21},{"not_picked":["Self Repair","Redo","Leap"],"picked":"SKIP","floor":22},{"not_picked":["Barrage","Beam Cell","Recycle+1"],"picked":"SKIP","floor":24}],"player_experience":313183,"relics_obtained":[{"floor":7,"key":"PreservedInsect"},{"floor":9,"key":"Strawberry"},{"floor":10,"key":"DataDisk"},{"floor":12,"key":"Odd Mushroom"},{"floor":13,"key":"Vajra"},{"floor":24,"key":"Incense Burner"}],"event_choices":[{"damage_healed":0,"gold_gain":0,"player_choice":"Leave","damage_taken":0,"max_hp_gain":0,"max_hp_loss":0,"event_name":"The Cleric","floor":3,"gold_loss":0},{"damage_healed":0,"gold_gain":0,"player_choice":"Ignored","damage_taken":0,"max_hp_gain":0,"max_hp_loss":0,"event_name":"Liars Game","floor":4,"gold_loss":0},{"damage_healed":0,"gold_gain":0,"player_choice":"Fought Mushrooms","damage_taken":0,"max_hp_gain":0,"max_hp_loss":0,"event_name":"Mushrooms","floor":12,"gold_loss":0},{"damage_healed":0,"gold_gain":0,"player_choice":"Forge","damage_taken":0,"max_hp_gain":0,"max_hp_loss":0,"event_name":"Accursed Blacksmith","floor":14,"gold_loss":0,"cards_upgraded":["Amplify"]},{"damage_healed":0,"gold_gain":0,"player_choice":"Ignored","damage_taken":0,"max_hp_gain":0,"max_hp_loss":0,"event_name":"Vampires","floor":19,"gold_loss":0}],"is_beta":false,"boss_relics":[{"not_picked":["Sozu","Cursed Key"],"picked":"Philosopher\u0027s Stone"}],"items_purged_floors":[2,20],"is_endless":false,"potions_floor_spawned":[1,7,13,16,18,21],"killed_by":"Centurion and Healer","ascension_level":1}