{"gold_per_floor":[14,14,31,44,62,97,22,32,77,77,95,95,112,94,94,196,196,196,210,29,29,29,29],"floor_reached":23,"playtime":1584,"items_purged":["Strike_R","Strike_R"],"score":205,"play_id":"a8926f91-3afc-4b2b-bd39-0ebd760ba6e9","local_time":"20190302205304","is_ascension_mode":true,"campfire_choices":[{"floor":10,"key":"RECALL"},{"floor":12,"key":"REST"},{"data":"Rampage","floor":15,"key":"SMITH"}],"neow_cost":"NO_GOLD","seed_source_timestamp":148971501108431,"circlet_count":0,"master_deck":["Defend_R","Defend_R","Bash","Disarm","Iron Wave","Warcry","Iron Wave","Rampage+1","Pommel Strike","Rupture","Brutality","Warcry","Rampage","Rage","Seeing Red"],"relics":["Burning Blood","Champion Belt","White Beast Statue"],"potions_floor_usage":[6,8,16,18],"damage_taken":[{"damage":2,"enemies":"2 Louse","floor":1,"turns":3},{"damage":6,"enemies":"Cultist","floor":3,"turns":4},{"damage":3,"enemies":"Jaw Worm","floor":4,"turns":4},{"damage":13,"enemies":"Looter","floor":5,"turns":4},{"damage":50,"enemies":"Lagavulin","floor":6,"turns":9},{"damage":4,"enemies":"Exordium Thugs","floor":8,"turns":6},{"damage":0,"enemies":"Gremlin Gang","floor":11,"turns":7},{"damage":3,"enemies":"2 Fungi Beasts","floor":13,"turns":3},{"damage":17,"enemies":"Exordium Thugs","floor":14,"turns":4},{"damage":43,"enemies":"Hexaghost","floor":16,"turns":11},{"damage":0,"enemies":"2 Thieves","floor":18,"turns":1},{"damage":23,"enemies":"Shell Parasite","floor":19,"turns":8},{"damage":72,"enemies":"Book of Stabbing","floor":23,"turns":6}],"seed_played":"2045909385617006988","potions_obtained":[{"floor":5,"key":"Explosive Potion"},{"floor":6,"key":"EntropicBrew"},{"floor":13,"key":"Regen Potion"},{"floor":16,"key":"SteroidPotion"},{"floor":19,"key":"Dexterity Potion"}],"is_trial":false,"path_per_floor":["M","?","M","M","M","E","$","M","T","R","M","R","M","M","R","B",null,"M","M","$","?","?","E"],"character_chosen":"IRONCLAD","items_purchased":["Rampage"],"campfire_rested":1,"item_purchase_floors":[20],"current_hp_per_floor":[80,80,80,80,73,29,29,31,31,31,37,61,64,53,53,31,80,80,63,63,63,63,0],"gold":29,"neow_bonus":"REMOVE_TWO","is_prod":false,"is_daily":false,"chose_seed":false,"campfire_upgraded":1,"win_rate":0,"timestamp":1551588784,"path_taken":["M","?","M","M","M","E","$","?","T","R","M","R","M","M","R","BOSS","M","M","$","?","?","E"],"build_version":"2019-01-23","purchased_purges":2,"victory":false,"max_hp_per_floor":[80,80,80,80,80,80,80,80,80,80,80,80,80,80,80,80,80,80,80,80,80,80,80],"card_choices":[{"not_picked":["Shrug It Off","Clash"],"picked":"Disarm","floor":1},{"not_picked":["True Grit","Sentinel"],"picked":"Iron Wave","floor":3},{"not_picked":["Clash","Rage"],"picked":"Warcry","floor":4},{"not_picked":["Hemokinesis","Second Wind"],"picked":"Iron Wave","floor":5},{"not_picked":["Fire Breathing","Sword Boomerang"],"picked":"Rampage","floor":6},{"not_picked":["Warcry","True Grit","Sword Boomerang"],"picked":"SKIP","floor":8},{"not_picked":["Perfected Strike","Whirlwind"],"picked":"Pommel Strike","floor":11},{"not_picked":["Perfected Strike","Heavy Blade","Wild Strike"],"picked":"SKIP","floor":13},{"not_picked":["Anger","Havoc"],"picked":"Rupture","floor":14},{"not_picked":["Double Tap","Dark Embrace"],"picked":"Brutality","floor":16},{"not_picked":["Thunderclap","Perfected Strike"],"picked":"Warcry","floor":19}],"player_experience":56851,"relics_obtained":[{"floor":6,"key":"Champion Belt"}],"event_choices":[{"cards_removed":["Strike_R"],"damage_healed":0,"gold_gain":0,"player_choice":"Purged","damage_taken":0,"max_hp_gain":0,"max_hp_loss":0,"event_name":"Purifier","floor":2,"gold_loss":0},{"damage_healed":0,"gold_gain":0,"cards_transformed":["Strike_R","Defend_R"],"player_choice":"Became Test Subject","damage_taken":0,"max_hp_gain":0,"max_hp_loss":0,"event_name":"Drug Dealer","floor":21,"gold_loss":0,"cards_obtained":["Berserk","Rage"]},{"damage_healed":0,"gold_gain":0,"cards_transformed":["Berserk"],"player_choice":"Transformed","damage_taken":0,"max_hp_gain":0,"max_hp_loss":0,"event_name":"Transmorgrifier","floor":22,"gold_loss":0,"cards_obtained":["Seeing Red"]}],"is_beta":false,"boss_relics":[{"not_picked":["Tiny House","Eternal Feather"],"picked":"White Beast Statue"}],"items_purged_floors":[7,20],"is_endless":false,"potions_floor_spawned":[5,6,13,14,16,18,19],"killed_by":"Book of Stabbing","ascension_level":1}