{"gold_per_floor":[109,36,47,47,57,57,86,86,86,86,111,128,141,62,62,162,162,181,192,204,215,48,48,64,81,81,81],"floor_reached":27,"playtime":1335,"items_purged":["Strike_R"],"score":441,"play_id":"863be8b3-6aa3-43e3-99a5-65773e562284","local_time":"20190804200334","is_ascension_mode":true,"campfire_choices":[{"data":"Wild Strike","floor":6.0,"key":"SMITH"},{"data":"Clothesline","floor":8.0,"key":"SMITH"},{"data":"Metallicize","floor":10.0,"key":"SMITH"},{"floor":15,"key":"REST"},{"floor":23,"key":"REST"}],"neow_cost":"","seed_source_timestamp":0,"circlet_count":0,"master_deck":["Strike_R","Strike_R","Strike_R","Strike_R","Defend_R","Defend_R","Defend_R","Defend_R","Bash+1","Wild Strike+1","Metallicize+1","Clothesline+1","Disarm","Spot Weakness","Limit Break","Cleave","Thunderclap","Immolate"],"special_seed":0,"relics":["Burning Blood","StoneCalendar","Du-Vu Doll","Bottled Tornado","Champion Belt","Busted Crown","Molten Egg 2"],"potions_floor_usage":[21,24,24,27],"damage_taken":[{"damage":11.0,"enemies":"Cultist","floor":1.0,"turns":4.0},{"damage":7.0,"enemies":"Small Slimes","floor":3.0,"turns":4.0},{"damage":8.0,"enemies":"2 Louse","floor":5.0,"turns":2.0},{"damage":26.0,"enemies":"Gremlin Nob","floor":7.0,"turns":4.0},{"damage":33.0,"enemies":"3 Sentries","floor":11.0,"turns":6.0},{"damage":17,"enemies":"Large Slime","floor":12,"turns":7},{"damage":3,"enemies":"2 Fungi Beasts","floor":13,"turns":4},{"damage":22,"enemies":"Hexaghost","floor":16,"turns":13},{"damage":12,"enemies":"3 Byrds","floor":18,"turns":7},{"damage":19,"enemies":"Spheric Guardian","floor":19,"turns":5},{"damage":2,"enemies":"Snecko","floor":20,"turns":5},{"damage":35,"enemies":"Sentry and Sphere","floor":21,"turns":7},{"damage":34,"enemies":"Centurion and Healer","floor":24,"turns":5},{"damage":4,"enemies":"Chosen and Byrds","floor":25,"turns":5},{"damage":35,"enemies":"Slavers","floor":27,"turns":3}],"seed_played":"952722705055619461","potions_obtained":[{"floor":1.0,"key":"AttackPotion"},{"floor":5.0,"key":"Ancient Potion"},{"floor":18,"key":"EssenceOfSteel"},{"floor":19,"key":"SteroidPotion"},{"floor":21,"key":"Regen Potion"}],"is_trial":false,"path_per_floor":["M","$","M","?","M","R","E","R","T","R","E","M","M","$","R","B",null,"M","M","M","M","$","R","M","M","T","E"],"character_chosen":"IRONCLAD","items_purchased":["Regen Potion","Spot Weakness","Thunderclap","Immolate"],"campfire_rested":2,"item_purchase_floors":[2,14,22,22],"current_hp_per_floor":[53,53,52,52,50,50,30,30,30,30,18,7,10,10,34,18,65,59,46,50,21,21,45,31,33,33,0],"gold":81,"neow_bonus":"","is_prod":false,"is_daily":false,"chose_seed":false,"campfire_upgraded":3,"win_rate":0,"timestamp":1564967014,"path_taken":["M","$","?","?","?","R","E","R","T","R","E","M","M","$","R","BOSS","M","M","M","M","$","R","M","M","T","E"],"build_version":"2019-07-17","purchased_purges":1,"victory":false,"max_hp_per_floor":[80,80,80,80,80,80,80,80,80,80,80,80,80,80,80,80,80,80,80,80,80,80,80,80,80,80,80],"card_choices":[{"not_picked":["Entrench","Reckless Charge","Clash"],"picked":"SKIP","floor":1.0},{"not_picked":["Whirlwind","Heavy Blade"],"picked":"Wild Strike","floor":3.0},{"not_picked":["Perfected Strike","Flex"],"picked":"Metallicize","floor":5.0},{"not_picked":["Wild Strike","Havoc"],"picked":"Clothesline","floor":7.0},{"not_picked":["Sever Soul","True Grit","Sentinel"],"picked":"SKIP","floor":11},{"not_picked":["Combust","True Grit"],"picked":"Disarm","floor":12},{"not_picked":["Warcry","Searing Blow","Dark Embrace"],"picked":"SKIP","floor":13},{"not_picked":["Dark Embrace","Impervious"],"picked":"Limit Break","floor":16},{"not_picked":["Twin Strike"],"picked":"SKIP","floor":18},{"not_picked":["Corruption+1"],"picked":"SKIP","floor":19},{"not_picked":[],"picked":"Cleave","floor":20},{"not_picked":["Twin Strike+1"],"picked":"SKIP","floor":21},{"not_picked":["Wild Strike"],"picked":"SKIP","floor":24},{"not_picked":["Pommel Strike"],"picked":"SKIP","floor":25}],"player_experience":459197,"relics_obtained":[{"floor":7.0,"key":"Du-Vu Doll"},{"floor":9.0,"key":"Bottled Tornado"},{"floor":11,"key":"Champion Belt"},{"floor":26,"key":"Molten Egg 2"}],"event_choices":[{"damage_healed":0.0,"max_hp_gain":0.0,"max_hp_loss":0.0,"gold_gain":0.0,"event_name":"Upgrade Shrine","player_choice":"Upgraded","floor":4.0,"gold_loss":0.0,"damage_taken":0.0,"cards_upgraded":["Bash"]}],"is_beta":false,"boss_relics":[{"not_picked":["Lizard Tail","Eternal Feather"],"picked":"Busted Crown"}],"items_purged_floors":[0],"is_endless":false,"potions_floor_spawned":[1,5,18,19,21],"killed_by":"Slavers","ascension_level":7}