{"gold_per_floor":[365,384,68,68,85,116,116,150,175,207,207,41,53,84,84,158,158,171,187,204,224,239,239,269,17,63,63,63,83,93,118,118,197,197,215,48,67,84,101,101,0,25,25,25,54,54,66,101,101,101,101,101,101,24,55,55],"floor_reached":57,"playtime":6669,"items_purged":["Strike_R"],"score":2924,"play_id":"ed38bc33-48e0-4e3e-8b76-14e776807d4f","local_time":"20190726233547","is_ascension_mode":true,"campfire_choices":[{"data":"1","floor":11.0,"key":"LIFT"},{"data":"2","floor":15.0,"key":"LIFT"},{"data":"3","floor":23.0,"key":"LIFT"},{"floor":32.0,"key":"DIG"},{"floor":40.0,"key":"RECALL"},{"floor":44.0,"key":"DIG"},{"floor":46.0,"key":"DIG"},{"floor":49.0,"key":"DIG"},{"floor":53.0,"key":"DIG"}],"neow_cost":"PERCENT_DAMAGE","seed_source_timestamp":599388541851133,"circlet_count":0,"master_deck":["AscendersBane","Strike_R","Strike_R","Strike_R","Strike_R","Defend_R","Defend_R+1","Defend_R","Defend_R","Bash+1","Clothesline","Pommel Strike","Shockwave+1","Demon Form","Feel No Pain","Intimidate","Pommel Strike","Pummel","Dark Embrace","Shrug It Off","Anger","Ghostly Armor+1","Shrug It Off","Ghostly Armor","Battle Trance+1","Apotheosis","Ghostly Armor","True Grit","Metallicize","Limit Break","Pummel","Havoc","Dual Wield","Battle Trance","Seeing Red","Demon Form","True Grit","Impervious","Spot Weakness","Heavy Blade","Corruption","Impervious"],"special_seed":0,"relics":["Burning Blood","FossilizedHelix","Boot","Ancient Tea Set","Red Skull","Girya","War Paint","Paper Frog","Fusion Hammer","Question Card","Blood Vial","PreservedInsect","Shovel","Pocketwatch","Sozu","Red Mask","Darkstone Periapt","Dodecahedron","Sundial","Incense Burner","Bird Faced Urn","Self Forming Clay","Bottled Flame","Bag of Marbles"],"potions_floor_usage":[],"damage_taken":[{"damage":13.0,"enemies":"Jaw Worm","floor":1.0,"turns":6.0},{"damage":0.0,"enemies":"Cultist","floor":2.0,"turns":3.0},{"damage":0.0,"enemies":"2 Louse","floor":5.0,"turns":3.0},{"damage":15.0,"enemies":"Lagavulin","floor":6.0,"turns":7.0},{"damage":0.0,"enemies":"Gremlin Nob","floor":8.0,"turns":3.0},{"damage":15.0,"enemies":"Lagavulin","floor":10.0,"turns":7.0},{"damage":10.0,"enemies":"Exordium Wildlife","floor":13.0,"turns":4.0},{"damage":16.0,"enemies":"3 Sentries","floor":14.0,"turns":6.0},{"damage":2.0,"enemies":"Hexaghost","floor":16.0,"turns":5.0},{"damage":0.0,"enemies":"Spheric Guardian","floor":18.0,"turns":3.0},{"damage":13.0,"enemies":"2 Thieves","floor":19.0,"turns":4.0},{"damage":16.0,"enemies":"Sentry and Sphere","floor":20.0,"turns":4.0},{"damage":6.0,"enemies":"Chosen and Byrds","floor":21.0,"turns":5.0},{"damage":8.0,"enemies":"Shelled Parasite and Fungi","floor":22.0,"turns":3.0},{"damage":40.0,"enemies":"Gremlin Leader","floor":24.0,"turns":9.0},{"damage":6.0,"enemies":"Snake Plant","floor":29.0,"turns":3.0},{"damage":0.0,"enemies":"Snecko","floor":30.0,"turns":4.0},{"damage":26.0,"enemies":"Slavers","floor":31.0,"turns":5.0},{"damage":23.0,"enemies":"Collector","floor":33.0,"turns":6.0},{"damage":0.0,"enemies":"Orb Walker","floor":35.0,"turns":3.0},{"damage":0.0,"enemies":"3 Shapes","floor":37.0,"turns":4.0},{"damage":0.0,"enemies":"Spire Growth","floor":38.0,"turns":5.0},{"damage":0.0,"enemies":"4 Shapes","floor":39.0,"turns":5.0},{"damage":5.0,"enemies":"Nemesis","floor":42.0,"turns":6.0},{"damage":35.0,"enemies":"Reptomancer","floor":45.0,"turns":5.0},{"damage":0.0,"enemies":"Jaw Worm Horde","floor":47.0,"turns":4.0},{"damage":0.0,"enemies":"Nemesis","floor":48.0,"turns":5.0},{"damage":20.0,"enemies":"Time Eater","floor":50.0,"turns":7.0},{"damage":38.0,"enemies":"Donu and Deca","floor":51.0,"turns":7.0},{"damage":58.0,"enemies":"Shield and Spear","floor":55.0,"turns":6.0},{"damage":31,"enemies":"The Heart","floor":56,"turns":8}],"seed_played":"-8976957455300184241","potions_obtained":[{"floor":7.0,"key":"BloodPotion"},{"floor":7.0,"key":"AttackPotion"},{"floor":10.0,"key":"Dexterity Potion"},{"floor":13.0,"key":"Weak Potion"},{"floor":14.0,"key":"SteroidPotion"},{"floor":33.0,"key":"EssenceOfSteel"}],"is_trial":false,"path_per_floor":["M","M","$","?","M","E","?","E","T","E","R","$","M","E","R","B",null,"M","M","M","M","M","R","E","$","T","T","?","M","M","E","R","B",null,"M","$","M","M","M","R","?","E","T","R","E","R","M","E","R","B","B",null,"R","$","E","B",null],"character_chosen":"IRONCLAD","items_purchased":["FossilizedHelix","War Paint","Apotheosis","PowerPotion","Havoc","Dual Wield","Corruption"],"campfire_rested":0,"item_purchase_floors":[3,12,25,25,36,36,54],"current_hp_per_floor":[43,49,49,49,55,46,46,52,52,43,43,43,39,29,29,33,65,71,64,54,54,52,52,36,36,36,36,36,38,46,28,28,13,60,68,68,75,75,75,75,75,75,75,75,46,46,54,62,62,60,38,66,66,66,28,15],"gold":55,"neow_bonus":"TWO_FIFTY_GOLD","is_prod":false,"is_daily":false,"chose_seed":false,"campfire_upgraded":0,"win_rate":0,"timestamp":1564173347,"path_taken":["M","M","$","?","M","E","?","E","T","E","R","$","M","E","R","BOSS","M","M","M","M","M","R","E","$","T","?","?","?","M","E","R","BOSS","M","$","M","M","?","R","?","E","T","R","E","R","M","E","R","BOSS","BOSS","R","$","E","BOSS"],"build_version":"2019-07-17","purchased_purges":1,"victory":true,"max_hp_per_floor":[75,75,75,75,75,75,75,75,75,75,75,75,75,75,75,75,75,75,75,75,75,75,75,75,75,75,75,75,75,75,75,75,75,75,75,75,75,75,75,75,75,75,75,75,75,75,75,75,75,75,75,75,75,75,75,75],"card_choices":[{"not_picked":["Warcry","Armaments"],"picked":"Clothesline","floor":1.0},{"not_picked":["Thunderclap","Warcry"],"picked":"Pommel Strike","floor":2.0},{"not_picked":["Spot Weakness","Sword Boomerang"],"picked":"Shockwave","floor":5.0},{"not_picked":["Clash","Thunderclap"],"picked":"Demon Form","floor":6.0},{"not_picked":["Havoc","Power Through"],"picked":"Feel No Pain","floor":8.0},{"not_picked":["Headbutt","Hemokinesis"],"picked":"Intimidate","floor":10.0},{"not_picked":["Hemokinesis","Cleave"],"picked":"Pommel Strike","floor":13.0},{"not_picked":["Wild Strike","Iron Wave"],"picked":"Pummel","floor":14.0},{"not_picked":["Immolate","Bludgeon"],"picked":"Dark Embrace","floor":16.0},{"not_picked":["True Grit","Thunderclap"],"picked":"Shrug It Off","floor":18.0},{"not_picked":["Iron Wave+1","Dual Wield"],"picked":"Anger","floor":19.0},{"not_picked":["Clash","Body Slam"],"picked":"Ghostly Armor+1","floor":20.0},{"not_picked":["Thunderclap","Evolve"],"picked":"Shrug It Off","floor":21.0},{"not_picked":["Reckless Charge","Inflame"],"picked":"Ghostly Armor","floor":22.0},{"not_picked":["Fiend Fire","Clothesline"],"picked":"Battle Trance+1","floor":24.0},{"not_picked":["Twin Strike","Armaments+1","Power Through"],"picked":"Ghostly Armor","floor":29.0},{"not_picked":["Sword Boomerang","Rupture","Demon Form"],"picked":"True Grit","floor":30.0},{"not_picked":["Armaments","Perfected Strike","Combust"],"picked":"Metallicize","floor":31.0},{"not_picked":["Bludgeon","Brutality","Dark Embrace"],"picked":"Limit Break","floor":33.0},{"not_picked":["Perfected Strike","Flex","Wild Strike"],"picked":"Pummel","floor":35.0},{"not_picked":["Evolve","Iron Wave+1","Ghostly Armor"],"picked":"Battle Trance","floor":37.0},{"not_picked":["Flex","Intimidate","Carnage"],"picked":"Seeing Red","floor":38.0},{"not_picked":["Twin Strike","Rage","Infernal Blade"],"picked":"Demon Form","floor":39.0},{"not_picked":["Sever Soul","Cleave","Twin Strike"],"picked":"True Grit","floor":42.0},{"not_picked":["Ghostly Armor","Flex","Wild Strike"],"picked":"Impervious","floor":45.0},{"not_picked":["Headbutt+1","Anger","Hemokinesis"],"picked":"Spot Weakness","floor":47.0},{"not_picked":["Ghostly Armor","Pommel Strike+1","Twin Strike"],"picked":"Heavy Blade","floor":48.0},{"not_picked":["Rage","Pummel+1","Shockwave"],"picked":"Impervious","floor":55.0}],"player_experience":1012839,"relics_obtained":[{"floor":6.0,"key":"Boot"},{"floor":8.0,"key":"Ancient Tea Set"},{"floor":9.0,"key":"Red Skull"},{"floor":10.0,"key":"Girya"},{"floor":14.0,"key":"Paper Frog"},{"floor":24.0,"key":"Question Card"},{"floor":26.0,"key":"Blood Vial"},{"floor":27.0,"key":"PreservedInsect"},{"floor":31.0,"key":"Shovel"},{"floor":32.0,"key":"Pocketwatch"},{"floor":42.0,"key":"Darkstone Periapt"},{"floor":44.0,"key":"Dodecahedron"},{"floor":45.0,"key":"Sundial"},{"floor":46.0,"key":"Incense Burner"},{"floor":48.0,"key":"Bird Faced Urn"},{"floor":49.0,"key":"Self Forming Clay"},{"floor":53.0,"key":"Bottled Flame"},{"floor":55.0,"key":"Bag of Marbles"}],"event_choices":[{"damage_healed":0.0,"max_hp_gain":0.0,"max_hp_loss":0.0,"gold_gain":0.0,"event_name":"Living Wall","player_choice":"Grow","floor":4.0,"gold_loss":0.0,"damage_taken":0.0,"cards_upgraded":["Bash"]},{"damage_healed":0.0,"max_hp_gain":0.0,"max_hp_loss":0.0,"gold_gain":0.0,"event_name":"Lab","player_choice":"Got Potions","floor":7.0,"gold_loss":0.0,"damage_taken":0.0},{"damage_healed":0.0,"max_hp_gain":0.0,"max_hp_loss":0.0,"gold_gain":0.0,"event_name":"Tomb of Lord Red Mask","player_choice":"Paid","floor":41.0,"gold_loss":101.0,"damage_taken":0.0,"relics_obtained":["Red Mask"]}],"is_beta":false,"boss_relics":[{"not_picked":["Pandora\u0027s Box","White Beast Statue"],"picked":"Fusion Hammer"},{"not_picked":["Astrolabe","Black Blood"],"picked":"Sozu"}],"items_purged_floors":[36],"is_endless":false,"potions_floor_spawned":[10,13,14,16,20,22,30,31,33,38,42,45,48,55],"ascension_level":20}