{"gold_per_floor":[114,132,57,0,11,11,41,41,41,41,71,71,18,18,18,94,94,107,118,43,43,43,43,71,71],"floor_reached":25,"playtime":552,"items_purged":[],"score":450,"play_id":"6aecd634-5688-49c9-bea2-7a39f81c51e9","local_time":"20190810231423","is_ascension_mode":true,"campfire_choices":[{"data":"Zap","floor":6.0,"key":"SMITH"},{"data":"Electrodynamics","floor":8.0,"key":"SMITH"},{"data":"Strike_B","floor":10.0,"key":"SMITH"},{"data":"Cold Snap","floor":12.0,"key":"SMITH"},{"data":"Cold Snap","floor":15.0,"key":"SMITH"},{"data":"Loop","floor":23,"key":"SMITH"}],"neow_cost":"NONE","seed_source_timestamp":26269765964085,"circlet_count":0,"master_deck":["AscendersBane","Strike_B","Strike_B","Strike_B+1","Defend_B","Defend_B","Zap+1","Dualcast","Leap","Conserve Battery","Electrodynamics+1","Glacier","Cold Snap+1","Cold Snap+1","Thunder Strike","Loop+1","Fusion","Genetic Algorithm"],"special_seed":0,"relics":["Cracked Core","Bronze Scales","Darkstone Periapt","Kunai","Regal Pillow","Runic Pyramid","Juzu Bracelet"],"potions_floor_usage":[24],"damage_taken":[{"damage":6.0,"enemies":"2 Louse","floor":1.0,"turns":2.0},{"damage":0.0,"enemies":"Cultist","floor":2.0,"turns":3.0},{"damage":0.0,"enemies":"Jaw Worm","floor":5.0,"turns":3.0},{"damage":3.0,"enemies":"3 Sentries","floor":7.0,"turns":2.0},{"damage":12.0,"enemies":"Lagavulin","floor":11.0,"turns":7.0},{"damage":38.0,"enemies":"Hexaghost","floor":16.0,"turns":11.0},{"damage":19,"enemies":"Shell Parasite","floor":18,"turns":5},{"damage":8,"enemies":"Chosen","floor":19,"turns":5},{"damage":20,"enemies":"Gremlin Leader","floor":24,"turns":6},{"damage":26,"enemies":"Shelled Parasite and Fungi","floor":25,"turns":2}],"seed_played":"6966164467632576760","potions_obtained":[{"floor":2.0,"key":"Explosive Potion"},{"floor":18,"key":"GamblersBrew"},{"floor":24,"key":"AttackPotion"}],"is_trial":false,"path_per_floor":["M","M","?","$","M","R","E","R","T","R","E","R","$","?","R","B",null,"M","M","?","?","?","R","E","M"],"character_chosen":"DEFECT","items_purchased":["Block Potion","Cold Snap"],"campfire_rested":0,"item_purchase_floors":[4,13],"current_hp_per_floor":[58,58,58,58,58,58,55,55,55,55,43,43,43,43,43,5,55,36,28,28,28,42,42,22,0],"gold":71,"neow_bonus":"RANDOM_COMMON_RELIC","is_prod":false,"is_daily":false,"chose_seed":false,"campfire_upgraded":6,"win_rate":0,"timestamp":1565471663,"path_taken":["M","M","?","$","M","R","E","R","T","R","E","R","$","?","R","BOSS","M","M","?","?","?","R","E","M"],"build_version":"2019-07-18","purchased_purges":0,"victory":false,"max_hp_per_floor":[71,71,71,71,71,71,71,71,71,71,71,71,71,71,71,71,71,71,71,71,71,71,71,71,71],"card_choices":[{"not_picked":["Scrape","Coolheaded"],"picked":"Leap","floor":1.0},{"not_picked":["Gash","Leap"],"picked":"Conserve Battery","floor":2.0},{"not_picked":["Leap","Hologram"],"picked":"Electrodynamics","floor":5.0},{"not_picked":["Cold Snap","Streamline"],"picked":"Glacier","floor":7.0},{"not_picked":["Go for the Eyes","Double Energy"],"picked":"Cold Snap","floor":11.0},{"not_picked":["Reboot","Buffer"],"picked":"Thunder Strike","floor":16.0},{"not_picked":["Sweeping Beam","Skim"],"picked":"Loop","floor":18},{"not_picked":["Barrage+1","Stack"],"picked":"Fusion","floor":19},{"not_picked":["Steam","Force Field"],"picked":"Genetic Algorithm","floor":24}],"player_experience":1976331,"relics_obtained":[{"floor":7.0,"key":"Darkstone Periapt"},{"floor":9.0,"key":"Kunai"},{"floor":11.0,"key":"Regal Pillow"},{"floor":24,"key":"Juzu Bracelet"}],"event_choices":[{"cards_removed":["Defend_B"],"damage_healed":0.0,"max_hp_gain":0.0,"max_hp_loss":0.0,"gold_gain":0.0,"event_name":"The Cleric","player_choice":"Card Removal","floor":3.0,"gold_loss":75.0,"damage_taken":0.0},{"cards_removed":["Defend_B"],"damage_healed":0.0,"max_hp_gain":0.0,"max_hp_loss":0.0,"gold_gain":0.0,"event_name":"Wheel of Change","player_choice":"Card Removal","floor":14.0,"gold_loss":0.0,"damage_taken":0.0},{"cards_removed":["Strike_B"],"damage_healed":0,"gold_gain":0,"player_choice":"Gave Gold","damage_taken":0,"max_hp_gain":0,"max_hp_loss":0,"event_name":"Beggar","floor":20,"gold_loss":75},{"damage_healed":14,"gold_gain":0,"player_choice":"Heal","damage_taken":0,"max_hp_gain":0,"max_hp_loss":0,"event_name":"The Library","floor":22,"gold_loss":0}],"is_beta":true,"boss_relics":[{"not_picked":["Snecko Eye","Pandora\u0027s Box"],"picked":"Runic Pyramid"}],"items_purged_floors":[],"is_endless":false,"potions_floor_spawned":[2,16,18,24],"killed_by":"Shelled Parasite and Fungi","ascension_level":20}