{"gold_per_floor":[117,133,149,163,338,371,371,400,425,439,454,39,39,74,74,172,172,191,69,79,79,93,93,118,118,118,118,118],"floor_reached":28,"playtime":1790,"items_purged":["Defend_B"],"score":258,"play_id":"77b37202-9c04-4e23-921f-417ecbc1a006","local_time":"20190628005703","is_ascension_mode":false,"campfire_choices":[{"floor":7,"key":"REST"},{"floor":13,"key":"REST"},{"data":"Redo","floor":15,"key":"SMITH"},{"data":"Redo","floor":23,"key":"SMITH"},{"floor":25,"key":"REST"}],"neow_cost":"PERCENT_DAMAGE","seed_source_timestamp":2442029528191,"circlet_count":0,"master_deck":["Strike_B","Strike_B","Strike_B","Strike_B","Defend_B","Defend_B","Defend_B","Zap","Dualcast","Impatience","Jack Of All Trades","Redo","Loop","Redo+1","Go for the Eyes","Doubt","Conserve Battery","Sweeping Beam","Tempest","Go for the Eyes","All For One","Redo+1","Ball Lightning","Gash","Biased Cognition","Fusion+1","Self Repair","Melter","Streamline+1","Gash","Defragment","Thunder Strike"],"relics":["Cracked Core","Happy Flower","Pen Nib","Bag of Marbles","Blood Vial","Sozu","Darkstone Periapt","Regal Pillow"],"potions_floor_usage":[8,16,16,28],"damage_taken":[{"damage":0,"enemies":"Small Slimes","floor":1,"turns":4},{"damage":5,"enemies":"2 Louse","floor":2,"turns":2},{"damage":8,"enemies":"Jaw Worm","floor":3,"turns":3},{"damage":5,"enemies":"Large Slime","floor":4,"turns":5},{"damage":30,"enemies":"3 Sentries","floor":6,"turns":7},{"damage":16,"enemies":"Gremlin Nob","floor":8,"turns":5},{"damage":0,"enemies":"Looter","floor":10,"turns":3},{"damage":5,"enemies":"Red Slaver","floor":11,"turns":4},{"damage":12,"enemies":"3 Sentries","floor":14,"turns":4},{"damage":29,"enemies":"Hexaghost","floor":16,"turns":8},{"damage":15,"enemies":"Shell Parasite","floor":18,"turns":3},{"damage":0,"enemies":"Spheric Guardian","floor":20,"turns":1},{"damage":30,"enemies":"Snake Plant","floor":22,"turns":3},{"damage":25,"enemies":"Book of Stabbing","floor":24,"turns":4},{"damage":33,"enemies":"Colosseum Slavers","floor":27,"turns":3},{"damage":12,"enemies":"Gremlin Leader","floor":28,"turns":1}],"seed_played":"-5685930765846739167","potions_obtained":[{"floor":3,"key":"Block Potion"},{"floor":10,"key":"FocusPotion"},{"floor":14,"key":"EssenceOfSteel"}],"is_trial":false,"path_per_floor":["M","M","M","M","?","E","R","E","T","M","M","$","R","E","R","B",null,"M","$","M","?","M","R","E","R","T","?","E"],"character_chosen":"DEFECT","items_purchased":["All For One","Redo","Ball Lightning","Regen Potion","Self Repair","Melter"],"campfire_rested":3,"item_purchase_floors":[12,12,12,12,19,19],"current_hp_per_floor":[54,49,41,36,36,6,28,12,12,12,7,7,29,17,17,5,75,60,60,62,62,41,41,18,40,40,9,0],"gold":118,"neow_bonus":"RANDOM_COLORLESS_2","is_prod":false,"is_daily":false,"chose_seed":false,"campfire_upgraded":2,"win_rate":0.0,"timestamp":1561651023,"path_taken":["M","M","M","M","?","E","R","E","T","M","M","$","R","E","R","BOSS","M","$","M","?","M","R","E","R","T","?","E"],"build_version":"2019-01-23","purchased_purges":1,"victory":false,"max_hp_per_floor":[75,75,75,75,75,75,75,75,75,75,75,75,75,75,75,75,75,75,75,75,75,75,75,75,75,75,75,75],"card_choices":[{"not_picked":["Static Discharge","Storm"],"picked":"Redo","floor":1},{"not_picked":["Glacier","Go for the Eyes"],"picked":"Loop","floor":2},{"not_picked":["Gash","Sweeping Beam"],"picked":"Redo","floor":3},{"not_picked":["Auto Shields","Barrage"],"picked":"Go for the Eyes","floor":4},{"not_picked":["Leap","Machine Learning"],"picked":"Conserve Battery","floor":6},{"not_picked":["Blizzard","Scrape"],"picked":"Sweeping Beam","floor":8},{"not_picked":["Hologram","Skim"],"picked":"Tempest","floor":10},{"not_picked":["Compile Driver","BootSequence"],"picked":"Go for the Eyes","floor":11},{"not_picked":["Leap","Cold Snap"],"picked":"Gash","floor":14},{"not_picked":["Machine Learning","Thunder Strike"],"picked":"Biased Cognition","floor":16},{"not_picked":["Coolheaded","Cold Snap+1"],"picked":"Fusion+1","floor":18},{"not_picked":["Go for the Eyes","Tempest+1"],"picked":"Streamline+1","floor":20},{"not_picked":["Steam+1","Compile Driver"],"picked":"Defragment","floor":22},{"not_picked":["BootSequence+1","Glacier+1"],"picked":"Thunder Strike","floor":24}],"player_experience":26411,"relics_obtained":[{"floor":6,"key":"Happy Flower"},{"floor":8,"key":"Pen Nib"},{"floor":9,"key":"Bag of Marbles"},{"floor":14,"key":"Blood Vial"},{"floor":24,"key":"Darkstone Periapt"},{"floor":26,"key":"Regal Pillow"}],"event_choices":[{"damage_healed":0,"gold_gain":175,"player_choice":"AGREE","damage_taken":0,"max_hp_gain":0,"max_hp_loss":0,"event_name":"Liars Game","floor":5,"gold_loss":0,"cards_obtained":["Doubt"]},{"damage_healed":0,"gold_gain":0,"player_choice":"Read","damage_taken":0,"max_hp_gain":0,"max_hp_loss":0,"event_name":"The Library","floor":21,"gold_loss":0,"cards_obtained":["Gash"]},{"damage_healed":0,"gold_gain":0,"player_choice":"Fight","damage_taken":0,"max_hp_gain":0,"max_hp_loss":0,"event_name":"Colosseum","floor":27,"gold_loss":0},{"damage_healed":0,"gold_gain":0,"player_choice":"Fled From Nobs","damage_taken":0,"max_hp_gain":0,"max_hp_loss":0,"event_name":"Colosseum","floor":27,"gold_loss":0}],"is_beta":false,"boss_relics":[{"not_picked":["Empty Cage","Runic Dome"],"picked":"Sozu"}],"items_purged_floors":[12],"is_endless":false,"potions_floor_spawned":[3,10,14,20,22,27],"killed_by":"Gremlin Leader","ascension_level":0}