{"gold_per_floor":[109,109,4,14,28,28,28,58,84,84,111,126,144,172,172,251,251,262,281,281,49,60,60,90,108,133,133,133,147,147,165,165,244,244,257,24,38,92,92,126,126,159,159,259,259,284,284,301,301,301],"floor_reached":50,"playtime":2377,"items_purged":["Strike_B"],"score":1261,"play_id":"a22f0605-a35c-41b3-9e6d-145ec5b37c23","local_time":"20190621172512","is_ascension_mode":true,"campfire_choices":[{"data":"Zap","floor":6.0,"key":"SMITH"},{"data":"Static Discharge","floor":10.0,"key":"SMITH"},{"data":"Buffer","floor":15.0,"key":"SMITH"},{"floor":23,"key":"REST"},{"floor":27,"key":"REST"},{"data":"Undo","floor":30,"key":"SMITH"},{"data":"Good Instincts","floor":32,"key":"SMITH"},{"data":"Multi-Cast","floor":41,"key":"SMITH"},{"data":"Fission","floor":45,"key":"SMITH"},{"data":"Glacier","floor":47,"key":"SMITH"},{"data":"Undo","floor":49,"key":"SMITH"}],"neow_cost":"TEN_PERCENT_HP_LOSS","seed_source_timestamp":14470292402039,"circlet_count":0,"master_deck":["AscendersBane","Defend_B","Defend_B","Defend_B","Defend_B","Zap+1","Dualcast","Echo Form","Sweeping Beam","Good Instincts+1","Cold Snap","Static Discharge+1","Melter","Buffer+1","Compile Driver+1","Compile Driver+1","Electrodynamics","Doom and Gloom","Echo Form","Undo+1","Bite","Bite","Bite","Bite","Bite","Hello World+1","Multi-Cast+1","Fusion","Recycle","Glacier+1","Fission+1","Undo+1","Core Surge"],"special_seed":0,"relics":["Cracked Core","Orichalcum","Blue Candle","Art of War","DataDisk","Snecko Eye","Anchor","Potion Belt","Sozu","Lantern","Pocketwatch","Dream Catcher","Emotion Chip","Whetstone","Ginger","Omamori"],"potions_floor_usage":[22,24,50,50],"damage_taken":[{"damage":2.0,"enemies":"Jaw Worm","floor":1.0,"turns":5.0},{"damage":2.0,"enemies":"2 Louse","floor":4.0,"turns":3.0},{"damage":0.0,"enemies":"Cultist","floor":5.0,"turns":4.0},{"damage":17.0,"enemies":"3 Sentries","floor":8.0,"turns":5.0},{"damage":14.0,"enemies":"Gremlin Nob","floor":11.0,"turns":4.0},{"damage":0.0,"enemies":"Looter","floor":12.0,"turns":3.0},{"damage":5.0,"enemies":"Exordium Thugs","floor":13.0,"turns":4.0},{"damage":0.0,"enemies":"Lagavulin","floor":14.0,"turns":8.0},{"damage":8,"enemies":"Hexaghost","floor":16,"turns":6},{"damage":16,"enemies":"2 Thieves","floor":18,"turns":4},{"damage":0,"enemies":"Spheric Guardian","floor":19,"turns":2},{"damage":0,"enemies":"Chosen and Byrds","floor":22,"turns":4},{"damage":27,"enemies":"Gremlin Leader","floor":24,"turns":5},{"damage":0,"enemies":"3 Cultists","floor":25,"turns":2},{"damage":0,"enemies":"Cultist and Chosen","floor":29,"turns":6},{"damage":5,"enemies":"Chosen and Byrds","floor":31,"turns":5},{"damage":54,"enemies":"Collector","floor":33,"turns":9},{"damage":0,"enemies":"3 Shapes","floor":35,"turns":3},{"damage":6,"enemies":"Orb Walker","floor":37,"turns":4},{"damage":27,"enemies":"2 Orb Walkers","floor":38,"turns":3},{"damage":7,"enemies":"Nemesis","floor":40,"turns":9},{"damage":32,"enemies":"Reptomancer","floor":42,"turns":8},{"damage":0,"enemies":"Mind Bloom Boss Battle","floor":44,"turns":9},{"damage":0,"enemies":"Giant Head","floor":46,"turns":10},{"damage":6,"enemies":"Transient","floor":48,"turns":6},{"damage":148,"enemies":"Awakened One","floor":50,"turns":32}],"seed_played":"-9072528704851331089","potions_obtained":[{"floor":4.0,"key":"Ancient Potion"},{"floor":5.0,"key":"GamblersBrew"},{"floor":19,"key":"Energy Potion"},{"floor":22,"key":"Ancient Potion"},{"floor":24,"key":"Energy Potion"},{"floor":31,"key":"EssenceOfSteel"}],"is_trial":false,"path_per_floor":["M","?","$","M","M","R","?","E","T","R","E","M","M","E","R","B",null,"M","M","?","$","M","R","E","M","T","R","?","M","R","M","R","B",null,"M","$","M","?","?","E","R","E","T","?","R","E","R","M","R","B"],"character_chosen":"DEFECT","items_purchased":["Good Instincts","Echo Form","Fusion","Lantern"],"campfire_rested":2,"item_purchase_floors":[3,21,36,36],"current_hp_per_floor":[62,55,55,53,53,53,53,36,36,36,22,22,17,17,17,11,51,37,39,30,30,32,51,26,28,28,47,47,61,61,63,63,29,55,59,59,64,37,37,50,50,38,38,60,60,64,64,58,58,0],"gold":301,"neow_bonus":"THREE_RARE_CARDS","is_prod":false,"is_daily":false,"chose_seed":false,"campfire_upgraded":9,"win_rate":0,"timestamp":1561130712,"path_taken":["M","?","$","M","M","R","?","E","T","R","E","M","M","E","R","BOSS","M","?","?","$","?","R","E","M","T","R","?","M","R","M","R","BOSS","M","$","M","?","?","E","R","E","T","?","R","E","R","?","R","BOSS"],"build_version":"2019-06-19","purchased_purges":1,"victory":false,"max_hp_per_floor":[64,64,64,64,64,64,64,64,64,64,64,64,64,64,64,64,64,64,64,64,64,64,64,64,64,64,64,64,64,64,64,64,64,64,64,64,64,64,64,64,64,64,64,64,64,64,64,64,64,64],"card_choices":[{"not_picked":["Amplify","Thunder Strike"],"picked":"Echo Form","floor":0.0},{"not_picked":["Hologram","Steam Power"],"picked":"Sweeping Beam","floor":1.0},{"not_picked":["Rebound","Stack","Redo"],"picked":"SKIP","floor":4.0},{"not_picked":["Consume","Compile Driver"],"picked":"Cold Snap","floor":5.0},{"not_picked":["Aggregate","Sunder"],"picked":"Static Discharge","floor":8.0},{"not_picked":["Turbo","Scrape"],"picked":"Melter","floor":11.0},{"not_picked":["Hologram","Self Repair"],"picked":"Buffer","floor":12.0},{"not_picked":["Streamline","Melter"],"picked":"Compile Driver","floor":13.0},{"not_picked":["Steam","Turbo"],"picked":"Compile Driver","floor":14.0},{"not_picked":["Fission","Meteor Strike"],"picked":"Electrodynamics","floor":16},{"not_picked":["Reprogram","Steam","Barrage"],"picked":"SKIP","floor":18},{"not_picked":["Gash","Steam Power+1"],"picked":"Doom and Gloom","floor":19},{"not_picked":["Turbo","Hello World"],"picked":"Undo","floor":22},{"not_picked":["Reboot","Lockon","Compile Driver"],"picked":"SKIP","floor":24},{"not_picked":["Streamline","Barrage","Beam Cell"],"picked":"SKIP","floor":25},{"not_picked":["Turbo","Sweeping Beam","Go for the Eyes"],"picked":"SKIP","floor":29},{"not_picked":["Aggregate","Hello World+1","Sweeping Beam"],"picked":"SKIP","floor":31},{"not_picked":["Aggregate","Sweeping Beam"],"picked":"Hello World+1","floor":31},{"not_picked":["Reboot","Machine Learning"],"picked":"Multi-Cast","floor":33},{"not_picked":["Streamline","Turbo","Steam+1"],"picked":"SKIP","floor":35},{"not_picked":["Heatsinks","Leap+1"],"picked":"Recycle","floor":37},{"not_picked":["Hologram","Conserve Battery"],"picked":"Glacier","floor":38},{"not_picked":["Turbo","Stack","Auto Shields"],"picked":"SKIP","floor":40},{"not_picked":["FTL","Buffer"],"picked":"Fission","floor":42},{"not_picked":["Go for the Eyes","Rebound"],"picked":"Undo","floor":44},{"not_picked":["Rebound","Beam Cell","BootSequence"],"picked":"SKIP","floor":46},{"not_picked":["Redo","Doom and Gloom"],"picked":"Core Surge","floor":48}],"player_experience":1749737,"relics_obtained":[{"floor":7.0,"key":"Orichalcum"},{"floor":8.0,"key":"Blue Candle"},{"floor":9.0,"key":"Art of War"},{"floor":11.0,"key":"DataDisk"},{"floor":14.0,"key":"Blood Vial"},{"floor":24,"key":"Anchor"},{"floor":26,"key":"Potion Belt"},{"floor":38,"key":"Pocketwatch"},{"floor":40,"key":"Dream Catcher"},{"floor":42,"key":"Emotion Chip"},{"floor":43,"key":"Whetstone"},{"floor":44,"key":"Ginger"},{"floor":46,"key":"Omamori"}],"event_choices":[{"cards_removed":["Strike_B"],"damage_healed":0.0,"max_hp_gain":0.0,"max_hp_loss":0.0,"gold_gain":0.0,"event_name":"Golden Wing","player_choice":"Card Removal","floor":2.0,"gold_loss":0.0,"damage_taken":7.0},{"damage_healed":0.0,"max_hp_gain":0.0,"max_hp_loss":0.0,"gold_gain":0.0,"event_name":"Wheel of Change","player_choice":"Relic","floor":7.0,"gold_loss":0.0,"damage_taken":0.0},{"damage_healed":0,"gold_gain":0,"player_choice":"Damaged","damage_taken":9,"max_hp_gain":0,"max_hp_loss":0,"event_name":"Wheel of Change","floor":20,"gold_loss":0},{"damage_healed":0,"gold_gain":0,"player_choice":"Became a vampire (Vial)","damage_taken":0,"max_hp_gain":0,"max_hp_loss":0,"event_name":"Vampires","floor":28,"relics_lost":["Blood Vial"],"gold_loss":0,"cards_obtained":["Bite","Bite","Bite","Bite","Bite"]},{"damage_healed":0,"gold_gain":0,"player_choice":"Fight","damage_taken":0,"max_hp_gain":0,"max_hp_loss":0,"event_name":"Mysterious Sphere","floor":38,"gold_loss":0},{"damage_healed":0,"gold_gain":0,"player_choice":"Memory 1","damage_taken":0,"max_hp_gain":0,"max_hp_loss":0,"event_name":"SensoryStone","floor":39,"gold_loss":0},{"damage_healed":0,"gold_gain":0,"player_choice":"Fight","damage_taken":0,"max_hp_gain":0,"max_hp_loss":0,"event_name":"MindBloom","floor":44,"gold_loss":0}],"is_beta":true,"boss_relics":[{"not_picked":["Tiny House","Nuclear Battery"],"picked":"Snecko Eye"},{"not_picked":["Astrolabe","Cursed Key"],"picked":"Sozu"}],"items_purged_floors":[21],"is_endless":false,"potions_floor_spawned":[4,5,13,19,22,24,31,37,38,44],"killed_by":"Awakened One","ascension_level":20}