{"gold_per_floor":[118,118,134,147,162,193,193,193,193,213,269,289,315,390,390,469,469,487,487,487,502,200,200,200,115,115,24,55,55,66,98,98,98],"floor_reached":33,"playtime":2828,"items_purged":[],"score":681,"play_id":"71071b0c-7ba5-4733-812c-39c0eb61f020","local_time":"20190731123350","is_ascension_mode":true,"campfire_choices":[{"data":"Predator","floor":7.0,"key":"SMITH"},{"data":"Neutralize","floor":15.0,"key":"SMITH"},{"data":"Well Laid Plans","floor":23.0,"key":"SMITH"},{"data":"Adrenaline","floor":29,"key":"SMITH"},{"data":"Corpse Explosion","floor":32,"key":"SMITH"}],"neow_cost":"TEN_PERCENT_HP_LOSS","seed_source_timestamp":997043426318833,"circlet_count":0,"master_deck":["AscendersBane","Defend_G","Defend_G","Defend_G","Defend_G","Defend_G","Survivor","Neutralize+1","Finisher","Deadly Poison+1","Slice","Poisoned Stab","Predator+1","Blade Dance","Dash","Endless Agony","Terror","Poisoned Stab","Acrobatics","Corpse Explosion+1","Well Laid Plans+1","Bite","Bite","Bite","Bite","Bite","Backstab+1","Adrenaline+1","Dodge and Roll","Calculated Gamble","Backflip","Backstab+1","Bouncing Flask"],"special_seed":0,"relics":["Ring of the Snake","Gremlin Horn","Pear","Tiny Chest","Pantograph","Philosopher\u0027s Stone","Bag of Preparation","PreservedInsect","Omamori","Singing Bowl","Boot"],"potions_floor_usage":[33],"damage_taken":[{"damage":2.0,"enemies":"Jaw Worm","floor":1.0,"turns":6.0},{"damage":0.0,"enemies":"Cultist","floor":3.0,"turns":3.0},{"damage":0.0,"enemies":"2 Louse","floor":4.0,"turns":3.0},{"damage":0.0,"enemies":"Blue Slaver","floor":5.0,"turns":3.0},{"damage":18.0,"enemies":"Lagavulin","floor":6.0,"turns":6.0},{"damage":0.0,"enemies":"Looter","floor":10.0,"turns":2.0},{"damage":8.0,"enemies":"Gremlin Nob","floor":11.0,"turns":3.0},{"damage":1.0,"enemies":"Exordium Thugs","floor":12.0,"turns":2.0},{"damage":5.0,"enemies":"Lagavulin","floor":13.0,"turns":5.0},{"damage":29.0,"enemies":"The Guardian","floor":16.0,"turns":12.0},{"damage":24.0,"enemies":"2 Thieves","floor":18.0,"turns":2.0},{"damage":20.0,"enemies":"Chosen","floor":21.0,"turns":4.0},{"damage":0,"enemies":"Gremlin Leader","floor":28,"turns":2},{"damage":10,"enemies":"Centurion and Healer","floor":30,"turns":3},{"damage":7,"enemies":"Slavers","floor":31,"turns":3},{"damage":62,"enemies":"Collector","floor":33,"turns":6}],"seed_played":"6150472323505303443","potions_obtained":[{"floor":4.0,"key":"Weak Potion"},{"floor":6.0,"key":"Fire Potion"},{"floor":11.0,"key":"PowerPotion"},{"floor":16.0,"key":"SkillPotion"},{"floor":21.0,"key":"Energy Potion"}],"is_trial":false,"path_per_floor":["M","?","M","M","M","E","R","?","T","M","E","M","E","?","R","B",null,"M","?","?","M","$","R","?","?","T","$","E","R","M","E","R","B"],"character_chosen":"THE_SILENT","items_purchased":["Adrenaline","Bag of Preparation","Dodge and Roll","Calculated Gamble","Backflip"],"campfire_rested":0,"item_purchase_floors":[22,22,22,27,27],"current_hp_per_floor":[57,57,57,57,57,39,39,39,49,49,41,40,35,24,24,20,58,34,48,48,31,31,31,31,31,31,31,35,35,33,38,38,0],"gold":98,"neow_bonus":"TRANSFORM_TWO_CARDS","is_prod":false,"is_daily":false,"chose_seed":false,"campfire_upgraded":5,"win_rate":0,"timestamp":1564565630,"path_taken":["M","?","M","?","M","E","R","?","T","M","E","M","E","?","R","BOSS","M","?","?","?","$","R","?","?","T","$","E","R","M","E","R","BOSS"],"build_version":"2019-07-17","purchased_purges":0,"victory":false,"max_hp_per_floor":[60,60,60,60,60,60,60,60,70,70,70,70,70,70,70,70,70,70,70,49,49,49,49,49,49,49,49,49,49,49,51,51,51],"card_choices":[{"not_picked":["Acrobatics","Choke"],"picked":"Slice","floor":1.0},{"not_picked":["Dagger Spray","Quick Slash"],"picked":"Poisoned Stab","floor":3.0},{"not_picked":["Finisher","Backflip"],"picked":"Predator","floor":4.0},{"not_picked":["Dodge and Roll","Riddle With Holes"],"picked":"Blade Dance","floor":5.0},{"not_picked":["Bane","PiercingWail"],"picked":"Dash","floor":6.0},{"not_picked":["Sucker Punch","Deflect"],"picked":"Endless Agony","floor":10.0},{"not_picked":["Escape Plan","Expertise"],"picked":"Terror","floor":11.0},{"not_picked":["Acrobatics","Quick Slash"],"picked":"Poisoned Stab","floor":12.0},{"not_picked":["Storm of Steel","Flying Knee"],"picked":"Acrobatics","floor":13.0},{"not_picked":["Grand Finale","Doppelganger"],"picked":"Corpse Explosion","floor":16.0},{"not_picked":["Prepared","Choke"],"picked":"Well Laid Plans","floor":18.0},{"not_picked":["Riddle With Holes","Masterful Stab"],"picked":"Backstab+1","floor":21.0},{"not_picked":["Quick Slash","Backflip"],"picked":"Backstab+1","floor":28},{"not_picked":["Prepared","Accuracy"],"picked":"Bouncing Flask","floor":30},{"not_picked":["Sucker Punch","Poisoned Stab","Cloak And Dagger"],"picked":"Singing Bowl","floor":31}],"player_experience":1128854,"relics_obtained":[{"floor":6.0,"key":"Gremlin Horn"},{"floor":9.0,"key":"Pear"},{"floor":11.0,"key":"Tiny Chest"},{"floor":13.0,"key":"Pantograph"},{"floor":26.0,"key":"Omamori"},{"floor":28,"key":"Singing Bowl"},{"floor":31,"key":"Boot"}],"event_choices":[{"damage_healed":0.0,"max_hp_gain":0.0,"max_hp_loss":0.0,"gold_gain":0.0,"event_name":"Upgrade Shrine","player_choice":"Upgraded","floor":2.0,"gold_loss":0.0,"damage_taken":0.0,"cards_upgraded":["Deadly Poison"]},{"damage_healed":0.0,"max_hp_gain":0.0,"max_hp_loss":0.0,"gold_gain":0.0,"event_name":"Liars Game","player_choice":"Ignored","floor":8.0,"gold_loss":0.0,"damage_taken":0.0},{"damage_healed":0.0,"max_hp_gain":0.0,"max_hp_loss":0.0,"gold_gain":75.0,"event_name":"World of Goop","player_choice":"Gather Gold","floor":14.0,"gold_loss":0.0,"damage_taken":11.0},{"damage_healed":14.0,"max_hp_gain":0.0,"max_hp_loss":0.0,"gold_gain":0.0,"event_name":"The Library","player_choice":"Heal","floor":19.0,"gold_loss":0.0,"damage_taken":0.0},{"damage_healed":0.0,"max_hp_gain":0.0,"max_hp_loss":21.0,"gold_gain":0.0,"event_name":"Vampires","player_choice":"Became a vampire","floor":20.0,"gold_loss":0.0,"damage_taken":0.0,"cards_obtained":["Bite","Bite","Bite","Bite","Bite"]},{"damage_healed":0.0,"max_hp_gain":0.0,"max_hp_loss":0.0,"gold_gain":0.0,"event_name":"Beggar","player_choice":"Ignored","floor":24.0,"gold_loss":0.0,"damage_taken":0.0},{"damage_healed":0.0,"max_hp_gain":0.0,"max_hp_loss":0.0,"gold_gain":0.0,"event_name":"Addict","player_choice":"Obtained Relic","floor":25.0,"gold_loss":85.0,"damage_taken":0.0,"relics_obtained":["PreservedInsect"]}],"is_beta":false,"boss_relics":[{"not_picked":["Orrery","Pandora\u0027s Box"],"picked":"Philosopher\u0027s Stone"}],"items_purged_floors":[],"is_endless":false,"potions_floor_spawned":[4,6,11,12,16,21],"killed_by":"Collector","ascension_level":20}