{"gold_per_floor":[113,113,113,181,104,133,147,182,182,107,107,141,141,165,165,165],"floor_reached":16,"playtime":539,"items_purged":["Strike_G"],"score":264,"play_id":"31720ad0-2c71-44ee-9bcf-ba9bf7e59d6b","local_time":"20190808223810","is_ascension_mode":true,"campfire_choices":[{"data":"Flechettes","floor":11,"key":"SMITH"},{"data":"Footwork","floor":13,"key":"SMITH"},{"floor":15,"key":"REST"}],"neow_cost":"NONE","seed_source_timestamp":856390913894336,"circlet_count":0,"master_deck":["AscendersBane","Strike_G","Strike_G","Strike_G","Strike_G","Defend_G","Defend_G","Defend_G","Defend_G","Defend_G","Survivor","Neutralize+1","Dagger Spray","Footwork+1","Flechettes+1","Well Laid Plans","Burst","Dodge and Roll","Dodge and Roll"],"relics":["Ring of the Snake","NeowsBlessing","Sundial","Mercury Hourglass","Bottled Flame","Matryoshka","Boot","Odd Mushroom"],"potions_floor_usage":[8,8,14],"damage_taken":[{"damage":0,"enemies":"Jaw Worm","floor":1,"turns":1},{"damage":0,"enemies":"Gremlin Nob","floor":6,"turns":1},{"damage":0,"enemies":"Cultist","floor":7,"turns":1},{"damage":30,"enemies":"Lagavulin","floor":8,"turns":5},{"damage":5,"enemies":"3 Sentries","floor":12,"turns":8},{"damage":8,"enemies":"The Mushroom Lair","floor":14,"turns":3},{"damage":39,"enemies":"Slime Boss","floor":16,"turns":9}],"seed_played":"2308002329565244260","potions_obtained":[{"floor":6,"key":"Explosive Potion"},{"floor":7,"key":"AttackPotion"},{"floor":12,"key":"SpeedPotion"}],"is_trial":false,"path_per_floor":["M","?","?","T","$","E","M","E","T","$","R","E","R","?","R","B"],"character_chosen":"THE_SILENT","items_purchased":["Footwork"],"campfire_rested":1,"item_purchase_floors":[5],"current_hp_per_floor":[59,59,59,59,59,59,59,29,29,29,29,24,24,16,35,0],"gold":165,"neow_bonus":"THREE_ENEMY_KILL","is_prod":false,"is_daily":false,"chose_seed":false,"campfire_upgraded":2,"win_rate":0,"timestamp":1565329090,"path_taken":["M","?","?","?","$","E","?","E","T","?","R","E","R","?","R","BOSS"],"build_version":"2019-07-18","purchased_purges":1,"victory":false,"max_hp_per_floor":[66,66,66,66,66,66,66,66,66,66,66,66,66,66,66,66],"card_choices":[{"not_picked":["Outmaneuver","Skewer"],"picked":"Dagger Spray","floor":1},{"not_picked":["Expertise","Prepared"],"picked":"Flechettes","floor":6},{"not_picked":["Distraction","Deflect"],"picked":"Well Laid Plans","floor":7},{"not_picked":["Dagger Throw","Burst","Doppelganger"],"picked":"SKIP","floor":8},{"not_picked":["Dagger Throw","Doppelganger"],"picked":"Burst","floor":8},{"not_picked":["Slice","Expertise"],"picked":"Dodge and Roll","floor":12},{"not_picked":["Endless Agony","Bane"],"picked":"Dodge and Roll","floor":14}],"player_experience":394590,"relics_obtained":[{"floor":4,"key":"Sundial"},{"floor":6,"key":"Mercury Hourglass"},{"floor":8,"key":"Bottled Flame"},{"floor":9,"key":"Matryoshka"},{"floor":12,"key":"Boot"},{"floor":14,"key":"Odd Mushroom"}],"event_choices":[{"damage_healed":0,"gold_gain":0,"player_choice":"Ignored","damage_taken":0,"max_hp_gain":0,"max_hp_loss":0,"event_name":"Liars Game","floor":2,"gold_loss":0},{"damage_healed":0,"gold_gain":0,"player_choice":"Grow","damage_taken":0,"max_hp_gain":0,"max_hp_loss":0,"event_name":"Living Wall","floor":3,"gold_loss":0,"cards_upgraded":["Neutralize"]},{"damage_healed":0,"gold_gain":0,"player_choice":"Fought Mushrooms","damage_taken":0,"max_hp_gain":0,"max_hp_loss":0,"event_name":"Mushrooms","floor":14,"gold_loss":0}],"is_beta":true,"boss_relics":[],"items_purged_floors":[10],"is_endless":false,"potions_floor_spawned":[6,7,12],"killed_by":"Slime Boss","ascension_level":18}