{"gold_per_floor":[118,132,132,132,207,207,240,259,312,340,353,353,353],"floor_reached":13,"playtime":340,"items_purged":[],"score":98,"play_id":"1e51308b-2eac-461c-ac34-68bc9b13e64e","local_time":"20190808130226","is_ascension_mode":true,"campfire_choices":[{"data":"Consume","floor":6,"key":"SMITH"},{"floor":12,"key":"REST"}],"neow_cost":"NONE","seed_source_timestamp":74711924184292,"circlet_count":0,"master_deck":["Strike_B","Strike_B","Strike_B","Defend_B","Defend_B+1","Defend_B","Defend_B+1","Zap","Dualcast","Core Surge","Coolheaded","Consume+1","Reinforced Body","Defragment","Coolheaded"],"relics":["Cracked Core","Vajra","Potion Belt","Omamori"],"potions_floor_usage":[13,13,13],"damage_taken":[{"damage":0,"enemies":"Small Slimes","floor":1,"turns":2},{"damage":0,"enemies":"2 Louse","floor":2,"turns":2},{"damage":32,"enemies":"3 Sentries","floor":7,"turns":8},{"damage":0,"enemies":"Cultist","floor":8,"turns":3},{"damage":13,"enemies":"Lagavulin","floor":10,"turns":7},{"damage":0,"enemies":"3 Louse","floor":11,"turns":2},{"damage":39,"enemies":"Gremlin Nob","floor":13,"turns":4}],"seed_played":"-7665626807084324838","potions_obtained":[{"floor":2,"key":"LiquidBronze"},{"floor":8,"key":"SpeedPotion"},{"floor":10,"key":"GamblersBrew"}],"is_trial":false,"path_per_floor":["M","M","?","?","?","R","E","M","T","E","M","R","E"],"character_chosen":"DEFECT","items_purchased":[],"campfire_rested":1,"item_purchase_floors":[],"current_hp_per_floor":[75,75,80,64,53,53,21,21,21,8,8,32,0],"gold":353,"neow_bonus":"TRANSFORM_CARD","is_prod":false,"is_daily":false,"chose_seed":false,"campfire_upgraded":1,"win_rate":0,"timestamp":1565236946,"path_taken":["M","M","?","?","?","R","E","M","T","E","M","R","E"],"build_version":"2019-07-17","purchased_purges":0,"victory":false,"max_hp_per_floor":[75,75,80,80,80,80,80,80,80,80,80,80,80],"card_choices":[{"not_picked":["Sweeping Beam","Leap"],"picked":"Coolheaded","floor":1},{"not_picked":["Melter","Rebound"],"picked":"Consume","floor":2},{"not_picked":["Leap","Tempest"],"picked":"Reinforced Body","floor":7},{"not_picked":["Stack","Redo","Steam"],"picked":"SKIP","floor":8},{"not_picked":["Tempest","Leap"],"picked":"Defragment","floor":10},{"not_picked":["Ball Lightning","FTL"],"picked":"Coolheaded","floor":11}],"player_experience":297204,"relics_obtained":[{"floor":7,"key":"Vajra"},{"floor":9,"key":"Potion Belt"},{"floor":10,"key":"Omamori"}],"event_choices":[{"damage_healed":0,"gold_gain":0,"player_choice":"Donut","damage_taken":0,"max_hp_gain":5,"max_hp_loss":0,"event_name":"Big Fish","floor":3,"gold_loss":0},{"damage_healed":0,"gold_gain":0,"player_choice":"Entered Light","damage_taken":16,"max_hp_gain":0,"max_hp_loss":0,"event_name":"Shining Light","floor":4,"gold_loss":0,"cards_upgraded":["Defend_B","Defend_B"]},{"damage_healed":0,"gold_gain":75,"player_choice":"Gather Gold","damage_taken":11,"max_hp_gain":0,"max_hp_loss":0,"event_name":"World of Goop","floor":5,"gold_loss":0}],"is_beta":false,"boss_relics":[],"items_purged_floors":[],"is_endless":false,"potions_floor_spawned":[2,8,10],"killed_by":"Gremlin Nob","ascension_level":1}