{"gold_per_floor":[109,120,135,135,150,150,250,283,283,298,298,248,248,260,260,363,363,374,393,493,508,356,356,385,385,434,448,458,287,387,397,397,494,494,513,532,544,557,432,432,432,460,460,472,499,499,530,546,546,546,546,546,103,128,128],"floor_reached":56,"playtime":4402,"items_purged":["Strike_G","Regret","Strike_G","Strike_G"],"score":1564,"play_id":"85704674-cd4d-4587-a948-b77960970520","local_time":"20190802171236","is_ascension_mode":true,"campfire_choices":[{"data":"Backflip","floor":6.0,"key":"SMITH"},{"data":"Survivor","floor":11.0,"key":"SMITH"},{"data":"Catalyst","floor":13.0,"key":"SMITH"},{"data":"Bouncing Flask","floor":15.0,"key":"SMITH"},{"data":"Footwork","floor":23.0,"key":"SMITH"},{"floor":25.0,"key":"REST"},{"floor":32.0,"key":"REST"},{"data":"Burst","floor":41.0,"key":"SMITH"},{"data":"Well Laid Plans","floor":46.0,"key":"SMITH"},{"floor":49.0,"key":"RECALL"},{"data":"Adrenaline","floor":52.0,"key":"SMITH"}],"neow_cost":"NONE","seed_source_timestamp":303282062636300,"circlet_count":0,"master_deck":["Strike_G+1","Defend_G","Defend_G","Defend_G","Defend_G","Defend_G","Survivor+1","Neutralize+1","Backflip+1","Dagger Throw","Backstab","Unload+1","Catalyst+1","Bouncing Flask+1","Corpse Explosion","Dash+1","Burst+1","Footwork+1","Adrenaline+1","PiercingWail","Backflip","Well Laid Plans+1","Calculated Gamble","Backflip","Blur+1","Catalyst+1","Backflip","Acrobatics+1","Well Laid Plans","Escape Plan+1"],"special_seed":0,"relics":["Ring of the Snake","Letter Opener","Kunai","Cursed Key","Paper Crane","PreservedInsect","Sozu","Omamori","Thread and Needle","Dream Catcher","Gremlin Horn","Whetstone"],"potions_floor_usage":[55,55],"damage_taken":[{"damage":0.0,"enemies":"Cultist","floor":1.0,"turns":4.0},{"damage":0.0,"enemies":"Small Slimes","floor":2.0,"turns":4.0},{"damage":0.0,"enemies":"Jaw Worm","floor":3.0,"turns":4.0},{"damage":16.0,"enemies":"Exordium Thugs","floor":5.0,"turns":5.0},{"damage":12.0,"enemies":"Gremlin Nob","floor":8.0,"turns":3.0},{"damage":0.0,"enemies":"Large Slime","floor":10.0,"turns":5.0},{"damage":3.0,"enemies":"Gremlin Gang","floor":14.0,"turns":5.0},{"damage":10.0,"enemies":"Slime Boss","floor":16.0,"turns":13.0},{"damage":13.0,"enemies":"Spheric Guardian","floor":18.0,"turns":4.0},{"damage":2.0,"enemies":"Chosen","floor":19.0,"turns":4.0},{"damage":14.0,"enemies":"Sentry and Sphere","floor":21.0,"turns":4.0},{"damage":9.0,"enemies":"Book of Stabbing","floor":24.0,"turns":4.0},{"damage":7.0,"enemies":"Snake Plant","floor":27.0,"turns":4.0},{"damage":4.0,"enemies":"Snecko","floor":28.0,"turns":3.0},{"damage":5.0,"enemies":"Centurion and Healer","floor":31.0,"turns":4.0},{"damage":39.0,"enemies":"Automaton","floor":33.0,"turns":7.0},{"damage":0.0,"enemies":"Orb Walker","floor":35.0,"turns":4.0},{"damage":0.0,"enemies":"3 Shapes","floor":36.0,"turns":3.0},{"damage":4.0,"enemies":"3 Darklings","floor":37.0,"turns":4.0},{"damage":1.0,"enemies":"Maw","floor":38.0,"turns":5.0},{"damage":0.0,"enemies":"Giant Head","floor":42.0,"turns":4.0},{"damage":1.0,"enemies":"Writhing Mass","floor":44.0,"turns":2.0},{"damage":16.0,"enemies":"Reptomancer","floor":45.0,"turns":6.0},{"damage":0.0,"enemies":"Nemesis","floor":47.0,"turns":3.0},{"damage":0.0,"enemies":"Transient","floor":48.0,"turns":4.0},{"damage":14.0,"enemies":"Time Eater","floor":50.0,"turns":3.0},{"damage":24.0,"enemies":"Shield and Spear","floor":54.0,"turns":3.0},{"damage":28,"enemies":"The Heart","floor":55,"turns":8}],"seed_played":"2976711081501384188","potions_obtained":[{"floor":5.0,"key":"Poison Potion"},{"floor":10.0,"key":"Regen Potion"},{"floor":16.0,"key":"Weak Potion"},{"floor":21.0,"key":"AttackPotion"},{"floor":24.0,"key":"PowerPotion"},{"floor":33.0,"key":"GamblersBrew"}],"is_trial":false,"path_per_floor":["M","M","M","?","M","R","?","E","T","M","R","?","R","M","R","B",null,"M","M","?","M","$","R","E","R","T","M","M","$","?","M","R","B",null,"M","M","M","M","$","T","R","E","T","M","E","R","E","M","R","B",null,"R","$","E","B",null],"character_chosen":"THE_SILENT","items_purchased":["Footwork","Well Laid Plans","Well Laid Plans","Gremlin Horn"],"campfire_rested":2,"item_purchase_floors":[22,29,53,53],"current_hp_per_floor":[70,70,70,75,59,59,59,47,47,47,47,47,47,44,44,34,65,52,50,50,36,36,36,27,49,49,42,38,38,38,33,55,16,60,60,60,56,55,55,55,55,55,55,54,38,38,38,38,38,24,62,62,62,38,25],"gold":128,"neow_bonus":"UPGRADE_CARD","is_prod":false,"is_daily":false,"chose_seed":false,"campfire_upgraded":8,"win_rate":0,"timestamp":1564780356,"path_taken":["M","?","M","?","M","R","?","E","T","?","R","?","R","M","R","BOSS","M","M","?","M","?","R","E","R","T","M","M","$","?","M","R","BOSS","M","M","?","?","$","?","R","E","T","M","E","R","E","M","R","BOSS","R","$","E","BOSS"],"build_version":"2019-07-18","purchased_purges":4,"victory":true,"max_hp_per_floor":[70,70,70,75,75,75,75,75,75,75,75,75,75,75,75,75,75,75,75,75,75,75,75,75,75,75,75,75,75,75,75,75,75,75,75,75,75,75,75,75,75,75,75,75,75,75,75,75,75,75,75,75,75,75,75],"card_choices":[{"not_picked":["Blade Dance","Dagger Throw"],"picked":"Backflip","floor":1.0},{"not_picked":["Reflex","Prepared"],"picked":"Dagger Throw","floor":2.0},{"not_picked":["Sucker Punch","Underhanded Strike"],"picked":"Backstab","floor":3.0},{"not_picked":["Backflip","Bane"],"picked":"Unload","floor":5.0},{"not_picked":["Bane","Dagger Throw","Blade Dance"],"picked":"SKIP","floor":8.0},{"not_picked":["Cloak And Dagger","Sucker Punch"],"picked":"Catalyst","floor":10.0},{"not_picked":["Well Laid Plans","Reflex"],"picked":"Bouncing Flask","floor":14.0},{"not_picked":["Unload","Tools of the Trade"],"picked":"Corpse Explosion","floor":16.0},{"not_picked":["Caltrops","Prepared","Deflect"],"picked":"SKIP","floor":18.0},{"not_picked":["Cloak And Dagger","Terror"],"picked":"Dash+1","floor":19.0},{"not_picked":["Distraction","Calculated Gamble"],"picked":"Burst","floor":21.0},{"not_picked":["Reflex","Slice"],"picked":"Adrenaline","floor":24.0},{"not_picked":["Prepared","Deadly Poison+1"],"picked":"PiercingWail","floor":27.0},{"not_picked":["Distraction","Blade Dance"],"picked":"Backflip","floor":28.0},{"not_picked":["Flechettes","Heel Hook"],"picked":"Calculated Gamble","floor":31.0},{"not_picked":["PiercingWail","Riddle With Holes+1"],"picked":"Backflip","floor":35.0},{"not_picked":["Riddle With Holes","Dagger Spray"],"picked":"Blur+1","floor":36.0},{"not_picked":["Quick Slash","Dodge and Roll"],"picked":"Catalyst+1","floor":37.0},{"not_picked":["Catalyst","Predator","Dagger Spray+1"],"picked":"SKIP","floor":38.0},{"not_picked":["Deflect","Slice"],"picked":"Backflip","floor":42.0},{"not_picked":["Burst","Dagger Throw+1"],"picked":"Acrobatics+1","floor":44.0},{"not_picked":["A Thousand Cuts","Underhanded Strike+1","Accuracy+1"],"picked":"SKIP","floor":45.0},{"not_picked":["Bane","Slice+1","Deadly Poison"],"picked":"SKIP","floor":47.0},{"not_picked":["Poisoned Stab+1","Slice+1","Riddle With Holes"],"picked":"SKIP","floor":48.0},{"not_picked":["Bane+1","Slice"],"picked":"Escape Plan+1","floor":54.0}],"player_experience":295160,"relics_obtained":[{"floor":8.0,"key":"Letter Opener"},{"floor":9.0,"key":"Kunai"},{"floor":24.0,"key":"Paper Crane"},{"floor":26.0,"key":"PreservedInsect"},{"floor":42.0,"key":"Omamori"},{"floor":45.0,"key":"Thread and Needle"},{"floor":47.0,"key":"Dream Catcher"},{"floor":54.0,"key":"Whetstone"}],"event_choices":[{"damage_healed":0.0,"max_hp_gain":5.0,"max_hp_loss":0.0,"gold_gain":0.0,"event_name":"Big Fish","player_choice":"Donut","floor":4.0,"gold_loss":0.0,"damage_taken":0.0},{"damage_healed":0.0,"max_hp_gain":0.0,"max_hp_loss":0.0,"gold_gain":100.0,"event_name":"Golden Shrine","player_choice":"Pray","floor":7.0,"gold_loss":0.0,"damage_taken":0.0},{"cards_removed":["Strike_G"],"damage_healed":0.0,"max_hp_gain":0.0,"max_hp_loss":0.0,"gold_gain":0.0,"event_name":"The Cleric","player_choice":"Card Removal","floor":12.0,"gold_loss":50.0,"damage_taken":0.0},{"damage_healed":0.0,"max_hp_gain":0.0,"max_hp_loss":0.0,"gold_gain":100.0,"event_name":"Golden Shrine","player_choice":"Pray","floor":20.0,"gold_loss":0.0,"damage_taken":0.0},{"damage_healed":0.0,"max_hp_gain":0.0,"max_hp_loss":0.0,"gold_gain":100.0,"event_name":"Golden Shrine","player_choice":"Pray","floor":30.0,"gold_loss":0.0,"damage_taken":0.0}],"is_beta":true,"boss_relics":[{"not_picked":["WristBlade","White Beast Statue"],"picked":"Cursed Key"},{"not_picked":["Ring of the Serpent","Philosopher\u0027s Stone"],"picked":"Sozu"}],"items_purged_floors":[22,29,39,53],"is_endless":false,"potions_floor_spawned":[5,10,16,21,24,33,38,42,44,45,54],"ascension_level":5}