{"gold_per_floor":[112,112,112,127,50,83,8,8,34,34,34,68,68,80,80,183,183,196,196,196,43,43],"floor_reached":22,"playtime":740,"items_purged":["Strike_B"],"score":342,"play_id":"20799c30-fe1c-4774-a268-156c26913d77","local_time":"20190701212658","is_ascension_mode":true,"campfire_choices":[{"data":"Streamline","floor":8,"key":"SMITH"},{"data":"Coolheaded","floor":10,"key":"SMITH"},{"data":"Hologram","floor":15,"key":"SMITH"}],"neow_cost":"NONE","seed_source_timestamp":9037700580557,"circlet_count":0,"master_deck":["Strike_B+1","Strike_B+1","Strike_B+1","Defend_B+1","Defend_B+1","Defend_B+1","Zap+1","Dualcast+1","Gash","Streamline+1","Gash","Hologram+1","Coolheaded+1","Hologram","Parasite","Leap","Reboot"],"relics":["FrozenCore","NeowsBlessing","Question Card","War Paint","Ornamental Fan","DataDisk"],"potions_floor_usage":[22],"damage_taken":[{"damage":0,"enemies":"Small Slimes","floor":1,"turns":1},{"damage":0,"enemies":"Cultist","floor":4,"turns":1},{"damage":0,"enemies":"Gremlin Nob","floor":6,"turns":1},{"damage":38,"enemies":"3 Sentries","floor":12,"turns":7},{"damage":2,"enemies":"Jaw Worm","floor":14,"turns":2},{"damage":0,"enemies":"The Guardian","floor":16,"turns":9},{"damage":7,"enemies":"Chosen","floor":18,"turns":6},{"damage":55,"enemies":"3 Byrds","floor":22,"turns":7}],"seed_played":"-8485832007696894881","potions_obtained":[{"floor":4,"key":"FocusPotion"},{"floor":6,"key":"SneckoOil"},{"floor":14,"key":"FearPotion"}],"is_trial":false,"path_per_floor":["M","?","?","M","$","E","$","R","T","R","?","E","?","M","R","B",null,"M","?","?","$","M"],"character_chosen":"DEFECT","items_purchased":["Gash","Hologram","DataDisk"],"campfire_rested":0,"item_purchase_floors":[5,5,21],"current_hp_per_floor":[68,61,61,61,61,61,61,61,61,61,66,28,48,46,46,46,72,65,65,65,65,10],"gold":43,"neow_bonus":"THREE_ENEMY_KILL","is_prod":false,"is_daily":false,"chose_seed":false,"campfire_upgraded":3,"win_rate":0,"timestamp":1561984018,"path_taken":["M","?","?","?","?","E","$","R","T","R","?","E","?","M","R","BOSS","M","?","?","$","M"],"build_version":"2019-01-23","purchased_purges":1,"victory":false,"max_hp_per_floor":[75,75,75,75,75,75,75,75,75,75,80,80,80,80,80,80,80,80,80,80,80,80],"card_choices":[{"not_picked":["Compile Driver","Conserve Battery"],"picked":"Gash","floor":1},{"not_picked":["Double Energy","Ball Lightning"],"picked":"Streamline","floor":4},{"not_picked":["Double Energy","Undo"],"picked":"Coolheaded","floor":6},{"not_picked":["Fusion","Hello World","Recycle"],"picked":"Hologram","floor":12},{"not_picked":["Tempest","Chaos","Genetic Algorithm"],"picked":"Leap","floor":14},{"not_picked":["Biased Cognition","Echo Form","Amplify"],"picked":"Reboot","floor":16},{"not_picked":["Skim","Static Discharge","Recycle+1","Steam Power"],"picked":"SKIP","floor":18}],"player_experience":116546,"relics_obtained":[{"floor":6,"key":"Question Card"},{"floor":12,"key":"War Paint"}],"event_choices":[{"cards_removed":["Defend_B"],"damage_healed":0,"gold_gain":0,"player_choice":"Card Removal","damage_taken":7,"max_hp_gain":0,"max_hp_loss":0,"event_name":"Golden Wing","floor":2,"gold_loss":0},{"damage_healed":0,"gold_gain":0,"player_choice":"Upgraded","damage_taken":0,"max_hp_gain":0,"max_hp_loss":0,"event_name":"Upgrade Shrine","floor":3,"gold_loss":0,"cards_upgraded":["Zap"]},{"damage_healed":0,"gold_gain":0,"player_choice":"Donut","damage_taken":0,"max_hp_gain":5,"max_hp_loss":0,"event_name":"Big Fish","floor":11,"gold_loss":0},{"damage_healed":20,"gold_gain":0,"player_choice":"Healed and dodged fight","damage_taken":0,"max_hp_gain":0,"max_hp_loss":0,"event_name":"Mushrooms","floor":13,"gold_loss":0,"cards_obtained":["Parasite"]},{"damage_healed":0,"gold_gain":0,"player_choice":"Simplicity","damage_taken":0,"max_hp_gain":0,"max_hp_loss":0,"event_name":"Back to Basics","floor":19,"gold_loss":0,"cards_upgraded":["Strike_B","Strike_B","Strike_B","Defend_B","Defend_B"]},{"damage_healed":0,"gold_gain":0,"player_choice":"Gave Potion","damage_taken":0,"relics_obtained":["Ornamental Fan"],"max_hp_gain":0,"max_hp_loss":0,"event_name":"WeMeetAgain","floor":20,"gold_loss":0}],"is_beta":false,"boss_relics":[{"not_picked":["Snecko Eye","Coffee Dripper"],"picked":"FrozenCore"}],"items_purged_floors":[7],"is_endless":false,"potions_floor_spawned":[4,6,14],"killed_by":"3 Byrds","ascension_level":6}