{"gold_per_floor":[116,134,84,9,21,21,49,64,64,75,85,85,103,166,166,267,267,285,305,305,315,331,331,256,269,269,0,0,25],"floor_reached":29,"playtime":1283,"items_purged":["Strike_B","Defend_B"],"score":288,"play_id":"c2a0bda8-da27-4e71-bfd3-ce57179b7050","local_time":"20190808153911","is_ascension_mode":true,"campfire_choices":[{"data":"Buffer","floor":6.0,"key":"SMITH"},{"data":"Zap","floor":12.0,"key":"SMITH"},{"data":"Coolheaded","floor":15.0,"key":"SMITH"},{"data":"Capacitor","floor":23.0,"key":"SMITH"},{"data":"Dualcast","floor":28,"key":"SMITH"}],"neow_cost":"NONE","seed_source_timestamp":83153786086954,"circlet_count":0,"master_deck":["Strike_B","Strike_B","Defend_B","Zap+1","Dualcast+1","Ball Lightning","Buffer+1","Capacitor+1","Gash","BootSequence","Coolheaded+1","Reprogram","Echo Form","Barrage+1","Skim","Hologram+1","Coolheaded+1","Go for the Eyes","Gash"],"special_seed":0,"relics":["Nuclear Battery","Vajra","Kunai"],"potions_floor_usage":[],"damage_taken":[{"damage":0.0,"enemies":"2 Louse","floor":1.0,"turns":2.0},{"damage":0.0,"enemies":"Small Slimes","floor":2.0,"turns":3.0},{"damage":6.0,"enemies":"Jaw Worm","floor":5.0,"turns":3.0},{"damage":0.0,"enemies":"Lagavulin","floor":7.0,"turns":7.0},{"damage":8.0,"enemies":"Red Slaver","floor":8.0,"turns":3.0},{"damage":0.0,"enemies":"Blue Slaver","floor":10.0,"turns":4.0},{"damage":0.0,"enemies":"Looter","floor":11.0,"turns":3.0},{"damage":7.0,"enemies":"Exordium Thugs","floor":13.0,"turns":5.0},{"damage":4.0,"enemies":"3 Sentries","floor":14.0,"turns":6.0},{"damage":46.0,"enemies":"The Guardian","floor":16.0,"turns":11.0},{"damage":10.0,"enemies":"Chosen","floor":18.0,"turns":6.0},{"damage":12.0,"enemies":"Spheric Guardian","floor":19.0,"turns":4.0},{"damage":5.0,"enemies":"Centurion and Healer","floor":21.0,"turns":7.0},{"damage":3.0,"enemies":"Sentry and Sphere","floor":22.0,"turns":5.0},{"damage":11.0,"enemies":"Snake Plant","floor":25.0,"turns":6.0},{"damage":19,"enemies":"Gremlin Leader","floor":29,"turns":5}],"seed_played":"-2631527830311852449","potions_obtained":[{"floor":2.0,"key":"Ancient Potion"},{"floor":5.0,"key":"Swift Potion"},{"floor":8.0,"key":"PowerPotion"},{"floor":10.0,"key":"Explosive Potion"},{"floor":14.0,"key":"SteroidPotion"},{"floor":21.0,"key":"SpeedPotion"}],"is_trial":false,"path_per_floor":["M","M","?","$","M","R","E","M","T","M","M","R","M","?","R","B",null,"M","M","?","M","M","R","?","M","T","$","R","E"],"character_chosen":"DEFECT","items_purchased":["Gash","Vajra"],"campfire_rested":0,"item_purchase_floors":[27,27],"current_hp_per_floor":[75,75,75,75,69,69,69,61,61,61,61,61,54,50,50,4,75,65,53,53,48,45,45,45,34,34,34,34,15],"gold":25,"neow_bonus":"BOSS_RELIC","is_prod":false,"is_daily":false,"chose_seed":false,"campfire_upgraded":5,"win_rate":0,"timestamp":1565246351,"path_taken":["M","M","?","$","M","R","E","M","T","M","M","R","M","?","R","BOSS","M","M","?","M","?","R","?","M","T","$","R","E"],"build_version":"2019-07-17","purchased_purges":2,"victory":false,"max_hp_per_floor":[75,75,75,75,75,75,75,75,75,75,75,75,75,75,75,75,75,75,75,75,75,75,75,75,75,75,75,75,75],"card_choices":[{"not_picked":["Sweeping Beam","FTL"],"picked":"Ball Lightning","floor":1.0},{"not_picked":["Streamline","Hello World"],"picked":"Buffer","floor":2.0},{"not_picked":["Force Field","Gash"],"picked":"Capacitor","floor":5.0},{"not_picked":["Fusion","Melter","Sweeping Beam"],"picked":"SKIP","floor":7.0},{"not_picked":["Turbo","Undo"],"picked":"Gash","floor":8.0},{"not_picked":["Hello World","Beam Cell","Aggregate"],"picked":"SKIP","floor":10.0},{"not_picked":["Steam","Static Discharge"],"picked":"BootSequence","floor":11.0},{"not_picked":["Reinforced Body","Leap"],"picked":"Coolheaded","floor":13.0},{"not_picked":["Aggregate","Auto Shields"],"picked":"Reprogram","floor":14.0},{"not_picked":["Meteor Strike","Buffer"],"picked":"Echo Form","floor":16.0},{"not_picked":["Beam Cell","Storm"],"picked":"Barrage+1","floor":18.0},{"not_picked":["Sweeping Beam+1","Fission"],"picked":"Skim","floor":19.0},{"not_picked":["Reprogram","Beam Cell+1"],"picked":"Hologram+1","floor":21.0},{"not_picked":["Barrage+1","Recycle"],"picked":"Coolheaded+1","floor":22.0},{"not_picked":["Coolheaded","Redo"],"picked":"Go for the Eyes","floor":25.0}],"player_experience":303774,"relics_obtained":[{"floor":29,"key":"Kunai"}],"event_choices":[{"cards_removed":["Defend_B"],"damage_healed":0.0,"max_hp_gain":0.0,"max_hp_loss":0.0,"gold_gain":0.0,"event_name":"The Cleric","player_choice":"Card Removal","floor":3.0,"gold_loss":50.0,"damage_taken":0.0},{"damage_healed":0.0,"max_hp_gain":0.0,"max_hp_loss":0.0,"gold_gain":30.0,"event_name":"Dead Adventurer","player_choice":"Searched \u00272\u0027 times","floor":14.0,"gold_loss":0.0,"damage_taken":0.0},{"cards_removed":["Defend_B"],"damage_healed":0.0,"max_hp_gain":0.0,"max_hp_loss":0.0,"gold_gain":0.0,"event_name":"Bonfire Elementals","player_choice":"Offered Basic","floor":20.0,"gold_loss":0.0,"damage_taken":0.0},{"cards_removed":["Strike_B"],"damage_healed":0.0,"max_hp_gain":0.0,"max_hp_loss":0.0,"gold_gain":0.0,"event_name":"Beggar","player_choice":"Gave Gold","floor":24.0,"gold_loss":75.0,"damage_taken":0.0}],"is_beta":false,"boss_relics":[{"not_picked":["Ectoplasm","Pandora\u0027s Box","Tiny House"]}],"items_purged_floors":[4,27],"is_endless":false,"potions_floor_spawned":[2,5,8,10,13,14,19,21],"killed_by":"Gremlin Leader","ascension_level":1}