{"gold_per_floor":[160,48,60,60,73,73,90,90,117,161,173,185,97,62,62,62],"floor_reached":16,"playtime":449,"items_purged":["Defend_B","Strike_B"],"score":185,"play_id":"a92b1cb5-c726-4361-8f88-f371a455bfee","local_time":"20190805114045","is_ascension_mode":true,"campfire_choices":[{"data":"Defragment","floor":6,"key":"SMITH"},{"data":"Zap","floor":8,"key":"SMITH"},{"floor":15,"key":"REST"}],"neow_cost":"NONE","seed_source_timestamp":13223815604843,"circlet_count":0,"master_deck":["AscendersBane","Strike_B","Strike_B","Defend_B","Defend_B","Defend_B+1","Zap+1","Dualcast","Defragment+1","Conserve Battery","Self Repair","Machine Learning"],"relics":["Tiny House","MawBank","Centennial Puzzle"],"potions_floor_usage":[10,12],"damage_taken":[{"damage":6,"enemies":"Cultist","floor":1,"turns":4},{"damage":16,"enemies":"Small Slimes","floor":3,"turns":4},{"damage":4,"enemies":"Jaw Worm","floor":5,"turns":4},{"damage":13,"enemies":"Exordium Wildlife","floor":7,"turns":5},{"damage":44,"enemies":"3 Sentries","floor":10,"turns":9},{"damage":0,"enemies":"Red Slaver","floor":12,"turns":1},{"damage":37,"enemies":"Hexaghost","floor":16,"turns":9}],"seed_played":"-7329015190276088353","potions_obtained":[{"floor":0,"key":"SmokeBomb"},{"floor":1,"key":"Energy Potion"}],"is_trial":false,"path_per_floor":["M","$","M","$","M","R","M","R","T","E","?","M","$","?","R","B"],"character_chosen":"DEFECT","items_purchased":["Self Repair"],"campfire_rested":1,"item_purchase_floors":[2],"current_hp_per_floor":[63,63,54,54,57,57,51,51,51,14,14,14,14,33,55,18],"gold":62,"neow_bonus":"BOSS_RELIC","is_prod":false,"is_daily":false,"chose_seed":false,"campfire_upgraded":2,"win_rate":0,"timestamp":1564972845,"path_taken":["M","$","M","?","M","R","M","R","T","E","?","M","$","?","R","BOSS"],"build_version":"2019-07-17","purchased_purges":2,"victory":false,"max_hp_per_floor":[76,76,76,76,76,76,76,76,76,76,76,76,76,76,76,76],"card_choices":[{"not_picked":["Auto Shields","Rebound"],"picked":"Defragment","floor":0},{"not_picked":["Go for the Eyes","Lockon"],"picked":"Conserve Battery","floor":1},{"not_picked":["Sweeping Beam","Steam","Turbo"],"picked":"SKIP","floor":3},{"not_picked":["Storm","Rip and Tear","Leap"],"picked":"SKIP","floor":5},{"not_picked":["Hello World","Turbo","Static Discharge"],"picked":"SKIP","floor":7},{"not_picked":["Sweeping Beam","Rebound"],"picked":"Machine Learning","floor":10}],"player_experience":241222,"relics_obtained":[{"floor":9,"key":"MawBank"},{"floor":10,"key":"Centennial Puzzle"}],"event_choices":[{"cards_removed":["Strike_B"],"damage_healed":0,"gold_gain":0,"player_choice":"Forget","damage_taken":0,"max_hp_gain":0,"max_hp_loss":0,"event_name":"Living Wall","floor":11,"gold_loss":0},{"damage_healed":19,"gold_gain":0,"player_choice":"Healed","damage_taken":0,"max_hp_gain":0,"max_hp_loss":0,"event_name":"The Cleric","floor":14,"gold_loss":35}],"is_beta":false,"boss_relics":[],"items_purged_floors":[2,13],"is_endless":false,"potions_floor_spawned":[1,12],"killed_by":"Hexaghost","ascension_level":17}