{"gold_per_floor":[116,116,130,149,162,162,191,191,191,218,231,244,244,264,264,341,341,341,341,341,341,108,108,108,48,48,48,48,48,48,9,9,9,9,9,9,9,9,9,9,9,9,9,9],"floor_reached":44,"playtime":1355,"items_purged":["Strike_B+1"],"score":1012,"play_id":"a6322f9d-1449-440f-bfb0-8d1ab621ea34","local_time":"20190726191841","is_ascension_mode":true,"campfire_choices":[{"data":"Storm","floor":6.0,"key":"SMITH"},{"data":"Machine Learning","floor":8.0,"key":"SMITH"},{"data":"Static Discharge","floor":13.0,"key":"SMITH"},{"data":"Electrodynamics","floor":15.0,"key":"SMITH"},{"data":"Chill","floor":23.0,"key":"SMITH"},{"data":"Creative AI","floor":27,"key":"SMITH"},{"data":"Defragment","floor":32,"key":"SMITH"},{"data":"Fission","floor":40,"key":"SMITH"}],"neow_cost":"TEN_PERCENT_HP_LOSS","seed_source_timestamp":385730909467,"circlet_count":0,"master_deck":["AscendersBane","Strike_B+1","Defend_B+1","Defend_B+1","Defend_B+1","Defend_B+1","Zap","Dualcast","Machine Learning+1","Undo","Sweeping Beam","Electrodynamics+1","Recycle","Turbo","Storm+1","Compile Driver","Echo Form","Static Discharge+1","Conserve Battery","Self Repair","Creative AI+1","Tempest","Chill+1","Heatsinks","Defragment+1","Fission+1","Barrage","Coolheaded","Madness","Madness","Dark Shackles","Transmutation","Beam Cell+1"],"special_seed":0,"relics":["Cracked Core","Anchor","Pear","Mercury Hourglass","Ectoplasm","Centennial Puzzle","Bronze Scales","Smiling Mask","Oddly Smooth Stone","Inserter","PreservedInsect","Happy Flower","Toxic Egg 2"],"potions_floor_usage":[35,44],"damage_taken":[{"damage":0.0,"enemies":"Jaw Worm","floor":1.0,"turns":4.0},{"damage":0.0,"enemies":"Cultist","floor":3.0,"turns":3.0},{"damage":0.0,"enemies":"2 Louse","floor":4.0,"turns":2.0},{"damage":3.0,"enemies":"Blue Slaver","floor":5.0,"turns":3.0},{"damage":12.0,"enemies":"Lagavulin","floor":7.0,"turns":6.0},{"damage":10.0,"enemies":"3 Sentries","floor":10.0,"turns":4.0},{"damage":6.0,"enemies":"3 Louse","floor":11.0,"turns":2.0},{"damage":0.0,"enemies":"Lots of Slimes","floor":12.0,"turns":2.0},{"damage":0.0,"enemies":"Large Slime","floor":14.0,"turns":3.0},{"damage":16.0,"enemies":"The Guardian","floor":16.0,"turns":10.0},{"damage":0.0,"enemies":"3 Byrds","floor":18.0,"turns":1.0},{"damage":23.0,"enemies":"Book of Stabbing","floor":24.0,"turns":5.0},{"damage":0.0,"enemies":"2 Thieves","floor":25.0,"turns":2.0},{"damage":19,"enemies":"Gremlin Leader","floor":28,"turns":5},{"damage":0,"enemies":"Snecko","floor":29,"turns":3},{"damage":12,"enemies":"Book of Stabbing","floor":30,"turns":4},{"damage":32,"enemies":"Champ","floor":33,"turns":8},{"damage":19,"enemies":"Orb Walker","floor":35,"turns":3},{"damage":1,"enemies":"3 Shapes","floor":36,"turns":3},{"damage":7,"enemies":"Sphere and 2 Shapes","floor":38,"turns":5},{"damage":14,"enemies":"Giant Head","floor":42,"turns":6},{"damage":58,"enemies":"Reptomancer","floor":44,"turns":2}],"seed_played":"-1906048256817180732","potions_obtained":[{"floor":3.0,"key":"SkillPotion"},{"floor":5.0,"key":"GamblersBrew"},{"floor":12.0,"key":"PowerPotion"},{"floor":24.0,"key":"Weak Potion"},{"floor":33,"key":"Regen Potion"},{"floor":35,"key":"Dexterity Potion"}],"is_trial":false,"path_per_floor":["M","?","M","M","M","R","E","R","T","E","M","M","R","M","R","B",null,"M","?","?","?","$","R","E","M","T","R","E","M","E","$","R","B",null,"M","M","?","M","?","R","T","E","T","E"],"character_chosen":"DEFECT","items_purchased":["Centennial Puzzle","Defragment"],"campfire_rested":0,"item_purchase_floors":[22,31],"current_hp_per_floor":[64,64,64,64,61,61,49,49,59,49,43,43,43,50,50,41,66,66,66,66,66,66,66,50,57,57,57,52,59,54,54,54,29,63,62,68,55,62,57,57,57,50,50,0],"gold":9,"neow_bonus":"TRANSFORM_TWO_CARDS","is_prod":false,"is_daily":false,"chose_seed":false,"campfire_upgraded":8,"win_rate":0,"timestamp":1564161521,"path_taken":["M","?","?","M","M","R","E","R","T","E","M","M","R","M","R","BOSS","M","?","?","?","$","R","E","M","T","R","E","M","E","?","R","BOSS","M","M","?","M","?","R","?","E","T","E"],"build_version":"2019-07-18","purchased_purges":1,"victory":false,"max_hp_per_floor":[64,64,64,64,64,64,64,64,74,74,74,74,74,74,74,74,74,74,74,74,74,74,74,74,74,74,74,74,74,74,74,74,74,74,74,74,74,74,74,74,74,74,74,74],"card_choices":[{"not_picked":["Leap","Rebound"],"picked":"Sweeping Beam","floor":1.0},{"not_picked":["Redo","Aggregate"],"picked":"Turbo","floor":3.0},{"not_picked":["Reprogram","Leap"],"picked":"Storm","floor":4.0},{"not_picked":["Stack","Blizzard"],"picked":"Compile Driver","floor":5.0},{"not_picked":["Glacier","Auto Shields"],"picked":"Echo Form","floor":7.0},{"not_picked":["Beam Cell","Lockon"],"picked":"Static Discharge","floor":10.0},{"not_picked":["Beam Cell","Barrage"],"picked":"Conserve Battery","floor":11.0},{"not_picked":["Sweeping Beam","Skim"],"picked":"Self Repair","floor":12.0},{"not_picked":["Beam Cell","Barrage","Gash"],"picked":"SKIP","floor":14.0},{"not_picked":["Reboot","Hyperbeam"],"picked":"Creative AI","floor":16.0},{"not_picked":["Leap","Redo"],"picked":"Tempest","floor":18.0},{"not_picked":["Blizzard","Redo","Ball Lightning"],"picked":"SKIP","floor":24.0},{"not_picked":["Rebound","Streamline+1","Hologram"],"picked":"SKIP","floor":25.0},{"not_picked":["Sweeping Beam","Coolheaded"],"picked":"Heatsinks","floor":28},{"not_picked":["Steam","Gash","Reboot"],"picked":"SKIP","floor":29},{"not_picked":["Go for the Eyes","Heatsinks","Rebound+1"],"picked":"SKIP","floor":30},{"not_picked":["Amplify","Creative AI"],"picked":"Fission","floor":33},{"not_picked":["Cold Snap","Barrage","Beam Cell"],"picked":"SKIP","floor":35},{"not_picked":["Cold Snap","Beam Cell"],"picked":"Barrage","floor":35},{"not_picked":["Cold Snap","Streamline"],"picked":"Coolheaded","floor":36},{"not_picked":["Streamline+1","Sweeping Beam+1","Buffer"],"picked":"SKIP","floor":38},{"not_picked":["Transmutation","Jack Of All Trades"],"picked":"Dark Shackles","floor":39},{"not_picked":["Chrysalis","Deep Breath"],"picked":"Transmutation","floor":39},{"not_picked":["Rebound","Stack"],"picked":"Beam Cell+1","floor":42}],"player_experience":1921314,"relics_obtained":[{"floor":7.0,"key":"Anchor"},{"floor":9.0,"key":"Pear"},{"floor":10.0,"key":"Mercury Hourglass"},{"floor":24.0,"key":"Bronze Scales"},{"floor":28,"key":"Smiling Mask"},{"floor":30,"key":"Oddly Smooth Stone"},{"floor":41,"key":"PreservedInsect"},{"floor":42,"key":"Happy Flower"},{"floor":43,"key":"Toxic Egg 2"}],"event_choices":[{"damage_healed":0.0,"max_hp_gain":0.0,"max_hp_loss":0.0,"gold_gain":0.0,"event_name":"Match and Keep!","player_choice":"2 cards matched","floor":2.0,"gold_loss":0.0,"damage_taken":0.0,"cards_obtained":["Electrodynamics","Recycle"]},{"damage_healed":0.0,"max_hp_gain":0.0,"max_hp_loss":0.0,"gold_gain":0.0,"event_name":"The Library","player_choice":"Read","floor":19.0,"gold_loss":0.0,"damage_taken":0.0,"cards_obtained":["Chill"]},{"damage_healed":0.0,"max_hp_gain":0.0,"max_hp_loss":0.0,"gold_gain":0.0,"event_name":"Back to Basics","player_choice":"Simplicity","floor":20.0,"gold_loss":0.0,"damage_taken":0.0,"cards_upgraded":["Strike_B","Strike_B","Defend_B","Defend_B","Defend_B","Defend_B"]},{"damage_healed":0.0,"max_hp_gain":0.0,"max_hp_loss":0.0,"gold_gain":0.0,"event_name":"Ghosts","player_choice":"Ignored","floor":21.0,"gold_loss":0.0,"damage_taken":0.0},{"damage_healed":0,"gold_gain":0,"player_choice":"Embrace Madness","damage_taken":13,"max_hp_gain":0,"max_hp_loss":0,"event_name":"Winding Halls","floor":37,"gold_loss":0,"cards_obtained":["Madness","Madness"]},{"damage_healed":0,"gold_gain":0,"player_choice":"Memory 2","damage_taken":5,"max_hp_gain":0,"max_hp_loss":0,"event_name":"SensoryStone","floor":39,"gold_loss":0}],"is_beta":true,"boss_relics":[{"not_picked":["Cursed Key","Pandora\u0027s Box"],"picked":"Ectoplasm"},{"not_picked":["Black Star","Orrery"],"picked":"Inserter"}],"items_purged_floors":[22],"is_endless":false,"potions_floor_spawned":[3,5,7,12,24,25,33,35,42],"killed_by":"Reptomancer","ascension_level":20}