{"gold_per_floor":[110,110,110,110,44,44,85,106,106,137,137,158,186,217,217,312,312,333,333,351,351,362,362,228,255,255,0,26,26,52,71,71,143,143,154,164,164,164,0,0,26,26,26,26,56,76,102,120,120,120,120,120,120,83,111,111],"floor_reached":57,"playtime":11988,"items_purged":["Strike_G"],"score":3324,"play_id":"4c1c70be-c195-4f2e-9fd0-921084cf1cef","local_time":"20190730212335","is_ascension_mode":true,"campfire_choices":[{"floor":6.0,"key":"REST"},{"floor":11.0,"key":"REST"},{"data":"Malaise","floor":15.0,"key":"SMITH"},{"data":"Footwork","floor":23.0,"key":"SMITH"},{"data":"Deadly Poison","floor":29.0,"key":"SMITH"},{"data":"Acrobatics","floor":32.0,"key":"SMITH"},{"floor":40.0,"key":"REST"},{"floor":42.0,"key":"REST"},{"floor":49.0,"key":"RECALL"},{"data":"Footwork","floor":53,"key":"SMITH"}],"neow_cost":"NONE","seed_source_timestamp":933280960218774,"circlet_count":0,"master_deck":["AscendersBane","Strike_G+1","Strike_G+1","Strike_G+1","Defend_G","Defend_G","Defend_G","Defend_G","Defend_G+1","Survivor","Neutralize","Deadly Poison+1","Unload","Skewer","Masterful Stab","Dash+1","Dash+1","Malaise+1","Backflip","Tools of the Trade","Dagger Spray+1","Sucker Punch+1","Footwork+1","Bouncing Flask","Deadly Poison+1","Deadly Poison+1","Acrobatics+1","Noxious Fumes+1","Leg Sweep+1","Deadly Poison+1","Leg Sweep+1","Dodge and Roll+1","Tools of the Trade","Tactician+1","Backflip+1","Bullet Time+1","Deadly Poison+1","Dodge and Roll+1","Concentrate+1","Footwork+1","Burst+1","Crippling Poison+1","Backstab+1","Noxious Fumes","Footwork"],"special_seed":0,"relics":["Ring of the Snake","NeowsBlessing","Bloody Idol","Prayer Wheel","Orichalcum","Molten Egg 2","Whetstone","Odd Mushroom","Blue Candle","Velvet Choker","Lantern","Toxic Egg 2","Happy Flower","Mummified Hand","Vajra","Runic Pyramid","Red Mask","Bottled Lightning","Omamori","Tough Bandages","Blood Vial"],"potions_floor_usage":[56],"damage_taken":[{"damage":0.0,"enemies":"Jaw Worm","floor":1.0,"turns":1.0},{"damage":0.0,"enemies":"3 Sentries","floor":7.0,"turns":1.0},{"damage":0.0,"enemies":"2 Louse","floor":8.0,"turns":1.0},{"damage":28.0,"enemies":"Lagavulin","floor":10.0,"turns":6.0},{"damage":0.0,"enemies":"Small Slimes","floor":12.0,"turns":2.0},{"damage":4.0,"enemies":"The Mushroom Lair","floor":13.0,"turns":4.0},{"damage":4.0,"enemies":"3 Sentries","floor":14.0,"turns":7.0},{"damage":0.0,"enemies":"The Guardian","floor":16.0,"turns":10.0},{"damage":6.0,"enemies":"2 Thieves","floor":18.0,"turns":3.0},{"damage":0.0,"enemies":"Chosen","floor":20.0,"turns":4.0},{"damage":0.0,"enemies":"Snake Plant","floor":22.0,"turns":5.0},{"damage":10.0,"enemies":"Book of Stabbing","floor":25.0,"turns":7.0},{"damage":10.0,"enemies":"Slavers","floor":28.0,"turns":6.0},{"damage":5.0,"enemies":"Book of Stabbing","floor":30.0,"turns":5.0},{"damage":2.0,"enemies":"Snecko","floor":31.0,"turns":3.0},{"damage":48.0,"enemies":"Collector","floor":33.0,"turns":10.0},{"damage":15.0,"enemies":"3 Darklings","floor":35.0,"turns":6.0},{"damage":3.0,"enemies":"3 Shapes","floor":36.0,"turns":4.0},{"damage":24.0,"enemies":"Giant Head","floor":41.0,"turns":10.0},{"damage":0.0,"enemies":"Nemesis","floor":45.0,"turns":9.0},{"damage":0.0,"enemies":"Jaw Worm Horde","floor":46.0,"turns":5.0},{"damage":9.0,"enemies":"Giant Head","floor":47.0,"turns":10.0},{"damage":0.0,"enemies":"Maw","floor":48.0,"turns":8.0},{"damage":0,"enemies":"Awakened One","floor":50,"turns":17},{"damage":0,"enemies":"Time Eater","floor":51,"turns":14},{"damage":16,"enemies":"Shield and Spear","floor":55,"turns":9},{"damage":32,"enemies":"The Heart","floor":56,"turns":12}],"seed_played":"5591982056584508313","potions_obtained":[{"floor":7.0,"key":"PowerPotion"},{"floor":12.0,"key":"SteroidPotion"},{"floor":14.0,"key":"Fire Potion"},{"floor":18.0,"key":"Explosive Potion"},{"floor":22.0,"key":"GhostInAJar"},{"floor":28.0,"key":"SteroidPotion"},{"floor":30.0,"key":"SpeedPotion"},{"floor":36.0,"key":"LiquidBronze"}],"is_trial":false,"path_per_floor":["M","?","?","?","?","R","E","M","T","E","R","M","?","E","R","B",null,"M","?","M","?","M","R","$","E","T","$","E","R","E","M","R","B",null,"M","M","?","?","?","R","E","R","T","$","E","M","E","M","R","B","B",null,"R","$","E","B",null],"character_chosen":"THE_SILENT","items_purchased":["Acrobatics","Leg Sweep+1","Happy Flower","Noxious Fumes"],"campfire_rested":4,"item_purchase_floors":[24,27,27,54],"current_hp_per_floor":[59,36,16,16,16,35,35,35,35,7,26,26,22,18,18,18,54,48,48,53,53,58,58,58,53,53,53,48,48,48,51,51,8,52,42,44,44,44,44,62,43,61,61,61,63,63,59,63,63,63,63,63,63,63,52,22],"gold":111,"neow_bonus":"THREE_ENEMY_KILL","is_prod":false,"is_daily":false,"chose_seed":false,"campfire_upgraded":5,"win_rate":0,"timestamp":1564511015,"path_taken":["M","?","?","?","?","R","E","?","T","E","R","M","?","E","R","BOSS","M","?","M","?","?","R","$","E","T","$","E","R","E","M","R","BOSS","M","M","?","?","?","R","E","R","T","?","E","M","E","?","R","BOSS","BOSS","R","$","E","BOSS"],"build_version":"2019-07-17","purchased_purges":1,"victory":true,"max_hp_per_floor":[66,66,66,66,66,66,66,66,66,66,66,66,66,66,66,66,66,66,66,66,66,66,66,66,66,66,66,66,66,66,66,66,66,66,66,66,66,63,63,63,63,63,63,63,63,63,63,63,63,63,63,63,63,63,63,63],"card_choices":[{"not_picked":["Underhanded Strike","Blur"],"picked":"Deadly Poison","floor":1.0},{"not_picked":["Finisher","Backstab"],"picked":"Unload","floor":7.0},{"not_picked":["Underhanded Strike","Quick Slash"],"picked":"Skewer","floor":8.0},{"not_picked":["Dagger Throw","Riddle With Holes"],"picked":"Masterful Stab","floor":8.0},{"not_picked":["Terror","Infinite Blades","Expertise"],"picked":"SKIP","floor":10.0},{"not_picked":["Quick Slash+1","Riddle With Holes+1"],"picked":"Dash+1","floor":12.0},{"not_picked":["Slice+1","Deadly Poison"],"picked":"Dash+1","floor":12.0},{"not_picked":["Dagger Throw+1","Dodge and Roll"],"picked":"Malaise","floor":13.0},{"not_picked":["Choke+1","Setup"],"picked":"Backflip","floor":14.0},{"not_picked":["A Thousand Cuts","Grand Finale+1"],"picked":"Tools of the Trade","floor":16.0},{"not_picked":["Underhanded Strike+1","Bane+1"],"picked":"Dagger Spray+1","floor":18.0},{"not_picked":["Outmaneuver","Cloak And Dagger"],"picked":"Sucker Punch+1","floor":18.0},{"not_picked":["Flechettes+1","Deflect"],"picked":"Footwork","floor":20.0},{"not_picked":["Acrobatics","All Out Attack+1"],"picked":"Bouncing Flask","floor":20.0},{"not_picked":["Backflip","Outmaneuver"],"picked":"Deadly Poison+1","floor":22.0},{"not_picked":["Quick Slash+1","Cloak And Dagger+1"],"picked":"Deadly Poison","floor":22.0},{"not_picked":["Reflex","Doppelganger"],"picked":"Noxious Fumes+1","floor":25.0},{"not_picked":["Flying Knee+1","Slice+1"],"picked":"Deadly Poison+1","floor":28.0},{"not_picked":["Terror+1","Cloak And Dagger+1","Distraction+1"],"picked":"SKIP","floor":30.0},{"not_picked":["Terror+1","Cloak And Dagger+1","Distraction+1"],"picked":"SKIP","floor":30.0},{"not_picked":["Outmaneuver+1","Eviscerate+1"],"picked":"Leg Sweep+1","floor":31.0},{"not_picked":["Caltrops","Die Die Die+1"],"picked":"Dodge and Roll+1","floor":31.0},{"not_picked":["A Thousand Cuts","Grand Finale+1"],"picked":"Tools of the Trade","floor":33.0},{"not_picked":["Deadly Poison+1","Backflip+1"],"picked":"Tactician+1","floor":35.0},{"not_picked":["Blade Dance+1","Quick Slash+1"],"picked":"Backflip+1","floor":35.0},{"not_picked":["Bane+1","Dagger Throw+1"],"picked":"Bullet Time+1","floor":36.0},{"not_picked":["Cloak And Dagger+1","Dagger Spray+1"],"picked":"Deadly Poison+1","floor":36.0},{"not_picked":["Choke+1","Dagger Spray+1"],"picked":"Dodge and Roll+1","floor":41.0},{"not_picked":["Deadly Poison+1","Dodge and Roll+1"],"picked":"Concentrate+1","floor":45.0},{"not_picked":["Backflip+1","Dagger Spray+1"],"picked":"Footwork","floor":46.0},{"not_picked":["Heel Hook+1","Quick Slash+1","Cloak And Dagger+1"],"picked":"SKIP","floor":46.0},{"not_picked":["Backflip+1","Flying Knee+1"],"picked":"Burst+1","floor":47.0},{"not_picked":["Eviscerate+1","Cloak And Dagger+1"],"picked":"Crippling Poison+1","floor":48.0},{"not_picked":["Cloak And Dagger+1","Endless Agony+1"],"picked":"Backstab+1","floor":48.0},{"not_picked":["Prepared+1","Outmaneuver+1"],"picked":"Footwork","floor":55}],"player_experience":1106602,"relics_obtained":[{"floor":7.0,"key":"Orichalcum"},{"floor":9.0,"key":"Molten Egg 2"},{"floor":10.0,"key":"Whetstone"},{"floor":13.0,"key":"Odd Mushroom"},{"floor":14.0,"key":"Blue Candle"},{"floor":25.0,"key":"Lantern"},{"floor":26.0,"key":"Toxic Egg 2"},{"floor":28.0,"key":"Mummified Hand"},{"floor":30.0,"key":"Vajra"},{"floor":41.0,"key":"Bottled Lightning"},{"floor":45.0,"key":"Omamori"},{"floor":47.0,"key":"Tough Bandages"},{"floor":55,"key":"Blood Vial"}],"event_choices":[{"damage_healed":0.0,"max_hp_gain":0.0,"max_hp_loss":0.0,"gold_gain":0.0,"event_name":"Golden Idol","player_choice":"Take Damage","floor":2.0,"gold_loss":0.0,"damage_taken":23.0,"relics_obtained":["Golden Idol"]},{"damage_healed":0.0,"max_hp_gain":0.0,"max_hp_loss":0.0,"gold_gain":0.0,"event_name":"Shining Light","player_choice":"Entered Light","floor":3.0,"gold_loss":0.0,"damage_taken":20.0,"cards_upgraded":["Defend_G","Strike_G"]},{"damage_healed":0.0,"max_hp_gain":0.0,"max_hp_loss":0.0,"gold_gain":0.0,"event_name":"Living Wall","player_choice":"Grow","floor":4.0,"gold_loss":0.0,"damage_taken":0.0,"cards_upgraded":["Deadly Poison"]},{"damage_healed":0.0,"max_hp_gain":0.0,"max_hp_loss":0.0,"gold_gain":0.0,"event_name":"WeMeetAgain","player_choice":"Paid Gold","floor":5.0,"gold_loss":66.0,"damage_taken":0.0,"relics_obtained":["Prayer Wheel"]},{"damage_healed":0.0,"max_hp_gain":0.0,"max_hp_loss":0.0,"gold_gain":0.0,"event_name":"Mushrooms","player_choice":"Fought Mushrooms","floor":13.0,"gold_loss":0.0,"damage_taken":0.0},{"damage_healed":0.0,"max_hp_gain":0.0,"max_hp_loss":0.0,"gold_gain":0.0,"event_name":"Forgotten Altar","player_choice":"Gave Idol","floor":19.0,"relics_lost":["Golden Idol"],"gold_loss":0.0,"damage_taken":0.0,"relics_obtained":["Bloody Idol"]},{"cards_removed":["Strike_G"],"damage_healed":0.0,"max_hp_gain":0.0,"max_hp_loss":0.0,"gold_gain":0.0,"event_name":"Purifier","player_choice":"Purged","floor":21.0,"gold_loss":0.0,"damage_taken":0.0},{"damage_healed":0.0,"max_hp_gain":0.0,"max_hp_loss":0.0,"gold_gain":0.0,"event_name":"SensoryStone","player_choice":"Memory 1","floor":37.0,"gold_loss":0.0,"damage_taken":0.0},{"damage_healed":0.0,"max_hp_gain":0.0,"max_hp_loss":3.0,"gold_gain":0.0,"event_name":"Winding Halls","player_choice":"Max HP","floor":38.0,"gold_loss":0.0,"damage_taken":0.0},{"damage_healed":0.0,"max_hp_gain":0.0,"max_hp_loss":0.0,"gold_gain":0.0,"event_name":"Tomb of Lord Red Mask","player_choice":"Paid","floor":39.0,"gold_loss":164.0,"damage_taken":0.0,"relics_obtained":["Red Mask"]}],"is_beta":false,"boss_relics":[{"not_picked":["White Beast Statue","Cursed Key"],"picked":"Velvet Choker"},{"not_picked":["Philosopher\u0027s Stone","HoveringKite"],"picked":"Runic Pyramid"}],"items_purged_floors":[24],"is_endless":false,"potions_floor_spawned":[7,12,14,18,22,28,30,36,45,55],"ascension_level":20}