{"gold_per_floor":[119,82,97,22,22,77,77,77,103,121,21,54,54],"floor_reached":13,"playtime":227,"items_purged":["Strike_G","Strike_G"],"score":232,"play_id":"af247ff5-acf6-4033-b85a-6f998f189bf1","local_time":"20190802180108","is_ascension_mode":true,"campfire_choices":[{"data":"Bouncing Flask","floor":8.0,"key":"SMITH"}],"neow_cost":"NONE","seed_source_timestamp":431378362302675,"circlet_count":0,"master_deck":["AscendersBane","Strike_G+1","Strike_G+1","Strike_G","Defend_G","Defend_G","Defend_G","Defend_G","Defend_G","Survivor","Neutralize","Catalyst","Bouncing Flask+1","A Thousand Cuts","Bullet Time"],"special_seed":0,"relics":["Ring of the Snake","NeowsBlessing","Tiny Chest","Question Card","Whetstone"],"potions_floor_usage":[12,12],"damage_taken":[{"damage":0.0,"enemies":"Cultist","floor":1.0,"turns":1.0},{"damage":0.0,"enemies":"Small Slimes","floor":3.0,"turns":1.0},{"damage":0.0,"enemies":"Gremlin Nob","floor":6.0,"turns":1.0},{"damage":9.0,"enemies":"Jaw Worm","floor":10.0,"turns":5.0},{"damage":34,"enemies":"3 Sentries","floor":12,"turns":11}],"seed_played":"4609277087424752139","potions_obtained":[{"floor":3.0,"key":"AttackPotion"},{"floor":10.0,"key":"AttackPotion"}],"is_trial":false,"path_per_floor":["M","$","M","$","?","E","T","R","T","M","$","E","?"],"character_chosen":"THE_SILENT","items_purchased":["Catalyst"],"campfire_rested":0,"item_purchase_floors":[2],"current_hp_per_floor":[59,59,59,59,64,64,64,64,64,55,55,21,0],"gold":54,"neow_bonus":"THREE_ENEMY_KILL","is_prod":false,"is_daily":false,"chose_seed":false,"campfire_upgraded":1,"win_rate":0,"timestamp":1564736468,"path_taken":["M","?","M","$","?","E","?","R","T","?","$","E","?"],"build_version":"2019-07-17","purchased_purges":2,"victory":false,"max_hp_per_floor":[66,66,66,66,71,71,71,71,71,71,71,71,71],"card_choices":[{"not_picked":["Bane","Prepared","Deflect"],"picked":"SKIP","floor":1.0},{"not_picked":["Backflip","Caltrops","Blade Dance"],"picked":"SKIP","floor":3.0},{"not_picked":["Dagger Spray","Skewer"],"picked":"Bouncing Flask","floor":6.0},{"not_picked":["Deadly Poison","Quick Slash","Escape Plan"],"picked":"A Thousand Cuts","floor":10.0},{"not_picked":["Deflect","Dodge and Roll","Choke"],"picked":"Bullet Time","floor":12}],"player_experience":733531,"relics_obtained":[{"floor":6.0,"key":"Tiny Chest"},{"floor":7.0,"key":"Question Card"},{"floor":12,"key":"Whetstone"}],"event_choices":[{"damage_healed":0.0,"max_hp_gain":5.0,"max_hp_loss":0.0,"gold_gain":0.0,"event_name":"Big Fish","player_choice":"Donut","floor":5.0,"gold_loss":0.0,"damage_taken":0.0}],"is_beta":false,"boss_relics":[],"items_purged_floors":[4,11],"is_endless":false,"potions_floor_spawned":[3,10],"ascension_level":20}