{"gold_per_floor":[14,14,34,34,34,34,46,72,99,113,126,126,140,140,140,242,242,254,264,34,34,46,46,64,64,64,64],"floor_reached":27,"playtime":1578,"items_purged":["Strike_B"],"score":226,"play_id":"9026cd44-5073-42b3-9bc9-253b4bc29011","local_time":"20190628074139","is_ascension_mode":true,"campfire_choices":[{"data":"Zap","floor":6,"key":"SMITH"},{"floor":12,"key":"REST"},{"data":"Creative AI","floor":15,"key":"SMITH"},{"floor":23,"key":"REST"},{"data":"Zap","floor":25,"key":"SMITH"}],"neow_cost":"NO_GOLD","seed_source_timestamp":10571846528757,"circlet_count":0,"master_deck":["Strike_B+1","Strike_B+1","Defend_B","Defend_B","Defend_B","Defend_B","Zap+1","Dualcast","Amplify","Sweeping Beam","Streamline","Beam Cell","FTL","Hologram","Hello World","Creative AI+1","Zap+1","Thunder Strike","Skim+1","Redo+1","Self Repair","Bandage Up","Hologram"],"relics":["FrozenCore","Blood Vial","Bag of Preparation","Bottled Lightning"],"potions_floor_usage":[22,24],"damage_taken":[{"damage":1,"enemies":"Cultist","floor":1,"turns":3},{"damage":6,"enemies":"Jaw Worm","floor":3,"turns":2},{"damage":0,"enemies":"Small Slimes","floor":7,"turns":2},{"damage":39,"enemies":"Lagavulin","floor":8,"turns":8},{"damage":6,"enemies":"Exordium Wildlife","floor":10,"turns":3},{"damage":0,"enemies":"Large Slime","floor":11,"turns":4},{"damage":4,"enemies":"Blue Slaver","floor":13,"turns":3},{"damage":26,"enemies":"Hexaghost","floor":16,"turns":5},{"damage":43,"enemies":"2 Thieves","floor":18,"turns":5},{"damage":0,"enemies":"Chosen","floor":19,"turns":4},{"damage":33,"enemies":"Snake Plant","floor":22,"turns":6},{"damage":16,"enemies":"Shelled Parasite and Fungi","floor":24,"turns":8},{"damage":39,"enemies":"Book of Stabbing","floor":27,"turns":5}],"seed_played":"-1960215487029839635","potions_obtained":[{"floor":1,"key":"Poison Potion"},{"floor":7,"key":"Swift Potion"},{"floor":11,"key":"Weak Potion"},{"floor":16,"key":"FocusPotion"},{"floor":18,"key":"Fire Potion"},{"floor":24,"key":"Dexterity Potion"}],"is_trial":false,"path_per_floor":["M","$","M","?","?","R","M","E","T","M","M","R","M","?","R","B",null,"M","M","$","?","M","R","M","R","T","E"],"character_chosen":"DEFECT","items_purchased":["Self Repair","Bandage Up"],"campfire_rested":2,"item_purchase_floors":[20,20],"current_hp_per_floor":[74,74,68,53,53,53,53,14,14,10,12,34,32,32,32,8,75,32,34,34,34,14,36,33,33,33,0],"gold":64,"neow_bonus":"THREE_RARE_CARDS","is_prod":false,"is_daily":false,"chose_seed":false,"campfire_upgraded":3,"win_rate":0,"timestamp":1561675299,"path_taken":["M","$","?","?","?","R","M","E","T","?","M","R","M","?","R","BOSS","M","?","$","?","M","R","?","R","T","E"],"build_version":"2019-01-23","purchased_purges":1,"victory":false,"max_hp_per_floor":[75,75,75,75,75,75,75,75,75,75,75,75,75,75,75,75,75,75,75,75,75,75,75,75,75,75,75],"card_choices":[{"not_picked":["Reboot","Rainbow"],"picked":"Amplify","floor":0},{"not_picked":["Auto Shields","Steam Power"],"picked":"Sweeping Beam","floor":1},{"not_picked":["Undo","Coolheaded"],"picked":"Streamline","floor":3},{"not_picked":["Sweeping Beam","Barrage"],"picked":"Beam Cell","floor":7},{"not_picked":["Darkness","Rip and Tear"],"picked":"FTL","floor":8},{"not_picked":["Stack","Compile Driver"],"picked":"Hologram","floor":10},{"not_picked":["Genetic Algorithm","Stack"],"picked":"Hello World","floor":11},{"not_picked":["Streamline","Leap"],"picked":"Creative AI","floor":13},{"not_picked":["All For One","Reboot"],"picked":"Thunder Strike","floor":16},{"not_picked":["Undo","Chaos"],"picked":"Skim+1","floor":18},{"not_picked":["Cold Snap+1","Melter"],"picked":"Redo+1","floor":19},{"not_picked":["Leap","Stack","Steam Power"],"picked":"SKIP","floor":22},{"not_picked":["FTL","Scrape"],"picked":"Hologram","floor":24}],"player_experience":44328,"relics_obtained":[{"floor":8,"key":"Blood Vial"},{"floor":9,"key":"Bag of Preparation"},{"floor":26,"key":"Bottled Lightning"}],"event_choices":[{"damage_healed":0,"gold_gain":0,"player_choice":"Entered Light","damage_taken":15,"max_hp_gain":0,"max_hp_loss":0,"event_name":"Shining Light","floor":4,"gold_loss":0,"cards_upgraded":["Strike_B","Strike_B"]},{"cards_removed":["Strike_B"],"damage_healed":0,"gold_gain":0,"player_choice":"Purged","damage_taken":0,"max_hp_gain":0,"max_hp_loss":0,"event_name":"Purifier","floor":5,"gold_loss":0},{"damage_healed":0,"gold_gain":0,"player_choice":"1 cards matched","damage_taken":0,"max_hp_gain":0,"max_hp_loss":0,"event_name":"Match and Keep!","floor":14,"gold_loss":0,"cards_obtained":["Zap"]},{"damage_healed":0,"gold_gain":0,"player_choice":"0 cards matched","damage_taken":0,"max_hp_gain":0,"max_hp_loss":0,"event_name":"Match and Keep!","floor":21,"gold_loss":0,"cards_obtained":[]}],"is_beta":false,"boss_relics":[{"not_picked":["Snecko Eye","Runic Pyramid"],"picked":"FrozenCore"}],"items_purged_floors":[20],"is_endless":false,"potions_floor_spawned":[1,7,11,16,18,24],"killed_by":"Book of Stabbing","ascension_level":1}