{"gold_per_floor":[215,234,21,31,49,78,97,107,107,121,151,151,186,204,204,204],"floor_reached":16,"playtime":2238,"items_purged":[],"score":126,"play_id":"7e23aa02-b341-4f2a-aeb8-18683d54f839","local_time":"20190723011844","is_ascension_mode":false,"campfire_choices":[{"floor":15,"key":"REST"}],"neow_cost":"NONE","seed_source_timestamp":50386277100978,"circlet_count":0,"master_deck":["Defend_G","Defend_G","Defend_G","Defend_G","Defend_G","Strike_G","Strike_G","Strike_G","Strike_G","Strike_G","Survivor","Neutralize","Flechettes","Dagger Throw","Infinite Blades","Backflip","Sucker Punch","All Out Attack","Sucker Punch","Sucker Punch","Deflect","Dash","Flechettes","All Out Attack","Tools of the Trade","Parasite","Quick Slash","Blur"],"relics":["Ring of the Snake","The Specimen","Bronze Scales","Mango","Vajra"],"potions_floor_usage":[],"damage_taken":[{"damage":0,"enemies":"Cultist","floor":1,"turns":4},{"damage":0,"enemies":"Small Slimes","floor":2,"turns":4},{"damage":0,"enemies":"2 Louse","floor":4,"turns":2},{"damage":5,"enemies":"Exordium Wildlife","floor":5,"turns":4},{"damage":22,"enemies":"Gremlin Nob","floor":6,"turns":5},{"damage":9,"enemies":"Large Slime","floor":7,"turns":4},{"damage":3,"enemies":"Looter","floor":8,"turns":3},{"damage":0,"enemies":"2 Fungi Beasts","floor":10,"turns":3},{"damage":13,"enemies":"3 Sentries","floor":11,"turns":7},{"damage":31,"enemies":"Lagavulin","floor":13,"turns":8},{"damage":12,"enemies":"Exordium Thugs","floor":14,"turns":5},{"damage":35,"enemies":"Slime Boss","floor":16,"turns":7}],"seed_played":"6850355665497433178","potions_obtained":[{"floor":2,"key":"Strength Potion"},{"floor":5,"key":"SpeedPotion"},{"floor":6,"key":"FearPotion"},{"floor":8,"key":"Ancient Potion"},{"floor":11,"key":"GamblersBrew"}],"is_trial":false,"path_per_floor":["M","M","$","M","M","E","M","M","T","M","E","?","E","M","R","B"],"character_chosen":"THE_SILENT","items_purchased":["Infinite Blades","Backflip","Sucker Punch","All Out Attack"],"campfire_rested":1,"item_purchase_floors":[3,3,3,3],"current_hp_per_floor":[70,70,70,70,65,43,34,31,31,31,32,53,22,10,35,0],"gold":204,"neow_bonus":"HUNDRED_GOLD","is_prod":false,"is_daily":false,"chose_seed":false,"campfire_upgraded":0,"win_rate":0.0,"timestamp":1563862724,"path_taken":["M","?","$","M","M","E","M","M","T","M","E","?","E","M","R","BOSS"],"build_version":"2019-01-23","purchased_purges":0,"victory":false,"max_hp_per_floor":[70,70,70,70,70,70,70,70,70,70,84,84,84,84,84,84],"card_choices":[{"not_picked":["Outmaneuver","Crippling Poison"],"picked":"Flechettes","floor":1},{"not_picked":["Outmaneuver","Masterful Stab"],"picked":"Dagger Throw","floor":2},{"not_picked":["Acrobatics","Underhanded Strike"],"picked":"Sucker Punch","floor":4},{"not_picked":["Doppelganger","Prepared"],"picked":"Sucker Punch","floor":5},{"not_picked":["Expertise","Prepared"],"picked":"Deflect","floor":6},{"not_picked":["Slice","Outmaneuver"],"picked":"Dash","floor":7},{"not_picked":["Prepared","Expertise"],"picked":"Flechettes","floor":8},{"not_picked":["Outmaneuver","Acrobatics"],"picked":"All Out Attack","floor":10},{"not_picked":["Dash","Underhanded Strike"],"picked":"Tools of the Trade","floor":11},{"not_picked":["Distraction","Prepared"],"picked":"Quick Slash","floor":13},{"not_picked":["Eviscerate","Endless Agony"],"picked":"Blur","floor":14}],"player_experience":12641,"relics_obtained":[{"floor":6,"key":"The Specimen"},{"floor":9,"key":"Bronze Scales"},{"floor":11,"key":"Mango"},{"floor":13,"key":"Vajra"}],"event_choices":[{"damage_healed":21,"gold_gain":0,"player_choice":"Healed and dodged fight","damage_taken":0,"max_hp_gain":0,"max_hp_loss":0,"event_name":"Mushrooms","floor":12,"gold_loss":0,"cards_obtained":["Parasite"]}],"is_beta":true,"boss_relics":[],"items_purged_floors":[],"is_endless":false,"potions_floor_spawned":[2,5,6,8,11],"killed_by":"Slime Boss","ascension_level":0}