{"gold_per_floor":[110,260,104,104,69,100,100,129,155,155,166,176,176,208,208,280,280,293,218,133,48,48,104,104,132,132,132,162,162,7,7,7,85,85,103,115,126,136,150,150,179,179,179,190,190,205,205,223,223,223,223],"floor_reached":51,"playtime":7083,"items_purged":["Doubt","Strike_G"],"score":1548,"play_id":"0890d8cb-48f9-479d-8419-ae978fdb18f0","local_time":"20190806210616","is_ascension_mode":true,"campfire_choices":[{"data":"Deadly Poison","floor":7.0,"key":"SMITH"},{"data":"Noxious Fumes","floor":13.0,"key":"SMITH"},{"floor":15.0,"key":"REST"},{"floor":24.0,"key":"REST"},{"floor":27.0,"key":"REST"},{"data":"Strike_G","floor":32.0,"key":"PURGE"},{"data":"Strike_G","floor":40.0,"key":"PURGE"},{"data":"Endless Agony","floor":42,"key":"PURGE"},{"floor":47,"key":"RECALL"},{"floor":49,"key":"REST"}],"neow_cost":"NONE","seed_source_timestamp":406689140233300,"circlet_count":0,"master_deck":["AscendersBane","Defend_G","Defend_G","Defend_G","Defend_G","Defend_G","Survivor","Neutralize","Leg Sweep","Deadly Poison+1","Crippling Poison","Terror","Noxious Fumes+1","Glass Knife","Deadly Poison","Noxious Fumes","Night Terror","Acrobatics","Well Laid Plans","Backstab","Corpse Explosion","PiercingWail","Dash","Footwork","Predator"],"special_seed":0,"relics":["Ring of the Snake","NeowsBlessing","Happy Flower","Juzu Bracelet","Singing Bowl","Bag of Marbles","Du-Vu Doll","Meat on the Bone","Fusion Hammer","Mercury Hourglass","Tiny Chest","The Specimen","FossilizedHelix","Ornamental Fan","Peace Pipe","Snecko Eye","Boot","Frozen Egg 2"],"potions_floor_usage":[41,50,51],"damage_taken":[{"damage":0.0,"enemies":"Small Slimes","floor":1.0,"turns":1.0},{"damage":0.0,"enemies":"Gremlin Nob","floor":6.0,"turns":1.0},{"damage":0.0,"enemies":"Lagavulin","floor":8.0,"turns":1.0},{"damage":9.0,"enemies":"Jaw Worm","floor":11.0,"turns":4.0},{"damage":0.0,"enemies":"2 Louse","floor":12.0,"turns":3.0},{"damage":31.0,"enemies":"3 Sentries","floor":14.0,"turns":7.0},{"damage":39.0,"enemies":"Slime Boss","floor":16.0,"turns":7.0},{"damage":15.0,"enemies":"Spheric Guardian","floor":18.0,"turns":5.0},{"damage":23.0,"enemies":"Slavers","floor":23.0,"turns":5.0},{"damage":33.0,"enemies":"Book of Stabbing","floor":25.0,"turns":5.0},{"damage":34.0,"enemies":"Gremlin Leader","floor":28.0,"turns":5.0},{"damage":10.0,"enemies":"Champ","floor":33.0,"turns":12.0},{"damage":12.0,"enemies":"Orb Walker","floor":35.0,"turns":4.0},{"damage":0.0,"enemies":"3 Shapes","floor":36.0,"turns":1.0},{"damage":2.0,"enemies":"Transient","floor":37.0,"turns":6.0},{"damage":16.0,"enemies":"3 Darklings","floor":38.0,"turns":4.0},{"damage":0.0,"enemies":"4 Shapes","floor":39.0,"turns":3.0},{"damage":4,"enemies":"Giant Head","floor":41,"turns":9},{"damage":0,"enemies":"Transient","floor":44,"turns":6},{"damage":0,"enemies":"Maw","floor":46,"turns":7},{"damage":0,"enemies":"Jaw Worm Horde","floor":48,"turns":2},{"damage":63,"enemies":"Donu and Deca","floor":50,"turns":9},{"damage":25,"enemies":"Awakened One","floor":51,"turns":6}],"seed_played":"-8552423451336248031","potions_obtained":[{"floor":1.0,"key":"AttackPotion"},{"floor":16.0,"key":"GhostInAJar"},{"floor":18.0,"key":"EssenceOfSteel"},{"floor":23.0,"key":"Strength Potion"},{"floor":28.0,"key":"Strength Potion"},{"floor":33.0,"key":"Fire Potion"},{"floor":35.0,"key":"GamblersBrew"},{"floor":38.0,"key":"PowerPotion"},{"floor":46,"key":"FearPotion"},{"floor":48,"key":"SkillPotion"}],"is_trial":false,"path_per_floor":["M","?","$","?","?","E","R","E","T","?","M","M","R","E","R","B",null,"M","?","?","$","?","E","R","E","T","R","E","?","$","?","R","B",null,"M","M","M","M","M","R","E","R","T","M","T","M","R","M","R","B","B"],"character_chosen":"THE_SILENT","items_purchased":["Leg Sweep","Noxious Fumes","PowerPotion"],"campfire_rested":4,"item_purchase_floors":[3,21,30],"current_hp_per_floor":[59,59,59,48,64,64,64,64,64,64,55,55,55,26,46,19,56,41,41,41,41,41,30,50,29,29,49,27,27,27,27,27,29,58,48,48,46,42,44,44,42,42,42,42,42,44,44,46,69,18,0],"gold":223,"neow_bonus":"THREE_ENEMY_KILL","is_prod":false,"is_daily":false,"chose_seed":false,"campfire_upgraded":2,"win_rate":0,"timestamp":1565150776,"path_taken":["M","?","$","?","?","E","R","E","T","?","M","M","R","E","R","BOSS","M","?","?","$","?","E","R","E","T","R","E","?","?","?","R","BOSS","M","M","M","M","M","R","E","R","T","M","?","M","R","M","R","BOSS","BOSS"],"build_version":"2019-07-17","purchased_purges":2,"victory":false,"max_hp_per_floor":[66,66,66,66,66,66,66,66,66,66,66,66,66,68,68,68,68,68,68,68,68,68,68,68,68,68,68,68,68,68,68,68,68,68,70,70,70,70,72,72,74,74,74,74,74,76,76,78,78,78,78],"card_choices":[{"not_picked":["Caltrops","Acrobatics"],"picked":"Endless Agony","floor":1.0},{"not_picked":["Flying Knee","Bane"],"picked":"Deadly Poison","floor":6.0},{"not_picked":["Quick Slash","Backflip"],"picked":"Crippling Poison","floor":8.0},{"not_picked":["Caltrops","Dodge and Roll"],"picked":"Terror","floor":11.0},{"not_picked":["Underhanded Strike","Skewer"],"picked":"Noxious Fumes","floor":12.0},{"not_picked":["Terror","Finisher","Underhanded Strike"],"picked":"Singing Bowl","floor":14.0},{"not_picked":["Burst","Bullet Time"],"picked":"Glass Knife","floor":16.0},{"not_picked":["Bane","Heel Hook+1"],"picked":"Deadly Poison","floor":18.0},{"not_picked":["Infinite Blades","Outmaneuver"],"picked":"Night Terror","floor":23.0},{"not_picked":["Slice","Choke"],"picked":"Acrobatics","floor":25.0},{"not_picked":["Choke","Flying Knee"],"picked":"Well Laid Plans","floor":28.0},{"not_picked":["Night Terror","Bullet Time"],"picked":"Corpse Explosion","floor":33.0},{"not_picked":["Outmaneuver+1","Flying Knee","All Out Attack"],"picked":"Singing Bowl","floor":35.0},{"not_picked":["Dagger Spray","Underhanded Strike+1"],"picked":"PiercingWail","floor":36.0},{"not_picked":["Phantasmal Killer","Dodge and Roll"],"picked":"Dash","floor":37.0},{"not_picked":["Infinite Blades","Setup+1"],"picked":"Footwork","floor":38.0},{"not_picked":["Acrobatics","Flying Knee","Outmaneuver"],"picked":"Singing Bowl","floor":39.0},{"not_picked":["Expertise+1","Deadly Poison","Finisher"],"picked":"Singing Bowl","floor":41},{"not_picked":["Backflip","Dagger Throw"],"picked":"Predator","floor":44},{"not_picked":["Backstab","Finisher","Prepared"],"picked":"Singing Bowl","floor":46},{"not_picked":["Dagger Spray","Poisoned Stab","Quick Slash"],"picked":"Singing Bowl","floor":48}],"player_experience":1295091,"relics_obtained":[{"floor":6.0,"key":"Juzu Bracelet"},{"floor":8.0,"key":"Singing Bowl"},{"floor":9.0,"key":"Bag of Marbles"},{"floor":14.0,"key":"Meat on the Bone"},{"floor":23.0,"key":"Tiny Chest"},{"floor":25.0,"key":"The Specimen"},{"floor":26.0,"key":"FossilizedHelix"},{"floor":28.0,"key":"Ornamental Fan"},{"floor":41,"key":"Boot"},{"floor":45,"key":"Frozen Egg 2"}],"event_choices":[{"damage_healed":0.0,"max_hp_gain":0.0,"max_hp_loss":0.0,"gold_gain":150.0,"event_name":"Liars Game","player_choice":"AGREE","floor":2.0,"gold_loss":0.0,"damage_taken":0.0,"cards_obtained":["Doubt"]},{"damage_healed":0.0,"max_hp_gain":0.0,"max_hp_loss":0.0,"gold_gain":0.0,"event_name":"Scrap Ooze","player_choice":"Success","floor":4.0,"gold_loss":0.0,"damage_taken":11.0,"relics_obtained":["Happy Flower"]},{"damage_healed":16.0,"max_hp_gain":0.0,"max_hp_loss":0.0,"gold_gain":0.0,"event_name":"The Cleric","player_choice":"Healed","floor":5.0,"gold_loss":35.0,"damage_taken":0.0},{"damage_healed":0.0,"max_hp_gain":0.0,"max_hp_loss":0.0,"gold_gain":0.0,"event_name":"Dead Adventurer","player_choice":"Searched \u00272\u0027 times","floor":10.0,"gold_loss":0.0,"damage_taken":0.0,"relics_obtained":["Du-Vu Doll"]},{"cards_removed":["Strike_G"],"damage_healed":0.0,"max_hp_gain":0.0,"max_hp_loss":0.0,"gold_gain":0.0,"event_name":"Beggar","player_choice":"Gave Gold","floor":19.0,"gold_loss":75.0,"damage_taken":0.0},{"damage_healed":0.0,"max_hp_gain":0.0,"max_hp_loss":0.0,"gold_gain":0.0,"event_name":"Addict","player_choice":"Obtained Relic","floor":20.0,"gold_loss":85.0,"damage_taken":0.0,"relics_obtained":["Mercury Hourglass"]},{"damage_healed":0.0,"max_hp_gain":0.0,"max_hp_loss":0.0,"gold_gain":0.0,"event_name":"Lab","player_choice":"Got Potions","floor":22.0,"gold_loss":0.0,"damage_taken":0.0},{"damage_healed":0.0,"max_hp_gain":0.0,"max_hp_loss":0.0,"gold_gain":0.0,"event_name":"WeMeetAgain","player_choice":"Gave Potion","floor":29.0,"gold_loss":0.0,"damage_taken":0.0,"relics_obtained":["Peace Pipe"]},{"damage_healed":0.0,"max_hp_gain":0.0,"max_hp_loss":0.0,"gold_gain":0.0,"cards_transformed":["Strike_G"],"event_name":"Transmorgrifier","player_choice":"Transformed","floor":31.0,"gold_loss":0.0,"damage_taken":0.0,"cards_obtained":["Backstab"]}],"is_beta":false,"boss_relics":[{"not_picked":["White Beast Statue","Eternal Feather"],"picked":"Fusion Hammer"},{"not_picked":["Tiny House","Cursed Key"],"picked":"Snecko Eye"}],"items_purged_floors":[3,30],"is_endless":false,"potions_floor_spawned":[1,16,18,23,28,33,35,38,46,48],"killed_by":"Awakened One","ascension_level":20}