{"gold_per_floor":[112,112,123,298,310,129,129,149,149,34,34,45,45,73,73,169,169,179,179,206,225,235,235,235,235,283,34,46,46,46,58,58,58],"floor_reached":33,"playtime":1948,"items_purged":["Doubt"],"score":294,"play_id":"2580b4bc-26e0-4180-97bd-458438421b06","local_time":"20190316021516","is_ascension_mode":true,"campfire_choices":[{"data":"Bash","floor":7,"key":"SMITH"},{"data":"Cleave","floor":11,"key":"SMITH"},{"data":"Pommel Strike","floor":13,"key":"SMITH"},{"data":"Uppercut","floor":15,"key":"SMITH"},{"floor":23,"key":"REST"},{"floor":25,"key":"REST"},{"floor":32,"key":"REST"}],"neow_cost":"NONE","seed_source_timestamp":273741294725142,"circlet_count":0,"master_deck":["Strike_R","Strike_R","Defend_R+1","Defend_R","Defend_R","Defend_R+1","Bash+1","Pommel Strike","Cleave+1","Spot Weakness","Inflame","Pommel Strike+1","Dropkick","Uppercut+1","Demon Form","Heavy Blade","Clothesline+1"],"relics":["Burning Blood","Oddly Smooth Stone","Tiny Chest","Darkstone Periapt","Empty Cage","Pocketwatch","Ancient Tea Set","Singing Bowl","War Paint","Mercury Hourglass","Pantograph"],"potions_floor_usage":[5,14,14,18,22,22,33],"damage_taken":[{"damage":0,"enemies":"Small Slimes","floor":1,"turns":3},{"damage":4,"enemies":"Jaw Worm","floor":3,"turns":3},{"damage":0,"enemies":"Cultist","floor":5,"turns":2},{"damage":27,"enemies":"Exordium Wildlife","floor":8,"turns":4},{"damage":11,"enemies":"Looter","floor":12,"turns":3},{"damage":18,"enemies":"Gremlin Nob","floor":14,"turns":3},{"damage":26,"enemies":"Hexaghost","floor":16,"turns":7},{"damage":8,"enemies":"Chosen","floor":18,"turns":4},{"damage":23,"enemies":"Spheric Guardian","floor":21,"turns":4},{"damage":53,"enemies":"Centurion and Healer","floor":22,"turns":6},{"damage":22,"enemies":"Sentry and Sphere","floor":28,"turns":4},{"damage":36,"enemies":"Snake Plant","floor":31,"turns":5},{"damage":77,"enemies":"Collector","floor":33,"turns":6}],"seed_played":"3211809803088956284","potions_obtained":[{"floor":0,"key":"AttackPotion"},{"floor":0,"key":"Ancient Potion"},{"floor":0,"key":"SteroidPotion"},{"floor":3,"key":"Fire Potion"},{"floor":8,"key":"Regen Potion"},{"floor":16,"key":"SpeedPotion"},{"floor":18,"key":"EssenceOfSteel"},{"floor":31,"key":"Dexterity Potion"}],"is_trial":false,"path_per_floor":["M","?","M","?","M","$","R","M","T","$","R","M","R","E","R","B",null,"M","T","T","M","M","R","T","R","T","$","M","$","T","M","R","B"],"character_chosen":"IRONCLAD","items_purchased":["Spot Weakness","Inflame","Tiny Chest","Mercury Hourglass"],"campfire_rested":3,"item_purchase_floors":[6,6,10,27],"current_hp_per_floor":[80,80,80,80,80,80,80,59,59,59,59,54,54,51,51,31,80,78,78,78,61,14,38,38,62,62,62,48,48,48,20,45,0],"gold":58,"neow_bonus":"THREE_SMALL_POTIONS","is_prod":false,"is_daily":false,"chose_seed":false,"campfire_upgraded":4,"win_rate":0,"timestamp":1552727716,"path_taken":["M","?","M","?","M","$","R","?","T","$","R","M","R","E","R","BOSS","M","?","?","M","M","R","?","R","T","$","?","?","?","M","R","BOSS"],"build_version":"2019-01-23","purchased_purges":1,"victory":false,"max_hp_per_floor":[80,80,80,80,80,80,80,80,80,80,80,80,80,80,80,80,80,80,80,80,80,80,80,80,80,80,80,82,82,82,84,84,84],"card_choices":[{"not_picked":["Fire Breathing","Flex"],"picked":"Pommel Strike","floor":1},{"not_picked":["Twin Strike","Infernal Blade"],"picked":"Cleave","floor":3},{"not_picked":["Rage","Dual Wield","Burning Pact"],"picked":"SKIP","floor":5},{"not_picked":["Headbutt","True Grit"],"picked":"Pommel Strike","floor":8},{"not_picked":["Perfected Strike","Searing Blow"],"picked":"Dropkick","floor":12},{"not_picked":["Cleave","Wild Strike"],"picked":"Uppercut","floor":14},{"not_picked":["Limit Break","Feed"],"picked":"Demon Form","floor":16},{"not_picked":["Uppercut+1","Searing Blow"],"picked":"Heavy Blade","floor":18},{"not_picked":["Rage","Carnage"],"picked":"Clothesline+1","floor":21},{"not_picked":["Wild Strike","Clash","Rage"],"picked":"SKIP","floor":22},{"not_picked":["Body Slam","Impervious","Pommel Strike"],"picked":"Singing Bowl","floor":28},{"not_picked":["Twin Strike","True Grit","Perfected Strike"],"picked":"Singing Bowl","floor":31}],"player_experience":154182,"relics_obtained":[{"floor":9,"key":"Oddly Smooth Stone"},{"floor":14,"key":"Darkstone Periapt"},{"floor":19,"key":"Pocketwatch"},{"floor":20,"key":"Ancient Tea Set"},{"floor":24,"key":"Singing Bowl"},{"floor":26,"key":"War Paint"},{"floor":30,"key":"Pantograph"}],"event_choices":[{"cards_removed":["Strike_R"],"damage_healed":0,"gold_gain":0,"player_choice":"Forget","damage_taken":0,"max_hp_gain":0,"max_hp_loss":0,"event_name":"Living Wall","floor":2,"gold_loss":0},{"damage_healed":0,"gold_gain":175,"player_choice":"AGREE","damage_taken":0,"max_hp_gain":0,"max_hp_loss":0,"event_name":"Liars Game","floor":4,"gold_loss":0,"cards_obtained":["Doubt"]}],"is_beta":false,"boss_relics":[{"not_picked":["Snecko Eye","Busted Crown"],"picked":"Empty Cage"}],"items_purged_floors":[6],"is_endless":false,"potions_floor_spawned":[3,8,16,18,31],"killed_by":"Collector","ascension_level":4}