{"gold_per_floor":[117,127,146,146,166,201,201,227,239,261,299,324,336,376,388,502,514,454,454,454,369,369,369,369,369,369,43,43,43,43,43,43,43,43,43,43,43,0,0,0,0,0,0,0,0,0,0,0,0,0],"floor_reached":51,"playtime":1739,"items_purged":["Strike_B"],"score":875,"play_id":"06ee5e0c-b922-46c2-a197-7da3f73acc4f","local_time":"20190705211719","is_ascension_mode":true,"campfire_choices":[{"data":"Scrape","floor":7.0,"key":"SMITH"},{"data":"Fission","floor":13.0,"key":"SMITH"},{"data":"Beam Cell","floor":15,"key":"SMITH"},{"data":"Consume","floor":32,"key":"SMITH"},{"floor":41,"key":"RECALL"},{"data":"Madness","floor":44,"key":"SMITH"},{"data":"Madness","floor":47,"key":"SMITH"},{"data":"Fusion","floor":49,"key":"SMITH"}],"neow_cost":"NONE","seed_source_timestamp":4750748409540,"circlet_count":0,"master_deck":["Defend_B","Defend_B","Defend_B","Defend_B","Zap+1","Dualcast","Self Repair+1","Undo","BootSequence","Scrape+1","FTL","Glacier","Gash","Beam Cell+1","Turbo","Sunder","Go for the Eyes","Gash+1","Gash","Gash+1","Beam Cell+1","Meteor Strike+1","Consume+1","All For One","Gash+1","Fusion+1","Madness+1","Madness+1","Go for the Eyes+1","Undo","Double Energy+1","Glacier"],"special_seed":0,"relics":["Cracked Core","Kunai","MawBank","Bottled Flame","StoneCalendar","Odd Mushroom","Ectoplasm","Pen Nib","Bag of Marbles","Molten Egg 2","Omamori","Runic Capacitor","Centennial Puzzle","Black Star","Red Mask","Meat on the Bone","Bag of Preparation","Potion Belt","Dead Branch","Blood Vial","Letter Opener"],"potions_floor_usage":[],"damage_taken":[{"damage":1.0,"enemies":"Jaw Worm","floor":1.0,"turns":4.0},{"damage":0.0,"enemies":"Small Slimes","floor":2.0,"turns":3.0},{"damage":7.0,"enemies":"2 Louse","floor":3.0,"turns":3.0},{"damage":8.0,"enemies":"Large Slime","floor":5.0,"turns":7.0},{"damage":19.0,"enemies":"Lagavulin","floor":6.0,"turns":8.0},{"damage":36.0,"enemies":"Gremlin Nob","floor":8.0,"turns":5.0},{"damage":4.0,"enemies":"Exordium Wildlife","floor":10.0,"turns":5.0},{"damage":19.0,"enemies":"3 Sentries","floor":11.0,"turns":9.0},{"damage":0.0,"enemies":"Red Slaver","floor":12.0,"turns":3.0},{"damage":1,"enemies":"The Mushroom Lair","floor":14,"turns":4},{"damage":27,"enemies":"Slime Boss","floor":16,"turns":7},{"damage":4,"enemies":"2 Thieves","floor":18,"turns":4},{"damage":12,"enemies":"Shell Parasite","floor":22,"turns":5},{"damage":30,"enemies":"Gremlin Leader","floor":23,"turns":9},{"damage":0,"enemies":"Sentry and Sphere","floor":24,"turns":4},{"damage":4,"enemies":"Slavers","floor":25,"turns":5},{"damage":2,"enemies":"Shelled Parasite and Fungi","floor":28,"turns":4},{"damage":0,"enemies":"Gremlin Leader","floor":29,"turns":4},{"damage":0,"enemies":"Chosen and Byrds","floor":31,"turns":4},{"damage":32,"enemies":"Automaton","floor":33,"turns":7},{"damage":4,"enemies":"3 Darklings","floor":35,"turns":3},{"damage":8,"enemies":"Orb Walker","floor":37,"turns":3},{"damage":0,"enemies":"Transient","floor":39,"turns":5},{"damage":22,"enemies":"Giant Head","floor":40,"turns":6},{"damage":54,"enemies":"Reptomancer","floor":42,"turns":4},{"damage":0,"enemies":"4 Shapes","floor":46,"turns":6},{"damage":20,"enemies":"Spire Growth","floor":48,"turns":3},{"damage":9,"enemies":"Awakened One","floor":50,"turns":8}],"seed_played":"-4460279477651788488","potions_obtained":[{"floor":1.0,"key":"SteroidPotion"},{"floor":3.0,"key":"GamblersBrew"},{"floor":5.0,"key":"Regen Potion"},{"floor":10.0,"key":"Poison Potion"},{"floor":35,"key":"FearPotion"},{"floor":42,"key":"GamblersBrew"}],"is_trial":false,"path_per_floor":["M","M","M","?","M","E","R","E","T","M","E","M","R","?","R","B",null,"M","?","?","?","M","E","M","E","T","$","M","E","?","M","R","B",null,"M","?","M","?","M","E","R","E","T","R","T","M","R","M","R","B",null],"character_chosen":"DEFECT","items_purchased":["Runic Capacitor","Beam Cell+1"],"campfire_rested":0,"item_purchase_floors":[27,27],"current_hp_per_floor":[74,75,75,75,75,66,66,30,30,50,41,51,51,60,60,43,75,75,75,75,75,73,53,63,69,69,69,75,75,75,75,75,53,75,75,66,68,68,75,63,63,31,31,31,31,55,55,59,59,62],"gold":0,"neow_bonus":"UPGRADE_CARD","is_prod":false,"is_daily":false,"chose_seed":false,"campfire_upgraded":7,"win_rate":0,"timestamp":1562354239,"path_taken":["M","M","M","?","M","E","R","E","T","M","E","M","R","?","R","BOSS","M","?","?","?","?","E","M","E","T","$","M","E","?","?","R","BOSS","M","?","M","?","M","E","R","E","T","R","?","M","R","M","R","BOSS"],"build_version":"2019-07-03","purchased_purges":1,"victory":true,"max_hp_per_floor":[75,75,75,75,75,75,75,75,75,75,75,75,75,75,75,75,75,75,75,75,75,75,75,75,75,75,75,75,75,75,75,75,75,75,75,75,75,75,75,75,75,75,75,75,75,75,75,75,75,75],"card_choices":[{"not_picked":["Coolheaded","Rebound"],"picked":"Self Repair","floor":1.0},{"not_picked":["Scrape","Reprogram"],"picked":"Undo","floor":2.0},{"not_picked":["Undo","Compile Driver"],"picked":"BootSequence","floor":3.0},{"not_picked":["Skim","Steam","Streamline"],"picked":"SKIP","floor":5.0},{"not_picked":["Rebound","White Noise"],"picked":"Scrape","floor":6.0},{"not_picked":["Streamline","Consume"],"picked":"Fission","floor":8.0},{"not_picked":["Conserve Battery","White Noise"],"picked":"FTL","floor":10.0},{"not_picked":["Turbo","Sunder"],"picked":"Glacier","floor":11.0},{"not_picked":["Turbo","Conserve Battery"],"picked":"Gash","floor":12.0},{"not_picked":["Double Energy","Doom and Gloom"],"picked":"Beam Cell","floor":14},{"not_picked":["Double Energy","Streamline"],"picked":"Turbo","floor":18},{"not_picked":["Stack+1","Hologram+1"],"picked":"Gash+1","floor":22},{"not_picked":["Sweeping Beam+1","Rebound"],"picked":"Gash","floor":23},{"not_picked":["Darkness","Cold Snap","Barrage"],"picked":"SKIP","floor":24},{"not_picked":["Genetic Algorithm","Capacitor"],"picked":"Gash","floor":25},{"not_picked":["Redo","Turbo"],"picked":"Meteor Strike+1","floor":28},{"not_picked":["Hologram","Leap"],"picked":"Consume","floor":29},{"not_picked":["Hello World","Steam Power"],"picked":"Gash+1","floor":31},{"not_picked":["Steam","Cold Snap+1"],"picked":"Fusion","floor":35},{"not_picked":["Ball Lightning+1","Darkness"],"picked":"Go for the Eyes+1","floor":37},{"not_picked":["Redo","Leap+1"],"picked":"Undo","floor":39},{"not_picked":["Cold Snap+1","Melter+1"],"picked":"Double Energy+1","floor":40},{"not_picked":["Fusion","Redo","Hyperbeam+1"],"picked":"SKIP","floor":42},{"not_picked":["Ball Lightning+1","Turbo","Sweeping Beam+1"],"picked":"SKIP","floor":46},{"not_picked":["Chaos","BootSequence"],"picked":"Glacier","floor":48}],"player_experience":1812744,"relics_obtained":[{"floor":6.0,"key":"Kunai"},{"floor":8.0,"key":"MawBank"},{"floor":9.0,"key":"Bottled Flame"},{"floor":11.0,"key":"StoneCalendar"},{"floor":14,"key":"Odd Mushroom"},{"floor":23,"key":"Bag of Marbles"},{"floor":25,"key":"Molten Egg 2"},{"floor":26,"key":"Omamori"},{"floor":29,"key":"Centennial Puzzle"},{"floor":40,"key":"Meat on the Bone"},{"floor":40,"key":"Bag of Preparation"},{"floor":42,"key":"Potion Belt"},{"floor":42,"key":"Dead Branch"},{"floor":43,"key":"Blood Vial"},{"floor":45,"key":"Letter Opener"}],"event_choices":[{"damage_healed":0.0,"max_hp_gain":0.0,"max_hp_loss":0.0,"gold_gain":0.0,"event_name":"Living Wall","player_choice":"Grow","floor":4.0,"gold_loss":0.0,"damage_taken":0.0,"cards_upgraded":["Self Repair"]},{"damage_healed":0,"gold_gain":0,"player_choice":"Fought Mushrooms","damage_taken":0,"max_hp_gain":0,"max_hp_loss":0,"event_name":"Mushrooms","floor":14,"gold_loss":0},{"damage_healed":0,"gold_gain":0,"cards_transformed":["Strike_B","Strike_B"],"player_choice":"Became Test Subject","damage_taken":0,"max_hp_gain":0,"max_hp_loss":0,"event_name":"Drug Dealer","floor":19,"gold_loss":0,"cards_obtained":["Sunder","Go for the Eyes"]},{"cards_removed":["Strike_B"],"damage_healed":0,"gold_gain":0,"player_choice":"Elegance","damage_taken":0,"max_hp_gain":0,"max_hp_loss":0,"event_name":"Back to Basics","floor":20,"gold_loss":0},{"damage_healed":0,"gold_gain":0,"player_choice":"Obtained Relic","damage_taken":0,"relics_obtained":["Pen Nib"],"max_hp_gain":0,"max_hp_loss":0,"event_name":"Addict","floor":21,"gold_loss":85},{"cards_removed":["Fission"],"damage_healed":0,"gold_gain":0,"player_choice":"Took Card","damage_taken":0,"max_hp_gain":0,"max_hp_loss":0,"event_name":"NoteForYourself","floor":30,"gold_loss":0,"cards_obtained":["All For One"]},{"damage_healed":0,"gold_gain":0,"player_choice":"Embrace Madness","damage_taken":9,"max_hp_gain":0,"max_hp_loss":0,"event_name":"Winding Halls","floor":36,"gold_loss":0,"cards_obtained":["Madness","Madness"]},{"damage_healed":0,"gold_gain":0,"player_choice":"Paid","damage_taken":0,"relics_obtained":["Red Mask"],"max_hp_gain":0,"max_hp_loss":0,"event_name":"Tomb of Lord Red Mask","floor":38,"gold_loss":43}],"is_beta":true,"boss_relics":[{"not_picked":["Busted Crown","Cursed Key"],"picked":"Ectoplasm"},{"not_picked":["Nuclear Battery","Orrery"],"picked":"Black Star"}],"items_purged_floors":[27],"is_endless":false,"potions_floor_spawned":[1,3,5,6,10,14,22,24,28,31,35,39,42],"ascension_level":1}