{"gold_per_floor":[117,117,134,59,59,84,104,120,144,163,177,177,192,192,192,192],"floor_reached":16,"playtime":439,"items_purged":["Defend_B"],"score":252,"play_id":"f3adb0f3-74e2-4eaa-bc85-6c1051e8dfa9","local_time":"20190806215007","is_ascension_mode":true,"campfire_choices":[{"data":"Defragment","floor":12,"key":"SMITH"},{"data":"Recycle","floor":15,"key":"SMITH"}],"neow_cost":"NONE","seed_source_timestamp":45643101408220,"circlet_count":0,"master_deck":["AscendersBane","Strike_B","Strike_B","Strike_B","Strike_B","Defend_B","Defend_B","Defend_B","Zap","Dualcast","Ball Lightning","Decay","Defragment+1","Recycle+1","Gash","Self Repair","Parasite"],"relics":["Cracked Core","NeowsBlessing","Anchor","Ancient Tea Set"],"potions_floor_usage":[16,16,16,16],"damage_taken":[{"damage":0,"enemies":"Small Slimes","floor":1,"turns":1},{"damage":0,"enemies":"Cultist","floor":3,"turns":1},{"damage":0,"enemies":"Lagavulin","floor":6,"turns":1},{"damage":0,"enemies":"Jaw Worm","floor":7,"turns":3},{"damage":29,"enemies":"Lots of Slimes","floor":8,"turns":4},{"damage":0,"enemies":"2 Fungi Beasts","floor":10,"turns":3},{"damage":7,"enemies":"Exordium Thugs","floor":11,"turns":4},{"damage":0,"enemies":"Blue Slaver","floor":13,"turns":2},{"damage":62,"enemies":"The Guardian","floor":16,"turns":6}],"seed_played":"4922926407366312354","potions_obtained":[{"floor":2,"key":"FairyPotion"},{"floor":2,"key":"EntropicBrew"},{"floor":7,"key":"SpeedPotion"},{"floor":8,"key":"GamblersBrew"}],"is_trial":false,"path_per_floor":["M","?","M","$","?","E","M","M","T","M","M","R","M","?","R","B"],"character_chosen":"DEFECT","items_purchased":[],"campfire_rested":0,"item_purchase_floors":[],"current_hp_per_floor":[64,64,64,64,64,64,64,35,35,35,35,35,42,59,59,0],"gold":192,"neow_bonus":"THREE_ENEMY_KILL","is_prod":false,"is_daily":false,"chose_seed":false,"campfire_upgraded":2,"win_rate":0,"timestamp":1565095807,"path_taken":["M","?","?","?","?","E","?","M","T","M","M","R","M","?","R","BOSS"],"build_version":"2019-07-17","purchased_purges":1,"victory":false,"max_hp_per_floor":[71,71,71,71,71,71,71,71,71,71,71,71,71,71,71,71],"card_choices":[{"not_picked":["Rebound","Barrage","Hello World"],"picked":"SKIP","floor":1},{"not_picked":["Redo","Cold Snap"],"picked":"Ball Lightning","floor":3},{"not_picked":["Hologram","Hello World"],"picked":"Defragment","floor":6},{"not_picked":["Rebound","Consume"],"picked":"Recycle","floor":7},{"not_picked":["Steam","Barrage"],"picked":"Gash","floor":8},{"not_picked":["Force Field","Leap"],"picked":"Self Repair","floor":10},{"not_picked":["Hologram","Sweeping Beam","Melter"],"picked":"SKIP","floor":11},{"not_picked":["Ball Lightning","Conserve Battery","Consume"],"picked":"SKIP","floor":13}],"player_experience":265152,"relics_obtained":[{"floor":6,"key":"Anchor"},{"floor":9,"key":"Ancient Tea Set"}],"event_choices":[{"damage_healed":0,"gold_gain":0,"player_choice":"Got Potions","damage_taken":0,"max_hp_gain":0,"max_hp_loss":0,"event_name":"Lab","floor":2,"gold_loss":0},{"damage_healed":0,"gold_gain":0,"player_choice":"Cursed","damage_taken":0,"max_hp_gain":0,"max_hp_loss":0,"event_name":"Wheel of Change","floor":5,"gold_loss":0,"cards_obtained":["Decay"]},{"damage_healed":17,"gold_gain":0,"player_choice":"Healed and dodged fight","damage_taken":0,"max_hp_gain":0,"max_hp_loss":0,"event_name":"Mushrooms","floor":14,"gold_loss":0,"cards_obtained":["Parasite"]}],"is_beta":false,"boss_relics":[],"items_purged_floors":[4],"is_endless":false,"potions_floor_spawned":[7,8,10,13],"killed_by":"The Guardian","ascension_level":19}