{"gold_per_floor":[10,29,40,58,77,77,107,107,107,107,124,124,159,170,170,243,243,257,307,325,345,32,65,65,84,84,84,114,114,126,145,145,220,220,230,245,245,89,89,89,118,128,128,138,166,166,66,99,99,99,99],"floor_reached":52,"playtime":2143,"items_purged":["Strike_B","Strike_B"],"score":2038,"play_id":"58d2ae6a-44d5-4b3e-a031-ad8f72bfb53f","local_time":"20190610201623","is_ascension_mode":true,"campfire_choices":[{"data":"Zap","floor":6.0,"key":"SMITH"},{"data":"Dualcast","floor":8.0,"key":"SMITH"},{"data":"Self Repair","floor":12.0,"key":"SMITH"},{"data":"Defragment","floor":15.0,"key":"SMITH"},{"data":"Biased Cognition","floor":24.0,"key":"SMITH"},{"floor":27.0,"key":"REST"},{"data":"Coolheaded","floor":29.0,"key":"SMITH"},{"data":"Hologram","floor":32.0,"key":"SMITH"},{"data":"Seek","floor":40,"key":"SMITH"},{"data":"Undo","floor":46,"key":"SMITH"},{"data":"Echo Form","floor":49,"key":"SMITH"}],"neow_cost":"NO_GOLD","seed_source_timestamp":4906224413491,"circlet_count":0,"master_deck":["AscendersBane","Strike_B","Defend_B","Defend_B+1","Defend_B","Zap+1","Dualcast+1","Self Repair+1","FTL","Sweeping Beam","Leap+1","All For One","Sweeping Beam","Doom and Gloom","Cold Snap","Defragment+1","Biased Cognition+1","Coolheaded+1","Core Surge","Hologram+1","Echo Form+1","Fusion+1","Compile Driver","Seek+1","Hologram+1","Static Discharge+1","Panacea","Loop+1","Heatsinks+1","Undo+1","Force Field"],"special_seed":0,"relics":["Cracked Core","Mercury Hourglass","Bottled Tornado","Bottled Lightning","Mummified Hand","Snecko Eye","DataDisk","Bottled Flame","Frozen Egg 2","War Paint","Sozu","Bird Faced Urn","Ornamental Fan","Centennial Puzzle","Boot"],"potions_floor_usage":[48],"damage_taken":[{"damage":0.0,"enemies":"Cultist","floor":1.0,"turns":3.0},{"damage":7.0,"enemies":"Jaw Worm","floor":2.0,"turns":4.0},{"damage":10.0,"enemies":"2 Louse","floor":3.0,"turns":3.0},{"damage":6.0,"enemies":"Lots of Slimes","floor":4.0,"turns":2.0},{"damage":25.0,"enemies":"Gremlin Gang","floor":5.0,"turns":4.0},{"damage":21.0,"enemies":"3 Sentries","floor":7.0,"turns":4.0},{"damage":0.0,"enemies":"Large Slime","floor":11.0,"turns":3.0},{"damage":21.0,"enemies":"Lagavulin","floor":13.0,"turns":5.0},{"damage":16.0,"enemies":"3 Louse","floor":14.0,"turns":2.0},{"damage":27.0,"enemies":"Slime Boss","floor":16.0,"turns":7.0},{"damage":8.0,"enemies":"Chosen","floor":18.0,"turns":5.0},{"damage":0.0,"enemies":"Spheric Guardian","floor":20.0,"turns":4.0},{"damage":14.0,"enemies":"Snecko","floor":21.0,"turns":4.0},{"damage":24.0,"enemies":"Gremlin Leader","floor":23.0,"turns":6.0},{"damage":17.0,"enemies":"Snake Plant","floor":25.0,"turns":4.0},{"damage":38.0,"enemies":"Slavers","floor":28.0,"turns":4.0},{"damage":8.0,"enemies":"Cultist and Chosen","floor":30.0,"turns":6.0},{"damage":15.0,"enemies":"Centurion and Healer","floor":31.0,"turns":3.0},{"damage":18,"enemies":"Champ","floor":33,"turns":13},{"damage":13,"enemies":"3 Shapes","floor":35,"turns":2},{"damage":10,"enemies":"Orb Walker","floor":36,"turns":3},{"damage":6,"enemies":"Nemesis","floor":41,"turns":3},{"damage":40,"enemies":"Jaw Worm Horde","floor":42,"turns":3},{"damage":0,"enemies":"Transient","floor":44,"turns":6},{"damage":4,"enemies":"Giant Head","floor":45,"turns":5},{"damage":26,"enemies":"Reptomancer","floor":48,"turns":7},{"damage":30,"enemies":"Donu and Deca","floor":50,"turns":8},{"damage":60,"enemies":"Time Eater","floor":51,"turns":12}],"seed_played":"-4153549576786473956","potions_obtained":[{"floor":1.0,"key":"FocusPotion"},{"floor":7.0,"key":"FairyPotion"},{"floor":16.0,"key":"Block Potion"},{"floor":18.0,"key":"Swift Potion"},{"floor":20.0,"key":"FearPotion"},{"floor":28.0,"key":"Fruit Juice"},{"floor":30.0,"key":"FocusPotion"}],"is_trial":false,"path_per_floor":["M","M","M","M","M","R","E","R","T","T","M","R","E","M","R","B",null,"M","?","M","M","$","E","R","M","T","R","E","R","M","M","R","B",null,"M","M","?","$","?","R","E","M","T","M","E","R","$","E","R","B","B",null],"character_chosen":"DEFECT","items_purchased":["Echo Form","DataDisk","Loop+1"],"campfire_rested":1,"item_purchase_floors":[22,22,38],"current_hp_per_floor":[64,64,61,55,37,37,23,23,23,23,30,30,19,13,13,17,58,60,60,70,66,66,52,52,45,45,66,33,33,45,40,40,32,65,62,62,62,62,62,62,66,48,48,72,76,76,76,66,66,76,34],"gold":99,"neow_bonus":"REMOVE_TWO","is_prod":false,"is_daily":false,"chose_seed":false,"campfire_upgraded":10,"win_rate":0,"timestamp":1560190583,"path_taken":["M","M","M","M","M","R","E","R","T","?","?","R","E","M","R","BOSS","M","?","M","?","$","E","R","M","T","R","E","R","M","M","R","BOSS","M","M","?","$","?","R","E","M","T","?","E","R","$","E","R","BOSS","BOSS"],"build_version":"2019-06-07","purchased_purges":2,"victory":true,"max_hp_per_floor":[71,71,71,71,71,71,71,71,71,71,71,71,71,71,71,71,71,71,71,71,71,71,71,71,71,71,71,76,76,76,76,76,76,76,76,76,76,76,76,76,76,76,76,76,76,76,76,76,76,76,76],"card_choices":[{"not_picked":["Blizzard","Hologram"],"picked":"Self Repair","floor":1.0},{"not_picked":["Barrage","Aggregate"],"picked":"FTL","floor":2.0},{"not_picked":["Cold Snap","Go for the Eyes"],"picked":"Sweeping Beam","floor":3.0},{"not_picked":["Steam Power","Heatsinks"],"picked":"Leap","floor":4.0},{"not_picked":["Stack","Self Repair"],"picked":"All For One","floor":5.0},{"not_picked":["Chaos","Chill"],"picked":"Sweeping Beam","floor":7.0},{"not_picked":["Self Repair","Capacitor"],"picked":"Doom and Gloom","floor":11.0},{"not_picked":["Compile Driver","Stack"],"picked":"Cold Snap","floor":13.0},{"not_picked":["Self Repair","Leap"],"picked":"Defragment","floor":14.0},{"not_picked":["Seek","Meteor Strike"],"picked":"Biased Cognition","floor":16.0},{"not_picked":["Double Energy","Steam"],"picked":"Coolheaded","floor":18.0},{"not_picked":["Beam Cell","Stack"],"picked":"Core Surge","floor":20.0},{"not_picked":["FTL","Sweeping Beam"],"picked":"Hologram","floor":21.0},{"not_picked":["Turbo","Conserve Battery"],"picked":"Fusion+1","floor":23.0},{"not_picked":["Lockon","Rebound"],"picked":"Compile Driver","floor":25.0},{"not_picked":["Auto Shields","Leap","Redo"],"picked":"SKIP","floor":28.0},{"not_picked":["Reboot","Streamline","Redo"],"picked":"SKIP","floor":30.0},{"not_picked":["Redo","Steam+1","Conserve Battery"],"picked":"SKIP","floor":31.0},{"not_picked":["Electrodynamics+1","Fission"],"picked":"Seek","floor":33},{"not_picked":["Gash","Stack+1"],"picked":"Hologram","floor":35},{"not_picked":["Barrage","Redo"],"picked":"Static Discharge+1","floor":36},{"not_picked":["Forethought","The Bomb"],"picked":"Panacea","floor":37},{"not_picked":["Coolheaded","Ball Lightning"],"picked":"Heatsinks+1","floor":41},{"not_picked":["Sweeping Beam","Leap","Steam"],"picked":"SKIP","floor":42},{"not_picked":["Turbo","Reprogram","Chaos"],"picked":"SKIP","floor":44},{"not_picked":["Storm+1","Stack"],"picked":"Undo","floor":45},{"not_picked":["Cold Snap","Stack"],"picked":"Force Field","floor":48}],"player_experience":1705979,"relics_obtained":[{"floor":7.0,"key":"Mercury Hourglass"},{"floor":9.0,"key":"Bottled Tornado"},{"floor":10.0,"key":"Bottled Lightning"},{"floor":13.0,"key":"Mummified Hand"},{"floor":23.0,"key":"Bottled Flame"},{"floor":26.0,"key":"Frozen Egg 2"},{"floor":28.0,"key":"War Paint"},{"floor":41,"key":"Bird Faced Urn"},{"floor":43,"key":"Ornamental Fan"},{"floor":45,"key":"Centennial Puzzle"},{"floor":48,"key":"Boot"}],"event_choices":[{"damage_healed":0.0,"max_hp_gain":0.0,"max_hp_loss":0.0,"gold_gain":100.0,"event_name":"The Joust","player_choice":"Bet on Murderer","floor":19.0,"gold_loss":50.0,"damage_taken":0.0},{"damage_healed":0,"gold_gain":0,"player_choice":"Memory 1","damage_taken":0,"max_hp_gain":0,"max_hp_loss":0,"event_name":"SensoryStone","floor":37,"gold_loss":0},{"damage_healed":0,"gold_gain":0,"player_choice":"Forge","damage_taken":0,"max_hp_gain":0,"max_hp_loss":0,"event_name":"Accursed Blacksmith","floor":39,"gold_loss":0,"cards_upgraded":["Hologram"]}],"is_beta":true,"boss_relics":[{"not_picked":["Tiny House","Busted Crown"],"picked":"Snecko Eye"},{"not_picked":["Orrery","Cursed Key"],"picked":"Sozu"}],"items_purged_floors":[38,47],"is_endless":false,"potions_floor_spawned":[1,7,11,16,18,20,21,28,30,36,41,42],"ascension_level":20}