{"gold_per_floor":[109,125,141,141,153,153,179,254,280,311,325,325,345,160,160,238,238,248,248,281,301,311,311],"floor_reached":23,"playtime":2595,"items_purged":["Doubt"],"score":556,"play_id":"f4fae28e-01a6-4d80-a519-395da8dc48ae","local_time":"20190803154600","is_ascension_mode":true,"campfire_choices":[{"data":"Bash","floor":6.0,"key":"SMITH"},{"data":"Flame Barrier","floor":12.0,"key":"SMITH"},{"data":"Metallicize","floor":15.0,"key":"SMITH"}],"neow_cost":"NONE","seed_source_timestamp":133681192651300,"circlet_count":0,"master_deck":["AscendersBane","Strike_R","Strike_R","Strike_R","Strike_R","Strike_R","Defend_R","Defend_R","Defend_R","Defend_R","Bash+1","Battle Trance","Cleave","Flame Barrier+1","Barricade","Metallicize+1","Headbutt","Warcry","Shockwave","Shrug It Off","Carnage","Reaper","Armaments","Ghostly","Ghostly","Ghostly","Clothesline","Shrug It Off","Shockwave"],"special_seed":0,"relics":["Cursed Key","Art of War","Dream Catcher","Bag of Preparation","Black Star","Red Mask"],"potions_floor_usage":[23],"damage_taken":[{"damage":7.0,"enemies":"Small Slimes","floor":1.0,"turns":4.0},{"damage":2.0,"enemies":"Jaw Worm","floor":2.0,"turns":3.0},{"damage":5.0,"enemies":"2 Louse","floor":3.0,"turns":3.0},{"damage":1.0,"enemies":"Lots of Slimes","floor":5.0,"turns":3.0},{"damage":9.0,"enemies":"Gremlin Nob","floor":7.0,"turns":3.0},{"damage":0.0,"enemies":"Lagavulin","floor":10.0,"turns":9.0},{"damage":5.0,"enemies":"Large Slime","floor":11.0,"turns":6.0},{"damage":4.0,"enemies":"3 Louse","floor":13.0,"turns":3.0},{"damage":0.0,"enemies":"Hexaghost","floor":16.0,"turns":12.0},{"damage":0.0,"enemies":"Chosen","floor":18.0,"turns":3.0},{"damage":22.0,"enemies":"Masked Bandits","floor":20.0,"turns":5.0},{"damage":0.0,"enemies":"Spheric Guardian","floor":21.0,"turns":10.0},{"damage":10.0,"enemies":"Centurion and Healer","floor":22.0,"turns":9.0},{"damage":31,"enemies":"Slavers","floor":23,"turns":6}],"seed_played":"6585925060386267156","potions_obtained":[{"floor":1.0,"key":"FearPotion"},{"floor":2.0,"key":"EssenceOfSteel"},{"floor":5.0,"key":"AttackPotion"},{"floor":16.0,"key":"Swift Potion"},{"floor":18.0,"key":"SpeedPotion"}],"is_trial":false,"path_per_floor":["M","M","M","?","M","R","E","?","T","E","M","R","M","$","R","B",null,"M","?","?","M","M","E"],"character_chosen":"IRONCLAD","items_purchased":["Shrug It Off","Carnage"],"campfire_rested":0,"item_purchase_floors":[14,14],"current_hp_per_floor":[61,59,54,59,58,58,49,38,38,38,33,33,29,29,29,29,67,67,40,18,25,21,0],"gold":311,"neow_bonus":"BOSS_RELIC","is_prod":false,"is_daily":false,"chose_seed":false,"campfire_upgraded":3,"win_rate":0,"timestamp":1564872360,"path_taken":["M","M","M","?","M","R","E","?","T","E","M","R","M","$","R","BOSS","M","?","?","M","M","E"],"build_version":"2019-07-17","purchased_purges":1,"victory":false,"max_hp_per_floor":[75,75,75,80,80,80,80,80,80,80,80,80,80,80,80,80,80,80,40,40,40,40,40],"card_choices":[{"not_picked":["Rampage","Clash"],"picked":"Battle Trance","floor":1.0},{"not_picked":["Inflame","Armaments"],"picked":"Cleave","floor":2.0},{"not_picked":["Rupture","Iron Wave"],"picked":"Flame Barrier","floor":3.0},{"not_picked":["Battle Trance","Intimidate"],"picked":"Barricade","floor":5.0},{"not_picked":["Heavy Blade","Anger"],"picked":"Metallicize","floor":7.0},{"not_picked":["Sword Boomerang","Warcry"],"picked":"Headbutt","floor":10.0},{"not_picked":["Combust","Whirlwind"],"picked":"Warcry","floor":11.0},{"not_picked":["Warcry","Fire Breathing"],"picked":"Shockwave","floor":13.0},{"not_picked":["Double Tap","Exhume"],"picked":"Reaper","floor":16.0},{"not_picked":["Thunderclap","Sword Boomerang"],"picked":"Armaments","floor":18.0},{"not_picked":["Thunderclap","Iron Wave+1"],"picked":"Clothesline","floor":20.0},{"not_picked":["Flex","Sever Soul+1"],"picked":"Shrug It Off","floor":21.0},{"not_picked":["Clothesline","Cleave"],"picked":"Shockwave","floor":22.0}],"player_experience":1203671,"relics_obtained":[{"floor":7.0,"key":"Art of War"},{"floor":9.0,"key":"Dream Catcher"},{"floor":10.0,"key":"Bag of Preparation"},{"floor":20.0,"key":"Red Mask"}],"event_choices":[{"damage_healed":0.0,"max_hp_gain":5.0,"max_hp_loss":0.0,"gold_gain":0.0,"event_name":"Big Fish","player_choice":"Donut","floor":4.0,"gold_loss":0.0,"damage_taken":0.0},{"damage_healed":0.0,"max_hp_gain":0.0,"max_hp_loss":0.0,"gold_gain":75.0,"event_name":"World of Goop","player_choice":"Gather Gold","floor":8.0,"gold_loss":0.0,"damage_taken":11.0},{"damage_healed":0.0,"max_hp_gain":0.0,"max_hp_loss":40.0,"gold_gain":0.0,"event_name":"Ghosts","player_choice":"Became a Ghost","floor":19.0,"gold_loss":0.0,"damage_taken":0.0,"cards_obtained":["Ghostly","Ghostly","Ghostly"]},{"damage_healed":0.0,"max_hp_gain":0.0,"max_hp_loss":0.0,"gold_gain":0.0,"event_name":"Masked Bandits","player_choice":"Fought Bandits","floor":20.0,"gold_loss":0.0,"damage_taken":0.0}],"is_beta":false,"boss_relics":[{"not_picked":["Eternal Feather","Ectoplasm"],"picked":"Black Star"}],"items_purged_floors":[14],"is_endless":false,"potions_floor_spawned":[1,2,5,16,18],"killed_by":"Slavers","ascension_level":20}