{"gold_per_floor":[119,131,131,151,162,190,115,115,115,18,18,18,18,18,18,18],"floor_reached":16,"playtime":798,"items_purged":["Strike_R"],"score":123,"play_id":"2bfd17d7-a750-4c09-9783-380600747fd6","local_time":"20190301204904","is_ascension_mode":false,"campfire_choices":[{"data":"Seeing Red","floor":8,"key":"SMITH"},{"floor":13,"key":"DIG"},{"floor":15,"key":"DIG"}],"neow_cost":"NONE","seed_source_timestamp":63113950693573,"circlet_count":0,"master_deck":["Strike_R","Strike_R","Strike_R","Defend_R","Defend_R","Defend_R","Defend_R","Bash","Pommel Strike","Disarm","Shrug It Off","Clothesline","Seeing Red+1"],"relics":["Burning Blood","Bag of Preparation","Mango","Shovel","Pantograph","Pear","Vajra"],"potions_floor_usage":[],"damage_taken":[{"damage":0,"enemies":"Small Slimes","floor":1,"turns":4},{"damage":9,"enemies":"Cultist","floor":2,"turns":4},{"damage":5,"enemies":"2 Louse","floor":4,"turns":3},{"damage":13,"enemies":"Blue Slaver","floor":5,"turns":5},{"damage":50,"enemies":"Lagavulin","floor":6,"turns":7},{"damage":45,"enemies":"Slime Boss","floor":16,"turns":10}],"seed_played":"-850160173275333448","potions_obtained":[{"floor":2,"key":"FearPotion"},{"floor":6,"key":"SmokeBomb"}],"is_trial":false,"path_per_floor":["M","M","?","M","M","E","$","R","T","$","?","$","R","?","R","B"],"character_chosen":"IRONCLAD","items_purchased":["Fruit Juice"],"campfire_rested":0,"item_purchase_floors":[10],"current_hp_per_floor":[80,77,77,78,71,41,41,41,41,41,41,41,41,33,33,13],"gold":18,"neow_bonus":"RANDOM_COMMON_RELIC","is_prod":false,"is_daily":false,"chose_seed":false,"campfire_upgraded":1,"win_rate":0.0,"timestamp":1551502144,"path_taken":["M","M","?","M","?","E","?","R","T","$","?","$","R","?","R","BOSS"],"build_version":"2019-01-23","purchased_purges":1,"victory":false,"max_hp_per_floor":[80,80,80,80,80,94,94,94,94,94,94,94,94,104,104,104],"card_choices":[{"not_picked":["Armaments","Perfected Strike"],"picked":"Pommel Strike","floor":1},{"not_picked":["Shrug It Off","Anger"],"picked":"Disarm","floor":2},{"not_picked":["Clash","Pommel Strike"],"picked":"Shrug It Off","floor":4},{"not_picked":["Anger","Feel No Pain"],"picked":"Clothesline","floor":5},{"not_picked":["Heavy Blade","Power Through"],"picked":"Seeing Red","floor":6}],"player_experience":15635,"relics_obtained":[{"floor":6,"key":"Mango"},{"floor":9,"key":"Shovel"},{"floor":13,"key":"Pantograph"},{"floor":15,"key":"Vajra"}],"event_choices":[{"cards_removed":["Strike_R"],"damage_healed":0,"gold_gain":0,"player_choice":"Purged","damage_taken":0,"max_hp_gain":0,"max_hp_loss":0,"event_name":"Purifier","floor":3,"gold_loss":0},{"damage_healed":0,"gold_gain":0,"player_choice":"Searched \u00271\u0027 times","damage_taken":0,"max_hp_gain":0,"max_hp_loss":0,"event_name":"Dead Adventurer","floor":11,"gold_loss":0},{"damage_healed":0,"gold_gain":0,"player_choice":"Success","damage_taken":18,"relics_obtained":["Pear"],"max_hp_gain":0,"max_hp_loss":0,"event_name":"Scrap Ooze","floor":14,"gold_loss":0}],"is_beta":false,"boss_relics":[],"items_purged_floors":[7],"is_endless":false,"potions_floor_spawned":[2,6],"killed_by":"Slime Boss","ascension_level":0}