{"gold_per_floor":[110,110,128,128,203,203,231,241,241,241,251,271,271,283,283,379,379,390,390,400,193,213,248,248,265,289,305,305,337,337,352,352,452,452,467,12,22,22,22,22,57,69,93,103,103,180,180,280,280,280],"floor_reached":51,"playtime":9645,"items_purged":["Strike_G","Strike_G"],"score":717,"play_id":"cbe51d83-5b14-4177-a8ef-428eab860cd8","local_time":"20190710000901","is_ascension_mode":false,"campfire_choices":[{"data":"Neutralize","floor":6,"key":"SMITH"},{"data":"Survivor","floor":10,"key":"SMITH"},{"data":"Outmaneuver","floor":13,"key":"SMITH"},{"floor":15,"key":"REST"},{"floor":24,"key":"REST"},{"data":"Strike_G","floor":28,"key":"PURGE"},{"floor":32,"key":"REST"},{"data":"Defend_G","floor":40,"key":"PURGE"},{"data":"Defend_G","floor":45,"key":"PURGE"},{"data":"Defend_G","floor":47,"key":"PURGE"},{"floor":49,"key":"REST"}],"neow_cost":"NONE","seed_source_timestamp":78731944895243,"circlet_count":0,"master_deck":["Defend_G+1","Defend_G+1","Neutralize+1","Dagger Throw","Phantasmal Killer+1","Dagger Spray+1","Tools of the Trade+1","Outmaneuver+1","Flying Knee","Skewer","After Image+1","Expertise","Footwork+1","Backflip","Skewer+1","Escape Plan","Acrobatics+1","Dodge and Roll+1","Acrobatics","Tools of the Trade+1","Noxious Fumes+1","Deflect+1","Footwork+1"],"relics":["Ring of the Snake","NeowsBlessing","Frozen Egg 2","Ninja Scroll","Fusion Hammer","Dodecahedron","Peace Pipe","Pen Nib","Tingsha","Busted Crown","War Paint","Lee\u0027s Waffle","Strawberry","Juzu Bracelet","Kunai"],"potions_floor_usage":[31],"damage_taken":[{"damage":0,"enemies":"Jaw Worm","floor":1,"turns":1},{"damage":0,"enemies":"Cultist","floor":3,"turns":1},{"damage":0,"enemies":"Gremlin Nob","floor":7,"turns":1},{"damage":0,"enemies":"2 Louse","floor":8,"turns":2},{"damage":0,"enemies":"Looter","floor":11,"turns":3},{"damage":0,"enemies":"Lots of Slimes","floor":12,"turns":1},{"damage":1,"enemies":"Exordium Thugs","floor":14,"turns":4},{"damage":35,"enemies":"The Guardian","floor":16,"turns":11},{"damage":4,"enemies":"Spheric Guardian","floor":18,"turns":4},{"damage":0,"enemies":"Chosen","floor":20,"turns":4},{"damage":8,"enemies":"Snecko","floor":22,"turns":6},{"damage":26,"enemies":"Slavers","floor":23,"turns":6},{"damage":15,"enemies":"Snake Plant","floor":25,"turns":3},{"damage":0,"enemies":"Sentry and Sphere","floor":27,"turns":3},{"damage":18,"enemies":"Gremlin Leader","floor":29,"turns":6},{"damage":0,"enemies":"3 Cultists","floor":31,"turns":4},{"damage":27,"enemies":"Champ","floor":33,"turns":7},{"damage":5,"enemies":"3 Shapes","floor":35,"turns":3},{"damage":0,"enemies":"Orb Walker","floor":37,"turns":3},{"damage":0,"enemies":"Reptomancer","floor":41,"turns":3},{"damage":11,"enemies":"Jaw Worm Horde","floor":42,"turns":3},{"damage":0,"enemies":"Sphere and 2 Shapes","floor":44,"turns":5},{"damage":19,"enemies":"Time Eater","floor":50,"turns":11}],"seed_played":"8282769568749769405","potions_obtained":[{"floor":3,"key":"Explosive Potion"},{"floor":11,"key":"LiquidBronze"},{"floor":14,"key":"SkillPotion"},{"floor":20,"key":"Regen Potion"},{"floor":25,"key":"Dexterity Potion"},{"floor":42,"key":"EssenceOfSteel"}],"is_trial":false,"path_per_floor":["M","?","M","?","?","R","E","M","T","R","M","M","R","M","R","B",null,"M","?","M","$","M","E","R","M","T","M","R","E","?","M","R","B",null,"M","$","M","?","?","R","E","M","T","M","R","T","R","?","R","B",null],"character_chosen":"THE_SILENT","items_purchased":["Footwork+1","Backflip","War Paint","Lee\u0027s Waffle"],"campfire_rested":4,"item_purchase_floors":[21,21,36,36],"current_hp_per_floor":[70,70,70,56,45,45,45,45,45,45,45,45,45,44,65,30,70,66,66,66,66,58,32,53,38,38,38,38,20,20,32,53,26,70,65,77,77,77,73,73,80,69,69,69,69,69,69,69,80,61],"gold":280,"neow_bonus":"THREE_ENEMY_KILL","is_prod":false,"is_daily":false,"chose_seed":false,"campfire_upgraded":3,"win_rate":0.0,"timestamp":1562731741,"path_taken":["M","?","?","?","?","R","E","M","T","R","M","M","R","M","R","BOSS","M","?","M","$","M","E","R","M","T","M","R","E","?","M","R","BOSS","M","$","?","?","?","R","E","M","T","M","R","?","R","?","R","BOSS"],"build_version":"2019-07-05","purchased_purges":2,"victory":true,"max_hp_per_floor":[70,70,70,70,70,70,70,70,70,70,70,70,70,70,70,70,70,70,70,70,70,70,70,70,70,70,70,70,70,70,70,70,70,70,70,77,77,77,73,73,80,80,80,80,80,80,80,80,80,80],"card_choices":[{"not_picked":["Dodge and Roll","Acrobatics"],"picked":"Dagger Throw","floor":1},{"not_picked":["Outmaneuver","Poisoned Stab"],"picked":"Dagger Spray","floor":3},{"not_picked":["Slice","Deadly Poison"],"picked":"Tools of the Trade","floor":7},{"not_picked":["Underhanded Strike","Blade Dance"],"picked":"Outmaneuver","floor":8},{"not_picked":["Bane","Crippling Poison"],"picked":"Flying Knee","floor":11},{"not_picked":["Underhanded Strike","Outmaneuver","Bane"],"picked":"SKIP","floor":12},{"not_picked":["PiercingWail","Quick Slash"],"picked":"Skewer","floor":14},{"not_picked":["Venomology","Phantasmal Killer"],"picked":"After Image+1","floor":16},{"not_picked":["Reflex","Poisoned Stab"],"picked":"Expertise","floor":18},{"not_picked":["Bane+1","PiercingWail","Crippling Poison"],"picked":"SKIP","floor":20},{"not_picked":["Eviscerate","Bane+1"],"picked":"Skewer+1","floor":22},{"not_picked":["Prepared","Deadly Poison"],"picked":"Escape Plan","floor":23},{"not_picked":["Poisoned Stab+1","Dagger Throw","Flying Knee"],"picked":"SKIP","floor":25},{"not_picked":["Poisoned Stab","Dodge and Roll"],"picked":"Acrobatics+1","floor":27},{"not_picked":["Outmaneuver","Unload"],"picked":"Dodge and Roll+1","floor":29},{"not_picked":["Skewer","Bane"],"picked":"Acrobatics","floor":31},{"not_picked":["Night Terror","Wraith Form v2+1"],"picked":"Tools of the Trade+1","floor":33},{"not_picked":["Poisoned Stab+1"],"picked":"SKIP","floor":35},{"not_picked":[],"picked":"Noxious Fumes+1","floor":37},{"not_picked":["Flying Knee+1"],"picked":"SKIP","floor":41},{"not_picked":[],"picked":"Deflect+1","floor":42},{"not_picked":[],"picked":"Footwork+1","floor":44}],"player_experience":42172,"relics_obtained":[{"floor":7,"key":"Frozen Egg 2"},{"floor":9,"key":"Ninja Scroll"},{"floor":23,"key":"Peace Pipe"},{"floor":26,"key":"Pen Nib"},{"floor":29,"key":"Tingsha"},{"floor":41,"key":"Strawberry"},{"floor":43,"key":"Juzu Bracelet"},{"floor":46,"key":"Kunai"}],"event_choices":[{"damage_healed":0,"gold_gain":0,"cards_transformed":["Strike_G"],"player_choice":"Transformed","damage_taken":0,"max_hp_gain":0,"max_hp_loss":0,"event_name":"Transmorgrifier","floor":2,"gold_loss":0,"cards_obtained":["Phantasmal Killer"]},{"damage_healed":0,"gold_gain":0,"player_choice":"Entered Light","damage_taken":14,"max_hp_gain":0,"max_hp_loss":0,"event_name":"Shining Light","floor":4,"gold_loss":0,"cards_upgraded":["Dagger Spray","Phantasmal Killer"]},{"damage_healed":0,"gold_gain":75,"player_choice":"Gather Gold","damage_taken":11,"max_hp_gain":0,"max_hp_loss":0,"event_name":"World of Goop","floor":5,"gold_loss":0},{"damage_healed":0,"gold_gain":0,"player_choice":"Opened","damage_taken":0,"relics_obtained":["Dodecahedron"],"max_hp_gain":0,"max_hp_loss":0,"event_name":"The Mausoleum","floor":19,"gold_loss":0},{"cards_removed":["Strike_G"],"damage_healed":0,"gold_gain":0,"player_choice":"Offered Basic","damage_taken":0,"max_hp_gain":0,"max_hp_loss":0,"event_name":"Bonfire Elementals","floor":30,"gold_loss":0},{"cards_removed":["Survivor"],"damage_healed":0,"gold_gain":0,"player_choice":"Removed Skill","damage_taken":0,"max_hp_gain":0,"max_hp_loss":0,"event_name":"Falling","floor":38,"gold_loss":0},{"damage_healed":0,"gold_gain":0,"player_choice":"Max HP","damage_taken":0,"max_hp_gain":0,"max_hp_loss":4,"event_name":"Winding Halls","floor":39,"gold_loss":0},{"damage_healed":0,"gold_gain":100,"player_choice":"Pray","damage_taken":0,"max_hp_gain":0,"max_hp_loss":0,"event_name":"Golden Shrine","floor":48,"gold_loss":0}],"is_beta":false,"boss_relics":[{"not_picked":["Runic Pyramid","Ectoplasm"],"picked":"Fusion Hammer"},{"not_picked":["Lizard Tail","Coffee Dripper"],"picked":"Busted Crown"}],"items_purged_floors":[21,36],"is_endless":false,"potions_floor_spawned":[3,11,14,20,25,29,42],"ascension_level":0}