{"gold_per_floor":[117,127,127,142,155,155,187,200,200,229,229,229],"floor_reached":12,"playtime":541,"items_purged":[],"score":99,"play_id":"45fa0063-9743-477e-823f-d43e87318f48","local_time":"20190701044145","is_ascension_mode":true,"campfire_choices":[{"data":"Zap","floor":6,"key":"SMITH"}],"neow_cost":"NONE","seed_source_timestamp":104514541567035,"circlet_count":0,"master_deck":["Strike_B","Strike_B","Strike_B","Defend_B","Defend_B","Defend_B","Defend_B","Zap+1","Dualcast","Hologram","Capacitor","Rebound","Melter","Cold Snap","Go for the Eyes+1","Tempest"],"relics":["Runic Dome","Blue Candle","Strawberry","Molten Egg 2"],"potions_floor_usage":[],"damage_taken":[{"damage":7,"enemies":"Small Slimes","floor":1,"turns":4},{"damage":0,"enemies":"Cultist","floor":2,"turns":3},{"damage":4,"enemies":"Jaw Worm","floor":4,"turns":4},{"damage":13,"enemies":"Exordium Wildlife","floor":5,"turns":5},{"damage":31,"enemies":"3 Sentries","floor":7,"turns":9},{"damage":5,"enemies":"Red Slaver","floor":8,"turns":4},{"damage":9,"enemies":"Lagavulin","floor":10,"turns":7},{"damage":13,"enemies":"Gremlin Gang","floor":12,"turns":1}],"seed_played":"240642548907944210","potions_obtained":[{"floor":1,"key":"Explosive Potion"},{"floor":7,"key":"Energy Potion"},{"floor":10,"key":"Strength Potion"}],"is_trial":false,"path_per_floor":["M","M","?","M","M","R","E","M","T","E","?","M"],"character_chosen":"DEFECT","items_purchased":[],"campfire_rested":0,"item_purchase_floors":[],"current_hp_per_floor":[68,68,68,64,51,51,27,22,22,13,13,0],"gold":229,"neow_bonus":"BOSS_RELIC","is_prod":false,"is_daily":false,"chose_seed":false,"campfire_upgraded":1,"win_rate":0,"timestamp":1561923705,"path_taken":["M","M","?","M","?","R","E","M","T","E","?","M"],"build_version":"2019-01-23","purchased_purges":0,"victory":false,"max_hp_per_floor":[75,75,75,75,75,75,82,82,82,82,82,82],"card_choices":[{"not_picked":["Force Field","Sweeping Beam"],"picked":"Hologram","floor":1},{"not_picked":["Streamline","Defragment"],"picked":"Capacitor","floor":2},{"not_picked":["Compile Driver","Barrage","Turbo"],"picked":"SKIP","floor":4},{"not_picked":["Streamline","Stack"],"picked":"Rebound","floor":5},{"not_picked":["Hyperbeam","Redo"],"picked":"Melter","floor":7},{"not_picked":["Steam Power","Chill"],"picked":"Cold Snap","floor":8},{"not_picked":["Ball Lightning","Barrage"],"picked":"Go for the Eyes","floor":10}],"player_experience":87464,"relics_obtained":[{"floor":7,"key":"Strawberry"},{"floor":10,"key":"Molten Egg 2"}],"event_choices":[{"damage_healed":0,"gold_gain":0,"player_choice":"Gave Potion","damage_taken":0,"relics_obtained":["Blue Candle"],"max_hp_gain":0,"max_hp_loss":0,"event_name":"WeMeetAgain","floor":3,"gold_loss":0},{"damage_healed":0,"gold_gain":0,"cards_transformed":["Strike_B"],"player_choice":"Change","damage_taken":0,"max_hp_gain":0,"max_hp_loss":0,"event_name":"Living Wall","floor":11,"gold_loss":0,"cards_obtained":["Tempest"]}],"is_beta":false,"boss_relics":[],"items_purged_floors":[],"is_endless":false,"potions_floor_spawned":[1,7,10],"killed_by":"Gremlin Gang","ascension_level":2}