{"gold_per_floor":[367,379,396,13,29,64,64,64,111,111,137,156,156,170,170,249,249,267,267,29,45,45,45,78,96,96,109,109,6,6,18,18,91,91,104,104,122,0,13,13],"floor_reached":40,"playtime":2851,"items_purged":["Strike_R"],"score":911,"play_id":"8752d2f2-a852-4b17-9b61-559843194008","local_time":"20190729153834","is_ascension_mode":true,"campfire_choices":[{"floor":7.0,"key":"REST"},{"data":"Armaments","floor":13.0,"key":"SMITH"},{"data":"Demon Form","floor":15.0,"key":"SMITH"},{"data":"Corruption","floor":23.0,"key":"SMITH"},{"floor":32.0,"key":"REST"}],"neow_cost":"TEN_PERCENT_HP_LOSS","seed_source_timestamp":0,"circlet_count":0,"master_deck":["AscendersBane","Strike_R","Strike_R","Defend_R","Defend_R","Defend_R+1","Defend_R","Bash+1","Pommel Strike","Anger","Shrug It Off","Feel No Pain+1","Shrug It Off","Perfected Strike","Armaments+1","Cleave","Exhume+1","Perfected Strike","Corruption+1","Demon Form+1","Exhume","Pommel Strike+1","Feel No Pain","Uppercut","Burning Pact","Armaments","Power Through","Havoc+1","Corruption","Headbutt","Limit Break","Burning Pact","Shrug It Off+1","Impervious","Headbutt","Heavy Blade+1"],"special_seed":0,"relics":["Burning Blood","Red Skull","Kunai","War Paint","Bag of Marbles","Philosopher\u0027s Stone","Lantern","Gambling Chip","Black Star","Red Mask"],"potions_floor_usage":[40],"damage_taken":[{"damage":7.0,"enemies":"Cultist","floor":1.0,"turns":5.0},{"damage":19.0,"enemies":"Jaw Worm","floor":2.0,"turns":4.0},{"damage":7.0,"enemies":"2 Louse","floor":3.0,"turns":3.0},{"damage":21.0,"enemies":"Exordium Wildlife","floor":5.0,"turns":4.0},{"damage":20.0,"enemies":"3 Sentries","floor":6.0,"turns":7.0},{"damage":33.0,"enemies":"Lagavulin","floor":11.0,"turns":5.0},{"damage":2.0,"enemies":"Gremlin Gang","floor":12.0,"turns":3.0},{"damage":0.0,"enemies":"Blue Slaver","floor":14.0,"turns":1.0},{"damage":24.0,"enemies":"The Guardian","floor":16.0,"turns":7.0},{"damage":9.0,"enemies":"Spheric Guardian","floor":18.0,"turns":5.0},{"damage":4.0,"enemies":"2 Thieves","floor":21.0,"turns":4.0},{"damage":33.0,"enemies":"Gremlin Leader","floor":24.0,"turns":6.0},{"damage":5.0,"enemies":"3 Cultists","floor":25.0,"turns":5.0},{"damage":12.0,"enemies":"Snake Plant","floor":27.0,"turns":3.0},{"damage":4.0,"enemies":"Snecko","floor":31.0,"turns":4.0},{"damage":32.0,"enemies":"Automaton","floor":33.0,"turns":7.0},{"damage":5,"enemies":"3 Shapes","floor":35,"turns":4},{"damage":0,"enemies":"3 Darklings","floor":37,"turns":6},{"damage":19,"enemies":"Sphere and 2 Shapes","floor":39,"turns":8},{"damage":67,"enemies":"Reptomancer","floor":40,"turns":3}],"seed_played":"-4924518651971094541","potions_obtained":[{"floor":3.0,"key":"LiquidBronze"},{"floor":5.0,"key":"SmokeBomb"},{"floor":11.0,"key":"BloodPotion"},{"floor":22.0,"key":"GamblersBrew"},{"floor":25.0,"key":"Ancient Potion"},{"floor":27.0,"key":"FearPotion"},{"floor":33.0,"key":"Regen Potion"}],"is_trial":false,"path_per_floor":["M","M","M","$","M","E","R","?","T","?","E","M","R","M","R","B",null,"M","?","$","M","?","R","E","M","T","M","?","$","?","M","R","B",null,"M","?","M","?","M","E"],"character_chosen":"IRONCLAD","items_purchased":["Red Skull","Feel No Pain","Shrug It Off","Perfected Strike","Armaments","Feel No Pain","Uppercut","Corruption","Headbutt"],"campfire_rested":2,"item_purchase_floors":[4,4,4,4,4,20,20,29,29],"current_hp_per_floor":[67,54,53,53,38,24,44,44,44,44,17,21,21,27,27,9,53,50,31,31,33,33,33,24,25,25,19,19,19,19,21,42,16,59,60,60,66,66,53,0],"gold":13,"neow_bonus":"TWO_FIFTY_GOLD","is_prod":false,"is_daily":false,"chose_seed":false,"campfire_upgraded":3,"win_rate":0,"timestamp":1564403914,"path_taken":["M","M","M","$","?","E","R","?","T","?","E","M","R","M","R","BOSS","M","?","$","M","?","R","E","M","T","?","?","?","?","M","R","BOSS","M","?","M","?","M","E"],"build_version":"2019-07-17","purchased_purges":1,"victory":false,"max_hp_per_floor":[68,68,68,68,68,68,68,68,68,68,68,68,68,68,68,68,68,68,73,73,73,73,73,73,73,73,73,73,73,73,73,73,73,73,73,69,69,69,69,69],"card_choices":[{"not_picked":["Rage","Thunderclap"],"picked":"Pommel Strike","floor":1.0},{"not_picked":["True Grit","Thunderclap"],"picked":"Anger","floor":2.0},{"not_picked":["Bloodletting","True Grit"],"picked":"Shrug It Off","floor":3.0},{"not_picked":["Wild Strike","Body Slam"],"picked":"Cleave","floor":5.0},{"not_picked":["Warcry","Infernal Blade"],"picked":"Exhume","floor":6.0},{"not_picked":["Armaments","Warcry"],"picked":"Perfected Strike","floor":11.0},{"not_picked":["Perfected Strike","Clash"],"picked":"Corruption","floor":12.0},{"not_picked":["Infernal Blade","Wild Strike"],"picked":"Demon Form","floor":14.0},{"not_picked":["Fiend Fire","Brutality"],"picked":"Exhume","floor":16.0},{"not_picked":["Sword Boomerang","Twin Strike+1"],"picked":"Pommel Strike+1","floor":18.0},{"not_picked":["Heavy Blade","Twin Strike"],"picked":"Burning Pact","floor":21.0},{"not_picked":["Evolve","Iron Wave+1"],"picked":"Armaments","floor":24.0},{"not_picked":["Clash+1","Dropkick"],"picked":"Power Through","floor":25.0},{"not_picked":["Wild Strike","Juggernaut"],"picked":"Havoc+1","floor":27.0},{"not_picked":["Dual Wield","Rampage"],"picked":"Shrug It Off+1","floor":31.0},{"not_picked":["Double Tap","Fiend Fire"],"picked":"Impervious","floor":33.0},{"not_picked":["Reckless Charge+1","Flex","Whirlwind+1"],"picked":"SKIP","floor":35},{"not_picked":["Rage","Clash"],"picked":"Headbutt","floor":37},{"not_picked":["Armaments","Inflame"],"picked":"Heavy Blade+1","floor":39}],"player_experience":1057276,"relics_obtained":[{"floor":6.0,"key":"Kunai"},{"floor":9.0,"key":"War Paint"},{"floor":11.0,"key":"Bag of Marbles"},{"floor":24.0,"key":"Lantern"},{"floor":26.0,"key":"Gambling Chip"}],"event_choices":[{"damage_healed":0.0,"max_hp_gain":0.0,"max_hp_loss":0.0,"gold_gain":0.0,"event_name":"Liars Game","player_choice":"Ignored","floor":8.0,"gold_loss":0.0,"damage_taken":0.0},{"damage_healed":0.0,"max_hp_gain":0.0,"max_hp_loss":0.0,"gold_gain":0.0,"event_name":"Living Wall","player_choice":"Grow","floor":10.0,"gold_loss":0.0,"damage_taken":0.0,"cards_upgraded":["Bash"]},{"damage_healed":0.0,"max_hp_gain":5.0,"max_hp_loss":0.0,"gold_gain":0.0,"event_name":"Forgotten Altar","player_choice":"Shed Blood","floor":19.0,"gold_loss":0.0,"damage_taken":24.0},{"damage_healed":0.0,"max_hp_gain":0.0,"max_hp_loss":0.0,"gold_gain":0.0,"event_name":"Lab","player_choice":"Got Potions","floor":22.0,"gold_loss":0.0,"damage_taken":0.0},{"damage_healed":0.0,"max_hp_gain":0.0,"max_hp_loss":0.0,"gold_gain":0.0,"event_name":"Upgrade Shrine","player_choice":"Upgraded","floor":28.0,"gold_loss":0.0,"damage_taken":0.0,"cards_upgraded":["Feel No Pain"]},{"damage_healed":0.0,"max_hp_gain":0.0,"max_hp_loss":0.0,"gold_gain":0.0,"cards_transformed":["Strike_R","Strike_R"],"event_name":"Drug Dealer","player_choice":"Became Test Subject","floor":30.0,"gold_loss":0.0,"damage_taken":0.0,"cards_obtained":["Limit Break","Burning Pact"]},{"damage_healed":0,"gold_gain":0,"player_choice":"Max HP","damage_taken":0,"max_hp_gain":0,"max_hp_loss":4,"event_name":"Winding Halls","floor":36,"gold_loss":0},{"damage_healed":0,"gold_gain":0,"player_choice":"Paid","damage_taken":0,"relics_obtained":["Red Mask"],"max_hp_gain":0,"max_hp_loss":0,"event_name":"Tomb of Lord Red Mask","floor":38,"gold_loss":122}],"is_beta":false,"boss_relics":[{"not_picked":["Runic Dome","Pandora\u0027s Box"],"picked":"Philosopher\u0027s Stone"},{"not_picked":["Calling Bell","Coffee Dripper"],"picked":"Black Star"}],"items_purged_floors":[20],"is_endless":false,"potions_floor_spawned":[3,5,11,25,27,31,33,37],"killed_by":"Reptomancer","ascension_level":20}