{"gold_per_floor":[119,137,149,169,169,195,195,221,221,221,43,72,72,89,89,191,191,204,223,233,250,262,262,294,294,294,309,328,343,268,297,297,398,398,413,431,54,276,326,356,372,405,405,148,148,162,176,189,189,189],"floor_reached":51,"playtime":6036,"items_purged":["Bash","Strike_R","Strike_R"],"score":891,"play_id":"2b646eff-f0bb-42b8-86b0-4df10d3309ad","local_time":"20190812095732","is_ascension_mode":true,"campfire_choices":[{"data":"Cleave","floor":7.0,"key":"SMITH"},{"floor":10.0,"key":"REST"},{"data":"Barricade","floor":13.0,"key":"SMITH"},{"floor":15.0,"key":"REST"},{"floor":23.0,"key":"REST"},{"floor":32,"key":"REST"},{"data":"Body Slam","floor":45,"key":"SMITH"},{"data":"Body Slam","floor":49,"key":"SMITH"}],"neow_cost":"NONE","seed_source_timestamp":0,"circlet_count":0,"master_deck":["Strike_R","Defend_R","Defend_R","Defend_R","Defend_R","Body Slam+1","Thunderclap","Cleave","Cleave+1","Searing Blow","Barricade+1","Ghostly Armor","Clothesline","Whirlwind","Shrug It Off","Sever Soul","Juggernaut","Thunderclap","Shrug It Off","Warcry+1","Thunderclap+1","Thunderclap+1","Offering","Juggernaut","Rupture","Body Slam+1","Impervious","Power Through+1","Inflame","Warcry","Shrug It Off","Shockwave+1","True Grit+1","Shrug It Off+1","Metallicize","True Grit+1","True Grit+1","Shrug It Off+1","Rage+1"],"special_seed":0,"relics":["Burning Blood","Blood Vial","Lantern","Gambling Chip","Gremlin Horn","Bottled Tornado","Velvet Choker","Oddly Smooth Stone","Ice Cream","Red Mask","Sozu","Pear","Magic Flower","Ginger","Toxic Egg 2","Ornamental Fan"],"potions_floor_usage":[24,27,29,31,33],"damage_taken":[{"damage":10.0,"enemies":"Jaw Worm","floor":1.0,"turns":6.0},{"damage":5.0,"enemies":"Small Slimes","floor":2.0,"turns":5.0},{"damage":6.0,"enemies":"Cultist","floor":3.0,"turns":4.0},{"damage":1.0,"enemies":"Exordium Wildlife","floor":4.0,"turns":3.0},{"damage":34.0,"enemies":"Gremlin Nob","floor":6.0,"turns":5.0},{"damage":58.0,"enemies":"Lagavulin","floor":8.0,"turns":7.0},{"damage":24.0,"enemies":"Gremlin Nob","floor":12.0,"turns":5.0},{"damage":0.0,"enemies":"2 Fungi Beasts","floor":14.0,"turns":2.0},{"damage":18.0,"enemies":"Slime Boss","floor":16.0,"turns":12.0},{"damage":16.0,"enemies":"Shell Parasite","floor":18.0,"turns":7.0},{"damage":20.0,"enemies":"2 Thieves","floor":19.0,"turns":2.0},{"damage":39.0,"enemies":"Centurion and Healer","floor":20.0,"turns":4.0},{"damage":14.0,"enemies":"Snake Plant","floor":21.0,"turns":5.0},{"damage":9.0,"enemies":"Cultist and Chosen","floor":22.0,"turns":5.0},{"damage":28,"enemies":"Book of Stabbing","floor":24,"turns":6},{"damage":6,"enemies":"Sentry and Sphere","floor":27,"turns":6},{"damage":6,"enemies":"Centurion and Healer","floor":28,"turns":5},{"damage":6,"enemies":"3 Cultists","floor":29,"turns":4},{"damage":17,"enemies":"Masked Bandits","floor":31,"turns":4},{"damage":26,"enemies":"Champ","floor":33,"turns":12},{"damage":4,"enemies":"3 Darklings","floor":35,"turns":4},{"damage":0,"enemies":"3 Shapes","floor":36,"turns":3},{"damage":42,"enemies":"2 Orb Walkers","floor":39,"turns":6},{"damage":6,"enemies":"Giant Head","floor":40,"turns":7},{"damage":0,"enemies":"Maw","floor":41,"turns":7},{"damage":3,"enemies":"Nemesis","floor":42,"turns":5},{"damage":8,"enemies":"Spire Growth","floor":46,"turns":5},{"damage":22,"enemies":"Jaw Worm Horde","floor":47,"turns":4},{"damage":0,"enemies":"Sphere and 2 Shapes","floor":48,"turns":4},{"damage":48,"enemies":"Awakened One","floor":50,"turns":12}],"seed_played":"2980726036890354811","potions_obtained":[{"floor":2.0,"key":"SpeedPotion"},{"floor":6.0,"key":"BloodPotion"},{"floor":12.0,"key":"Poison Potion"},{"floor":14.0,"key":"Ancient Potion"},{"floor":20.0,"key":"Fire Potion"},{"floor":21.0,"key":"Weak Potion"},{"floor":27,"key":"Energy Potion"},{"floor":28,"key":"Energy Potion"},{"floor":31,"key":"Swift Potion"}],"is_trial":false,"path_per_floor":["M","M","M","M","?","E","R","E","T","R","$","E","R","M","R","B",null,"M","M","M","M","M","R","E","?","T","M","M","M","?","?","R","B",null,"M","M","$","?","?","E","M","E","T","$","R","M","M","M","R","B",null],"character_chosen":"IRONCLAD","items_purchased":["Clothesline","Whirlwind","Pear","Warcry","Shrug It Off+1","Metallicize","True Grit+1"],"campfire_rested":4,"item_purchase_floors":[11,11,37,37,44,44,44],"current_hp_per_floor":[76,79,80,80,80,52,52,22,22,46,46,30,30,38,62,52,80,70,58,27,21,20,44,24,24,24,26,28,30,30,21,45,27,80,80,80,90,90,54,60,72,81,81,81,81,85,75,87,87,51],"gold":189,"neow_bonus":"RANDOM_COMMON_RELIC","is_prod":false,"is_daily":false,"chose_seed":false,"campfire_upgraded":4,"win_rate":0,"timestamp":1565571452,"path_taken":["M","M","M","M","?","E","R","E","T","R","$","E","R","M","R","BOSS","M","M","M","M","M","R","E","?","T","M","?","M","?","?","R","BOSS","M","M","$","?","?","E","M","E","T","$","R","M","M","M","R","BOSS"],"build_version":"2019-07-17","purchased_purges":3,"victory":true,"max_hp_per_floor":[80,80,80,80,80,80,80,80,80,80,80,80,80,80,80,80,80,80,80,80,80,80,80,80,80,80,80,80,80,80,80,80,80,80,80,80,90,90,90,90,90,90,90,90,90,90,90,90,90,90],"card_choices":[{"not_picked":["Rupture","Clothesline"],"picked":"Body Slam","floor":1.0},{"not_picked":["Clothesline","Rage"],"picked":"Thunderclap","floor":2.0},{"not_picked":["Blood for Blood","Flex"],"picked":"Cleave","floor":3.0},{"not_picked":["Blood for Blood","Headbutt"],"picked":"Cleave","floor":4.0},{"not_picked":["Flame Barrier","Cleave"],"picked":"Barricade","floor":6.0},{"not_picked":["Power Through","Evolve"],"picked":"Ghostly Armor","floor":8.0},{"not_picked":["Warcry","Twin Strike"],"picked":"Shrug It Off","floor":12.0},{"not_picked":["Power Through","Sword Boomerang"],"picked":"Sever Soul","floor":14.0},{"not_picked":["Barricade","Bludgeon"],"picked":"Juggernaut","floor":16.0},{"not_picked":["Iron Wave","Perfected Strike"],"picked":"Thunderclap","floor":18.0},{"not_picked":["Twin Strike","Perfected Strike"],"picked":"Shrug It Off","floor":19.0},{"not_picked":["Brutality","Bloodletting"],"picked":"Warcry+1","floor":20.0},{"not_picked":["Cleave","Warcry"],"picked":"Thunderclap+1","floor":21.0},{"not_picked":["Carnage","Sever Soul+1"],"picked":"Thunderclap+1","floor":22.0},{"not_picked":["True Grit","Heavy Blade"],"picked":"Offering","floor":24},{"not_picked":["Clash","Twin Strike","Heavy Blade"],"picked":"SKIP","floor":27},{"not_picked":["Wild Strike","Searing Blow","Thunderclap"],"picked":"SKIP","floor":28},{"not_picked":["Hemokinesis","Clash"],"picked":"Rupture","floor":29},{"not_picked":["Pommel Strike","Second Wind"],"picked":"Body Slam","floor":31},{"not_picked":["Offering","Barricade"],"picked":"Impervious","floor":33},{"not_picked":["Reckless Charge","Corruption+1"],"picked":"Power Through+1","floor":35},{"not_picked":["Sever Soul","Heavy Blade+1"],"picked":"Inflame","floor":36},{"not_picked":["Perfected Strike","Headbutt+1"],"picked":"Shrug It Off","floor":39},{"not_picked":["Flex","Inflame+1"],"picked":"Shockwave+1","floor":40},{"not_picked":["Sever Soul","Perfected Strike+1","Clash+1"],"picked":"SKIP","floor":41},{"not_picked":["Dropkick","Pommel Strike"],"picked":"True Grit+1","floor":42},{"not_picked":["Flex+1","Reckless Charge+1"],"picked":"True Grit+1","floor":46},{"not_picked":["Intimidate+1","Perfected Strike+1"],"picked":"Shrug It Off+1","floor":47},{"not_picked":["Reckless Charge+1","Combust+1"],"picked":"Rage+1","floor":48}],"player_experience":123847,"relics_obtained":[{"floor":6.0,"key":"Lantern"},{"floor":8.0,"key":"Gambling Chip"},{"floor":9.0,"key":"Gremlin Horn"},{"floor":12.0,"key":"Bottled Tornado"},{"floor":24,"key":"Oddly Smooth Stone"},{"floor":26,"key":"Ice Cream"},{"floor":31,"key":"Red Mask"},{"floor":39,"key":"Magic Flower"},{"floor":40,"key":"Ginger"},{"floor":42,"key":"Toxic Egg 2"},{"floor":43,"key":"Ornamental Fan"}],"event_choices":[{"damage_healed":0.0,"max_hp_gain":0.0,"max_hp_loss":0.0,"gold_gain":0.0,"cards_transformed":["Strike_R"],"event_name":"Living Wall","player_choice":"Change","floor":5.0,"gold_loss":0.0,"damage_taken":0.0,"cards_obtained":["Searing Blow"]},{"damage_healed":0,"gold_gain":0,"player_choice":"1 cards matched","damage_taken":0,"max_hp_gain":0,"max_hp_loss":0,"event_name":"Match and Keep!","floor":25,"gold_loss":0,"cards_obtained":["Juggernaut"]},{"cards_removed":["Strike_R"],"damage_healed":0,"gold_gain":0,"player_choice":"Gave Gold","damage_taken":0,"max_hp_gain":0,"max_hp_loss":0,"event_name":"Beggar","floor":30,"gold_loss":75},{"damage_healed":0,"gold_gain":0,"player_choice":"Fought Bandits","damage_taken":0,"max_hp_gain":0,"max_hp_loss":0,"event_name":"Masked Bandits","floor":31,"gold_loss":0},{"damage_healed":0,"gold_gain":222,"player_choice":"Wore Mask","damage_taken":0,"max_hp_gain":0,"max_hp_loss":0,"event_name":"Tomb of Lord Red Mask","floor":38,"gold_loss":0},{"damage_healed":0,"gold_gain":0,"player_choice":"Fight","damage_taken":0,"max_hp_gain":0,"max_hp_loss":0,"event_name":"Mysterious Sphere","floor":39,"gold_loss":0}],"is_beta":false,"boss_relics":[{"not_picked":["Runic Dome","Snecko Eye"],"picked":"Velvet Choker"},{"not_picked":["Runic Pyramid","Eternal Feather"],"picked":"Sozu"}],"items_purged_floors":[11,37,44],"is_endless":false,"potions_floor_spawned":[2,6,12,14,20,21,27,28,31,35,42,46,47],"ascension_level":1}