{"gold_per_floor":[116,116,116,41,41,66,66,86,86,114,129,144,144,164,164,267,267,280,95,120,120,40,40,51,51,124,157,157],"floor_reached":28,"playtime":910,"items_purged":["Strike_B","Strike_B"],"score":353,"play_id":"00d0e351-93c6-498b-8211-896b415ba4f7","local_time":"20190701093907","is_ascension_mode":true,"campfire_choices":[{"data":"Defend_B","floor":7,"key":"SMITH"},{"data":"Dualcast","floor":13,"key":"SMITH"},{"data":"Conserve Battery","floor":15,"key":"SMITH"},{"data":"Creative AI","floor":23,"key":"SMITH"},{"data":"Capacitor","floor":25,"key":"SMITH"}],"neow_cost":"NONE","seed_source_timestamp":5187022645039,"circlet_count":0,"master_deck":["Strike_B+1","Defend_B+1","Defend_B+1","Dualcast+1","Sunder+1","BootSequence+1","Doom and Gloom","Conserve Battery+1","Ball Lightning","Melter","Ball Lightning","Creative AI+1","Defragment+1","Good Instincts","Capacitor+1","Capacitor","Go for the Eyes"],"relics":["Astrolabe","Regal Pillow","Anchor","Vajra","Philosopher\u0027s Stone","Red Mask","Toxic Egg 2"],"potions_floor_usage":[20,27,27,28],"damage_taken":[{"damage":0,"enemies":"2 Louse","floor":1,"turns":2},{"damage":18,"enemies":"Gremlin Nob","floor":6,"turns":4},{"damage":0,"enemies":"Jaw Worm","floor":8,"turns":2},{"damage":11,"enemies":"Lagavulin","floor":10,"turns":5},{"damage":0,"enemies":"Small Slimes","floor":11,"turns":2},{"damage":1,"enemies":"Exordium Thugs","floor":12,"turns":3},{"damage":0,"enemies":"Large Slime","floor":14,"turns":4},{"damage":0,"enemies":"Slime Boss","floor":16,"turns":6},{"damage":0,"enemies":"Spheric Guardian","floor":18,"turns":2},{"damage":25,"enemies":"Masked Bandits","floor":20,"turns":4},{"damage":0,"enemies":"Shell Parasite","floor":24,"turns":3},{"damage":32,"enemies":"Book of Stabbing","floor":27,"turns":4},{"damage":35,"enemies":"Snake Plant","floor":28,"turns":3}],"seed_played":"8342876155154480490","potions_obtained":[{"floor":1,"key":"Fruit Juice"},{"floor":8,"key":"FocusPotion"},{"floor":11,"key":"EssenceOfSteel"},{"floor":20,"key":"Regen Potion"},{"floor":27,"key":"SpeedPotion"}],"is_trial":false,"path_per_floor":["M","?","?","$","?","E","R","M","T","E","M","M","R","M","R","B",null,"M","$","?","?","$","R","M","R","T","E","M"],"character_chosen":"DEFECT","items_purchased":["Good Instincts","Capacitor"],"campfire_rested":0,"item_purchase_floors":[19,22],"current_hp_per_floor":[75,60,65,65,65,47,47,47,47,36,36,35,35,35,35,35,80,80,80,60,60,60,60,60,60,60,28,0],"gold":157,"neow_bonus":"BOSS_RELIC","is_prod":false,"is_daily":false,"chose_seed":false,"campfire_upgraded":5,"win_rate":0,"timestamp":1561941547,"path_taken":["M","?","?","$","?","E","R","M","T","E","?","M","R","M","R","BOSS","M","$","?","?","$","R","M","R","T","E","M"],"build_version":"2019-01-23","purchased_purges":2,"victory":false,"max_hp_per_floor":[75,75,80,80,80,80,80,80,80,80,80,80,80,80,80,80,80,80,80,85,85,85,85,85,85,85,85,85],"card_choices":[{"not_picked":["Fusion","Turbo","Streamline"],"picked":"SKIP","floor":1},{"not_picked":["Reinforced Body","BootSequence"],"picked":"Doom and Gloom","floor":6},{"not_picked":["Tempest","Barrage","Sweeping Beam"],"picked":"SKIP","floor":8},{"not_picked":["Steam","Hologram"],"picked":"Conserve Battery","floor":10},{"not_picked":["Cold Snap","Stack"],"picked":"Ball Lightning","floor":11},{"not_picked":["Core Surge","Hologram"],"picked":"Melter","floor":12},{"not_picked":["Sweeping Beam","Barrage"],"picked":"Ball Lightning","floor":14},{"not_picked":["All For One","Machine Learning"],"picked":"Creative AI","floor":16},{"not_picked":["Ball Lightning","Barrage"],"picked":"Defragment+1","floor":18},{"not_picked":["Redo+1","Go for the Eyes"],"picked":"Capacitor","floor":24},{"not_picked":["FTL","Creative AI"],"picked":"Go for the Eyes","floor":27}],"player_experience":101589,"relics_obtained":[{"floor":6,"key":"Regal Pillow"},{"floor":9,"key":"Anchor"},{"floor":10,"key":"Vajra"},{"floor":20,"key":"Red Mask"},{"floor":27,"key":"Toxic Egg 2"}],"event_choices":[{"damage_healed":0,"gold_gain":0,"player_choice":"Entered Light","damage_taken":15,"max_hp_gain":0,"max_hp_loss":0,"event_name":"Shining Light","floor":2,"gold_loss":0,"cards_upgraded":["Defend_B","Strike_B"]},{"damage_healed":0,"gold_gain":0,"player_choice":"Donut","damage_taken":0,"max_hp_gain":5,"max_hp_loss":0,"event_name":"Big Fish","floor":3,"gold_loss":0},{"cards_removed":["Defend_B"],"damage_healed":0,"gold_gain":0,"player_choice":"Purged","damage_taken":0,"max_hp_gain":0,"max_hp_loss":0,"event_name":"Purifier","floor":5,"gold_loss":0},{"damage_healed":0,"gold_gain":0,"player_choice":"Fought Bandits","damage_taken":0,"max_hp_gain":0,"max_hp_loss":0,"event_name":"Masked Bandits","floor":20,"gold_loss":0},{"cards_removed":["Rebound"],"damage_healed":0,"gold_gain":0,"player_choice":"Elegance","damage_taken":0,"max_hp_gain":0,"max_hp_loss":0,"event_name":"Back to Basics","floor":21,"gold_loss":0}],"is_beta":false,"boss_relics":[{"not_picked":["Ectoplasm","Pandora\u0027s Box"],"picked":"Philosopher\u0027s Stone"}],"items_purged_floors":[4,19],"is_endless":false,"potions_floor_spawned":[1,8,11,20,27],"killed_by":"Snake Plant","ascension_level":4}