{"gold_per_floor":[110,129,204,216,216,250,250,279,336,55,89,100,100,111,111,111],"floor_reached":16,"playtime":378,"items_purged":["Regret"],"score":240,"play_id":"7c83cce0-3bbe-47fa-a3a3-35674b3be97e","local_time":"20190628012525","is_ascension_mode":true,"campfire_choices":[{"floor":7,"key":"REST"},{"data":"Beam Cell","floor":15,"key":"SMITH"}],"neow_cost":"NONE","seed_source_timestamp":91276853572,"circlet_count":0,"master_deck":["AscendersBane","Strike_B","Strike_B","Strike_B","Strike_B","Defend_B","Defend_B","Defend_B","Defend_B","Zap","Dualcast","Sunder+1","Beam Cell+1","Sweeping Beam","Reinforced Body","Defragment","All For One","Biased Cognition","Sweeping Beam","Gash"],"relics":["Cursed Key","Blood Vial","Bag of Preparation","Matryoshka","Tiny Chest","Orichalcum","StoneCalendar"],"potions_floor_usage":[8,11,16],"damage_taken":[{"damage":0,"enemies":"2 Louse","floor":1,"turns":3},{"damage":4,"enemies":"Jaw Worm","floor":2,"turns":3},{"damage":9,"enemies":"Small Slimes","floor":4,"turns":3},{"damage":15,"enemies":"Lagavulin","floor":6,"turns":6},{"damage":8,"enemies":"Gremlin Nob","floor":8,"turns":3},{"damage":10,"enemies":"Lagavulin","floor":11,"turns":5},{"damage":11,"enemies":"Exordium Thugs","floor":12,"turns":3},{"damage":7,"enemies":"Blue Slaver","floor":14,"turns":2},{"damage":23,"enemies":"Slime Boss","floor":16,"turns":5}],"seed_played":"861980813081433651","potions_obtained":[{"floor":2,"key":"Explosive Potion"},{"floor":6,"key":"Strength Potion"},{"floor":8,"key":"FairyPotion"},{"floor":14,"key":"Poison Potion"}],"is_trial":false,"path_per_floor":["M","M","?","M","?","E","R","E","T","$","E","M","?","M","R","B"],"character_chosen":"DEFECT","items_purchased":["Defragment","All For One"],"campfire_rested":1,"item_purchase_floors":[10,10],"current_hp_per_floor":[64,60,49,40,29,16,37,31,31,31,23,14,14,9,9,0],"gold":111,"neow_bonus":"BOSS_RELIC","is_prod":false,"is_daily":false,"chose_seed":false,"campfire_upgraded":1,"win_rate":0,"timestamp":1561677925,"path_taken":["M","M","?","M","?","E","R","E","T","$","E","M","?","M","R","BOSS"],"build_version":"2019-06-24","purchased_purges":1,"victory":false,"max_hp_per_floor":[71,71,71,71,71,71,71,71,71,71,71,71,71,71,71,71],"card_choices":[{"not_picked":["Barrage","Recycle","Steam"],"picked":"SKIP","floor":1},{"not_picked":["Steam","Lockon"],"picked":"Sunder","floor":2},{"not_picked":["Turbo","Aggregate"],"picked":"Beam Cell","floor":4},{"not_picked":["White Noise","Lockon"],"picked":"Sweeping Beam","floor":6},{"not_picked":["Gash","Go for the Eyes"],"picked":"Reinforced Body","floor":8},{"not_picked":["Turbo","Go for the Eyes"],"picked":"Biased Cognition","floor":11},{"not_picked":["Compile Driver","Hello World"],"picked":"Sweeping Beam","floor":12},{"not_picked":["Reprogram","Compile Driver"],"picked":"Gash","floor":14}],"player_experience":1778336,"relics_obtained":[{"floor":6,"key":"Bag of Preparation"},{"floor":8,"key":"Matryoshka"},{"floor":9,"key":"Tiny Chest"},{"floor":9,"key":"Orichalcum"},{"floor":11,"key":"StoneCalendar"}],"event_choices":[{"damage_healed":0,"gold_gain":75,"player_choice":"Gather Gold","damage_taken":11,"max_hp_gain":0,"max_hp_loss":0,"event_name":"World of Goop","floor":3,"gold_loss":0},{"damage_healed":0,"gold_gain":0,"player_choice":"Success","damage_taken":11,"relics_obtained":["Blood Vial"],"max_hp_gain":0,"max_hp_loss":0,"event_name":"Scrap Ooze","floor":5,"gold_loss":0},{"damage_healed":0,"gold_gain":0,"player_choice":"Upgraded","damage_taken":0,"max_hp_gain":0,"max_hp_loss":0,"event_name":"Upgrade Shrine","floor":13,"gold_loss":0,"cards_upgraded":["Sunder"]}],"is_beta":true,"boss_relics":[],"items_purged_floors":[10],"is_endless":false,"potions_floor_spawned":[2,6,8,14],"killed_by":"Slime Boss","ascension_level":20}