{"gold_per_floor":[109,8,8,108,122,153,153,179,256,268,168,184,184,184,184,184],"floor_reached":16,"playtime":621,"items_purged":["Strike_B","Strike_B"],"score":151,"play_id":"14ec5eec-37b4-4550-a34d-43b0da009dcb","local_time":"20190731151358","is_ascension_mode":true,"campfire_choices":[{"floor":7,"key":"REST"},{"data":"Zap","floor":15,"key":"SMITH"}],"neow_cost":"PERCENT_DAMAGE","seed_source_timestamp":128820888391515,"circlet_count":0,"master_deck":["Strike_B+1","Strike_B","Defend_B+1","Defend_B","Zap+1","Dualcast","Loop","Go for the Eyes","FTL","Conserve Battery"],"relics":["Cracked Core","Ancient Tea Set","Pantograph","The Courier"],"potions_floor_usage":[6,10,12,16],"damage_taken":[{"damage":2,"enemies":"Small Slimes","floor":1,"turns":3},{"damage":0,"enemies":"Cultist","floor":5,"turns":3},{"damage":26,"enemies":"Gremlin Nob","floor":6,"turns":4},{"damage":22,"enemies":"Lagavulin","floor":8,"turns":7},{"damage":0,"enemies":"Jaw Worm","floor":10,"turns":2},{"damage":1,"enemies":"3 Louse","floor":12,"turns":2},{"damage":31,"enemies":"Slime Boss","floor":16,"turns":6}],"seed_played":"7145985103096247554","potions_obtained":[{"floor":1,"key":"Weak Potion"},{"floor":6,"key":"Fire Potion"},{"floor":8,"key":"SpeedPotion"},{"floor":12,"key":"Poison Potion"}],"is_trial":false,"path_per_floor":["M","$","?","?","M","E","R","E","T","M","$","M","T","?","R","B"],"character_chosen":"DEFECT","items_purchased":["Go for the Eyes"],"campfire_rested":1,"item_purchase_floors":[2],"current_hp_per_floor":[48,48,33,33,33,7,29,7,7,7,7,6,6,6,6,0],"gold":184,"neow_bonus":"REMOVE_TWO","is_prod":false,"is_daily":false,"chose_seed":false,"campfire_upgraded":1,"win_rate":0,"timestamp":1564553638,"path_taken":["M","$","?","?","?","E","R","E","T","M","$","M","?","?","R","BOSS"],"build_version":"2019-07-17","purchased_purges":2,"victory":false,"max_hp_per_floor":[75,75,75,75,75,75,75,75,75,75,75,75,75,75,75,75],"card_choices":[{"not_picked":["Sweeping Beam","Conserve Battery"],"picked":"Loop","floor":1},{"not_picked":["Genetic Algorithm","Blizzard"],"picked":"FTL","floor":5},{"not_picked":["Sweeping Beam","Lockon","Heatsinks"],"picked":"SKIP","floor":6},{"not_picked":["Streamline","Static Discharge","Turbo"],"picked":"SKIP","floor":8},{"not_picked":["Coolheaded","Auto Shields"],"picked":"Conserve Battery","floor":10},{"not_picked":["Undo","Compile Driver","Rebound"],"picked":"SKIP","floor":12}],"player_experience":167697,"relics_obtained":[{"floor":6,"key":"Ancient Tea Set"},{"floor":8,"key":"Pantograph"},{"floor":13,"key":"The Courier"}],"event_choices":[{"damage_healed":0,"gold_gain":0,"player_choice":"Entered Light","damage_taken":15,"max_hp_gain":0,"max_hp_loss":0,"event_name":"Shining Light","floor":3,"gold_loss":0,"cards_upgraded":["Strike_B","Defend_B"]},{"damage_healed":0,"gold_gain":100,"player_choice":"Pray","damage_taken":0,"max_hp_gain":0,"max_hp_loss":0,"event_name":"Golden Shrine","floor":4,"gold_loss":0},{"damage_healed":0,"gold_gain":0,"player_choice":"Searched \u00270\u0027 times","damage_taken":0,"max_hp_gain":0,"max_hp_loss":0,"event_name":"Dead Adventurer","floor":14,"gold_loss":0}],"is_beta":false,"boss_relics":[],"items_purged_floors":[2,11],"is_endless":false,"potions_floor_spawned":[1,6,8,12],"killed_by":"Slime Boss","ascension_level":8}