{"gold_per_floor":[117,117,131,131,149,181,181,209,263,263,278,289,319,334,334,429,429,448,448,448,465,465,465,483,497,497,497,422,437,448,32,32,130,130,140,154,12,67,67,67,86,6,51,0,29,29,29],"floor_reached":47,"playtime":2729,"items_purged":["Strike_R+1","Strike_R+1"],"score":625,"play_id":"5ed13a94-5203-4ef3-beea-1ea723f419ec","local_time":"20190315165329","is_ascension_mode":true,"campfire_choices":[{"floor":7,"key":"REST"},{"floor":10,"key":"REST"},{"floor":15,"key":"REST"},{"floor":23,"key":"REST"},{"floor":27,"key":"REST"},{"floor":32,"key":"REST"},{"floor":40,"key":"REST"}],"neow_cost":"NONE","seed_source_timestamp":239251020827624,"circlet_count":0,"master_deck":["Strike_R+1","Strike_R+1","Defend_R+1","Defend_R+1","Defend_R+1","Defend_R+1","Bash","Dropkick","Whirlwind","Pommel Strike","Metallicize","Demon Form","Hemokinesis","Sword Boomerang","Feed","Sword Boomerang+1","Armaments+1","Clothesline","Feed","Cleave","Violence","Rampage+1","Writhe","Parasite"],"relics":["Burning Blood","Whetstone","The Courier","Bronze Scales","Potion Belt","Bag of Preparation","Velvet Choker","Nilry\u0027s Codex","Paper Frog","Frozen Eye","Shuriken","Busted Crown","Calipers","Orichalcum","Red Mask","Girya"],"potions_floor_usage":[14,33,38,45,45,45],"damage_taken":[{"damage":0,"enemies":"Small Slimes","floor":1,"turns":2},{"damage":1,"enemies":"2 Louse","floor":3,"turns":3},{"damage":6,"enemies":"Cultist","floor":5,"turns":3},{"damage":48,"enemies":"Gremlin Nob","floor":6,"turns":5},{"damage":40,"enemies":"Lagavulin","floor":8,"turns":5},{"damage":7,"enemies":"Gremlin Gang","floor":11,"turns":3},{"damage":1,"enemies":"Large Slime","floor":12,"turns":6},{"damage":40,"enemies":"Gremlin Nob","floor":13,"turns":5},{"damage":15,"enemies":"Looter","floor":14,"turns":3},{"damage":33,"enemies":"Slime Boss","floor":16,"turns":7},{"damage":33,"enemies":"2 Thieves","floor":18,"turns":5},{"damage":28,"enemies":"Spheric Guardian","floor":21,"turns":3},{"damage":25,"enemies":"Snake Plant","floor":24,"turns":6},{"damage":10,"enemies":"Snecko","floor":25,"turns":3},{"damage":32,"enemies":"Centurion and Healer","floor":29,"turns":9},{"damage":5,"enemies":"Snake Plant","floor":30,"turns":4},{"damage":53,"enemies":"Champ","floor":33,"turns":7},{"damage":20,"enemies":"Orb Walker","floor":35,"turns":4},{"damage":23,"enemies":"3 Darklings","floor":36,"turns":4},{"damage":46,"enemies":"2 Orb Walkers","floor":38,"turns":4},{"damage":76,"enemies":"Writhing Mass","floor":41,"turns":6},{"damage":1,"enemies":"Giant Head","floor":45,"turns":5},{"damage":23,"enemies":"Spire Growth","floor":47,"turns":4}],"seed_played":"6388466053846762672","potions_obtained":[{"floor":1,"key":"FairyPotion"},{"floor":3,"key":"Ancient Potion"},{"floor":5,"key":"Ancient Potion"},{"floor":12,"key":"Ancient Potion"},{"floor":13,"key":"EssenceOfSteel"},{"floor":29,"key":"SkillPotion"},{"floor":30,"key":"Strength Potion"},{"floor":36,"key":"Fire Potion"},{"floor":38,"key":"Energy Potion"},{"floor":41,"key":"Poison Potion"}],"is_trial":false,"path_per_floor":["M","?","M","?","M","E","R","E","T","R","M","M","E","M","R","B",null,"M","?","?","M","?","R","M","M","T","R","?","M","M","$","R","B",null,"M","M","$","?","?","R","M","$","T","?","E","$","M"],"character_chosen":"IRONCLAD","items_purchased":["Frozen Eye","Shuriken","Violence"],"campfire_rested":7,"item_purchase_floors":[31,31,37],"current_hp_per_floor":[80,73,78,80,80,38,62,28,28,52,51,56,22,13,37,10,80,56,40,40,18,18,42,26,22,22,47,47,24,28,28,55,8,92,78,61,61,21,44,71,15,15,15,15,23,23,0],"gold":29,"neow_bonus":"RANDOM_COMMON_RELIC","is_prod":false,"is_daily":false,"chose_seed":false,"campfire_upgraded":0,"win_rate":0,"timestamp":1552694009,"path_taken":["M","?","M","?","M","E","R","E","T","R","?","?","E","M","R","BOSS","M","?","?","M","?","R","M","M","T","R","?","?","M","$","R","BOSS","M","M","$","?","?","R","M","$","T","?","E","$","?"],"build_version":"2019-01-23","purchased_purges":2,"victory":false,"max_hp_per_floor":[80,80,80,80,80,80,80,80,80,80,80,80,80,80,80,80,80,83,83,83,83,83,83,86,86,86,86,86,89,92,92,92,92,92,92,92,92,92,92,92,92,92,92,92,95,95,95],"card_choices":[{"not_picked":["Fire Breathing","Inflame"],"picked":"Dropkick","floor":1},{"not_picked":["Iron Wave","Evolve"],"picked":"Combust","floor":3},{"not_picked":["Warcry","Heavy Blade"],"picked":"Whirlwind","floor":5},{"not_picked":["Heavy Blade","Cleave"],"picked":"Pommel Strike","floor":6},{"not_picked":["Exhume","True Grit"],"picked":"Metallicize","floor":8},{"not_picked":["Pommel Strike","Perfected Strike"],"picked":"Rupture","floor":11},{"not_picked":["Armaments","True Grit"],"picked":"Demon Form","floor":12},{"not_picked":["Body Slam","Berserk"],"picked":"Hemokinesis","floor":13},{"not_picked":["Carnage","Clothesline"],"picked":"Sword Boomerang","floor":14},{"not_picked":["Demon Form","Dark Embrace"],"picked":"Feed","floor":16},{"not_picked":["Anger","Flame Barrier"],"picked":"Sword Boomerang+1","floor":18},{"not_picked":["Cleave","Perfected Strike"],"picked":"Armaments+1","floor":21},{"not_picked":["Anger+1","Pummel","Cleave"],"picked":"SKIP","floor":24},{"not_picked":["Wild Strike","Blood for Blood+1","Intimidate"],"picked":"SKIP","floor":25},{"not_picked":["Uppercut","Inflame"],"picked":"Clothesline","floor":29},{"not_picked":["Pommel Strike","Twin Strike","Wild Strike"],"picked":"SKIP","floor":30},{"not_picked":["Impervious","Bludgeon"],"picked":"Feed","floor":33},{"not_picked":["Reckless Charge"],"picked":"SKIP","floor":35},{"not_picked":[],"picked":"Cleave","floor":36},{"not_picked":[],"picked":"Rampage+1","floor":38},{"not_picked":["Body Slam"],"picked":"SKIP","floor":41},{"not_picked":["Sever Soul"],"picked":"SKIP","floor":45}],"player_experience":151453,"relics_obtained":[{"floor":6,"key":"The Courier"},{"floor":8,"key":"Bronze Scales"},{"floor":9,"key":"Potion Belt"},{"floor":13,"key":"Bag of Preparation"},{"floor":19,"key":"Nilry\u0027s Codex"},{"floor":26,"key":"Paper Frog"},{"floor":38,"key":"Calipers"},{"floor":43,"key":"Orichalcum"},{"floor":45,"key":"Girya"}],"event_choices":[{"cards_removed":["Strike_R"],"damage_healed":0,"gold_gain":0,"player_choice":"Card Removal","damage_taken":7,"max_hp_gain":0,"max_hp_loss":0,"event_name":"Golden Wing","floor":2,"gold_loss":0},{"cards_removed":["Combust"],"damage_healed":2,"gold_gain":0,"player_choice":"Offered Uncommon","damage_taken":0,"max_hp_gain":0,"max_hp_loss":0,"event_name":"Bonfire Elementals","floor":4,"gold_loss":0},{"damage_healed":0,"gold_gain":0,"player_choice":"Obtained Book","damage_taken":16,"max_hp_gain":0,"max_hp_loss":0,"event_name":"Cursed Tome","floor":19,"gold_loss":0},{"damage_healed":0,"gold_gain":0,"player_choice":"Simplicity","damage_taken":0,"max_hp_gain":0,"max_hp_loss":0,"event_name":"Back to Basics","floor":20,"gold_loss":0,"cards_upgraded":["Strike_R","Strike_R","Defend_R","Defend_R","Defend_R","Defend_R"]},{"damage_healed":0,"gold_gain":0,"player_choice":"Ignored","damage_taken":0,"max_hp_gain":0,"max_hp_loss":0,"event_name":"Ghosts","floor":22,"gold_loss":0},{"cards_removed":["Rupture"],"damage_healed":0,"gold_gain":0,"player_choice":"Gave Gold","damage_taken":0,"max_hp_gain":0,"max_hp_loss":0,"event_name":"Beggar","floor":28,"gold_loss":75},{"damage_healed":0,"gold_gain":0,"player_choice":"Fight","damage_taken":0,"max_hp_gain":0,"max_hp_loss":0,"event_name":"Mysterious Sphere","floor":38,"gold_loss":0},{"damage_healed":23,"gold_gain":0,"player_choice":"Writhe","damage_taken":0,"max_hp_gain":0,"max_hp_loss":0,"event_name":"Winding Halls","floor":39,"gold_loss":0,"cards_obtained":["Writhe"]},{"damage_healed":0,"gold_gain":0,"player_choice":"Paid","damage_taken":0,"relics_obtained":["Red Mask"],"max_hp_gain":0,"max_hp_loss":0,"event_name":"Tomb of Lord Red Mask","floor":44,"gold_loss":51}],"is_beta":false,"boss_relics":[{"not_picked":["Ectoplasm","Calling Bell"],"picked":"Velvet Choker"},{"not_picked":["Eternal Feather","Black Blood"],"picked":"Busted Crown"}],"items_purged_floors":[31,42],"is_endless":false,"potions_floor_spawned":[1,3,5,12,13,29,30,36,38,41],"killed_by":"Spire Growth","ascension_level":4}