{"gold_per_floor":[216,235,245,245,260,260,295,7,7,40,40,65,78,112,112,190,190,205,120,139,156,171,171,171,171,197,222,240,240],"floor_reached":29,"playtime":985,"items_purged":[],"score":600,"play_id":"cd8c6b7e-84c7-45c3-8a42-21f0b3a9fcbc","local_time":"20190622192709","is_ascension_mode":true,"campfire_choices":[{"data":"Doom and Gloom","floor":6,"key":"SMITH"},{"data":"Rainbow","floor":15,"key":"SMITH"},{"data":"Biased Cognition","floor":23,"key":"SMITH"},{"data":"Dualcast","floor":25,"key":"SMITH"}],"neow_cost":"NONE","seed_source_timestamp":20148729750972,"circlet_count":0,"master_deck":["AscendersBane","Strike_B","Strike_B","Strike_B","Strike_B","Defend_B","Defend_B","Defend_B","Defend_B","Zap+1","Dualcast+1","Doom and Gloom+1","Undo","Rebound","Echo Form","Genetic Algorithm","Rainbow+1","Lockon","Biased Cognition+1","Self Repair","Reinforced Body","Coolheaded+1","Genetic Algorithm"],"relics":["Cracked Core","Du-Vu Doll","Pear","Runic Capacitor","Pocketwatch","Meat on the Bone","Nunchaku","Blood Vial","Sozu","Ancient Tea Set","Oddly Smooth Stone","Dream Catcher"],"potions_floor_usage":[7,10,14,16],"damage_taken":[{"damage":4,"enemies":"Small Slimes","floor":1,"turns":4},{"damage":6,"enemies":"2 Louse","floor":2,"turns":3},{"damage":2,"enemies":"Jaw Worm","floor":3,"turns":3},{"damage":1,"enemies":"2 Fungi Beasts","floor":5,"turns":2},{"damage":8,"enemies":"Gremlin Nob","floor":7,"turns":3},{"damage":10,"enemies":"3 Sentries","floor":10,"turns":5},{"damage":0,"enemies":"Lagavulin","floor":12,"turns":6},{"damage":22,"enemies":"Exordium Wildlife","floor":13,"turns":7},{"damage":15,"enemies":"3 Sentries","floor":14,"turns":6},{"damage":10,"enemies":"The Guardian","floor":16,"turns":8},{"damage":9,"enemies":"3 Byrds","floor":18,"turns":4},{"damage":19,"enemies":"Shell Parasite","floor":20,"turns":5},{"damage":24,"enemies":"Shelled Parasite and Fungi","floor":21,"turns":5},{"damage":12,"enemies":"Snake Plant","floor":22,"turns":6},{"damage":20,"enemies":"Gremlin Leader","floor":27,"turns":7},{"damage":11,"enemies":"Snecko","floor":28,"turns":6},{"damage":60,"enemies":"Slavers","floor":29,"turns":4}],"seed_played":"9134042055501462977","potions_obtained":[{"floor":5,"key":"Poison Potion"},{"floor":10,"key":"Fire Potion"},{"floor":13,"key":"FearPotion"}],"is_trial":false,"path_per_floor":["M","M","M","?","M","R","E","$","T","E","?","E","M","E","R","B",null,"M","?","M","M","M","R","?","R","T","E","M","E"],"character_chosen":"DEFECT","items_purchased":["Runic Capacitor","SteroidPotion"],"campfire_rested":0,"item_purchase_floors":[8,8],"current_hp_per_floor":[60,54,52,41,40,40,42,42,42,32,32,44,34,31,31,35,70,63,63,46,43,52,52,52,52,52,53,58,0],"gold":240,"neow_bonus":"HUNDRED_GOLD","is_prod":false,"is_daily":false,"chose_seed":false,"campfire_upgraded":4,"win_rate":0,"timestamp":1561224429,"path_taken":["M","M","M","?","M","R","E","$","T","E","?","E","M","E","R","BOSS","M","?","M","M","M","R","?","R","T","E","M","E"],"build_version":"2019-06-21","purchased_purges":0,"victory":false,"max_hp_per_floor":[71,71,71,71,71,71,81,81,81,81,81,81,81,81,81,81,81,81,81,81,81,81,81,81,81,81,81,81,81],"card_choices":[{"not_picked":["Leap","Coolheaded","White Noise"],"picked":"SKIP","floor":1},{"not_picked":["Barrage","Recycle"],"picked":"Doom and Gloom","floor":2},{"not_picked":["Heatsinks","Coolheaded"],"picked":"Undo","floor":3},{"not_picked":["Hello World","Coolheaded"],"picked":"Rebound","floor":5},{"not_picked":["Sweeping Beam","Beam Cell"],"picked":"Echo Form","floor":7},{"not_picked":["Stack","White Noise"],"picked":"Genetic Algorithm","floor":10},{"not_picked":["Compile Driver","Hologram"],"picked":"Rainbow","floor":12},{"not_picked":["Streamline","White Noise","Leap"],"picked":"SKIP","floor":13},{"not_picked":["Ball Lightning","Scrape"],"picked":"Lockon","floor":14},{"not_picked":["Rainbow","Seek"],"picked":"Biased Cognition","floor":16},{"not_picked":["Hologram","Storm"],"picked":"Self Repair","floor":18},{"not_picked":["Gash","Leap","Steam"],"picked":"SKIP","floor":20},{"not_picked":["Cold Snap+1","Self Repair"],"picked":"Reinforced Body","floor":21},{"not_picked":["Redo","Thunder Strike","Beam Cell"],"picked":"SKIP","floor":22},{"not_picked":["Leap","Sweeping Beam"],"picked":"Coolheaded+1","floor":27},{"not_picked":["Hello World","Leap"],"picked":"Genetic Algorithm","floor":28}],"player_experience":1760176,"relics_obtained":[{"floor":7,"key":"Pear"},{"floor":9,"key":"Pocketwatch"},{"floor":10,"key":"Meat on the Bone"},{"floor":12,"key":"Nunchaku"},{"floor":14,"key":"Blood Vial"},{"floor":26,"key":"Oddly Smooth Stone"},{"floor":27,"key":"Dream Catcher"}],"event_choices":[{"damage_healed":0,"gold_gain":0,"player_choice":"Success","damage_taken":11,"relics_obtained":["Du-Vu Doll"],"max_hp_gain":0,"max_hp_loss":0,"event_name":"Scrap Ooze","floor":4,"gold_loss":0},{"damage_healed":0,"gold_gain":0,"player_choice":"Grow","damage_taken":0,"max_hp_gain":0,"max_hp_loss":0,"event_name":"Living Wall","floor":11,"gold_loss":0,"cards_upgraded":["Zap"]},{"damage_healed":0,"gold_gain":0,"player_choice":"Obtained Relic","damage_taken":0,"relics_obtained":["Ancient Tea Set"],"max_hp_gain":0,"max_hp_loss":0,"event_name":"Addict","floor":19,"gold_loss":85},{"damage_healed":0,"gold_gain":0,"player_choice":"Ignored","damage_taken":0,"max_hp_gain":0,"max_hp_loss":0,"event_name":"The Mausoleum","floor":24,"gold_loss":0}],"is_beta":true,"boss_relics":[{"not_picked":["Empty Cage","Philosopher\u0027s Stone"],"picked":"Sozu"}],"items_purged_floors":[],"is_endless":false,"potions_floor_spawned":[5,10,13,21],"killed_by":"Slavers","ascension_level":20}