{"gold_per_floor":[112,112,127,127,127,127,147,176,203,214,228,228,243,308,308,383,383,403,419,419,3,13,13,40,60,60,60,60],"floor_reached":28,"playtime":985,"items_purged":["Strike_B"],"score":500,"play_id":"755c4731-60e5-4402-8e34-5a23f122e43e","local_time":"20190620211328","is_ascension_mode":true,"campfire_choices":[{"data":"Compile Driver","floor":6.0,"key":"SMITH"},{"data":"Sunder","floor":15.0,"key":"SMITH"},{"floor":23.0,"key":"REST"},{"floor":27.0,"key":"REST"}],"neow_cost":"NONE","seed_source_timestamp":2456012760203,"circlet_count":0,"master_deck":["AscendersBane","Strike_B","Strike_B","Strike_B","Defend_B","Defend_B","Defend_B","Defend_B","Zap+1","Dualcast","Chill+1","Compile Driver+1","Ball Lightning","Leap","Sunder+1","Chaos+1","Undo","Glacier","Multi-Cast","Genetic Algorithm","Self Repair","Genetic Algorithm","Sweeping Beam+1"],"special_seed":0,"relics":["Cracked Core","NeowsBlessing","Vajra","Bag of Marbles","Tiny Chest","Runic Pyramid","CultistMask","Question Card","Cables","Peace Pipe"],"potions_floor_usage":[28],"damage_taken":[{"damage":0.0,"enemies":"Small Slimes","floor":1.0,"turns":1.0},{"damage":0.0,"enemies":"Cultist","floor":3.0,"turns":1.0},{"damage":0.0,"enemies":"Jaw Worm","floor":7.0,"turns":1.0},{"damage":33.0,"enemies":"3 Sentries","floor":8.0,"turns":8.0},{"damage":0.0,"enemies":"Lots of Slimes","floor":10.0,"turns":5.0},{"damage":2.0,"enemies":"3 Louse","floor":11.0,"turns":3.0},{"damage":4.0,"enemies":"Exordium Thugs","floor":13.0,"turns":3.0},{"damage":13.0,"enemies":"Lagavulin","floor":14.0,"turns":5.0},{"damage":7.0,"enemies":"Hexaghost","floor":16.0,"turns":8.0},{"damage":0.0,"enemies":"Spheric Guardian","floor":18.0,"turns":5.0},{"damage":13.0,"enemies":"2 Thieves","floor":19.0,"turns":4.0},{"damage":9.0,"enemies":"Centurion and Healer","floor":22.0,"turns":8.0},{"damage":31.0,"enemies":"Book of Stabbing","floor":24.0,"turns":5.0},{"damage":10.0,"enemies":"Shelled Parasite and Fungi","floor":25.0,"turns":14.0},{"damage":66,"enemies":"Gremlin Leader","floor":28,"turns":6}],"seed_played":"-6165316961704545442","potions_obtained":[{"floor":8.0,"key":"Fire Potion"},{"floor":10.0,"key":"LiquidBronze"},{"floor":18.0,"key":"LiquidBronze"},{"floor":24.0,"key":"SkillPotion"},{"floor":25.0,"key":"Swift Potion"}],"is_trial":false,"path_per_floor":["M","?","M","?","?","R","M","E","T","M","M","?","M","E","R","B",null,"M","M","?","$","M","R","E","M","T","R","E"],"character_chosen":"DEFECT","items_purchased":["Question Card","AttackPotion"],"campfire_rested":2,"item_purchase_floors":[21,21],"current_hp_per_floor":[64,64,64,64,64,64,64,31,31,31,29,29,25,12,12,5,55,55,42,42,42,33,54,30,27,27,48,0],"gold":60,"neow_bonus":"THREE_ENEMY_KILL","is_prod":false,"is_daily":false,"chose_seed":false,"campfire_upgraded":2,"win_rate":0,"timestamp":1561058008,"path_taken":["M","?","M","?","?","R","M","E","T","M","?","?","M","E","R","BOSS","M","?","?","?","?","R","E","M","T","R","E"],"build_version":"2019-06-19","purchased_purges":1,"victory":false,"max_hp_per_floor":[71,71,71,71,71,71,71,71,71,71,71,71,71,71,71,71,71,71,71,71,71,71,71,71,71,71,71,71],"card_choices":[{"not_picked":["Steam","Sweeping Beam"],"picked":"Chill","floor":1.0},{"not_picked":["Steam","Go for the Eyes"],"picked":"Compile Driver","floor":3.0},{"not_picked":["Steam","Coolheaded"],"picked":"Ball Lightning","floor":7.0},{"not_picked":["Redo","Melter"],"picked":"Leap","floor":8.0},{"not_picked":["Hello World","Melter"],"picked":"Sunder","floor":10.0},{"not_picked":["Reprogram","Scrape"],"picked":"Chaos","floor":11.0},{"not_picked":["Rip and Tear","Hologram"],"picked":"Undo","floor":13.0},{"not_picked":["Barrage","Streamline"],"picked":"Glacier","floor":14.0},{"not_picked":["Buffer","Meteor Strike"],"picked":"Multi-Cast","floor":16.0},{"not_picked":["Barrage","Go for the Eyes+1"],"picked":"Genetic Algorithm","floor":18.0},{"not_picked":["Gash","Melter","Leap"],"picked":"SKIP","floor":19.0},{"not_picked":["Glacier","Steam","Heatsinks"],"picked":"Self Repair","floor":22.0},{"not_picked":["Storm","FTL","Fission"],"picked":"Genetic Algorithm","floor":24.0},{"not_picked":["Barrage","Conserve Battery","Gash"],"picked":"Sweeping Beam+1","floor":25.0}],"player_experience":1745352,"relics_obtained":[{"floor":8.0,"key":"Vajra"},{"floor":9.0,"key":"Bag of Marbles"},{"floor":14.0,"key":"Tiny Chest"},{"floor":24.0,"key":"Cables"},{"floor":26.0,"key":"Peace Pipe"}],"event_choices":[{"damage_healed":0.0,"max_hp_gain":0.0,"max_hp_loss":0.0,"gold_gain":0.0,"event_name":"Liars Game","player_choice":"Ignored","floor":2.0,"gold_loss":0.0,"damage_taken":0.0},{"damage_healed":0.0,"max_hp_gain":0.0,"max_hp_loss":0.0,"gold_gain":0.0,"event_name":"Living Wall","player_choice":"Grow","floor":4.0,"gold_loss":0.0,"damage_taken":0.0,"cards_upgraded":["Chill"]},{"damage_healed":0.0,"max_hp_gain":0.0,"max_hp_loss":0.0,"gold_gain":0.0,"event_name":"Upgrade Shrine","player_choice":"Upgraded","floor":5.0,"gold_loss":0.0,"damage_taken":0.0,"cards_upgraded":["Zap"]},{"damage_healed":0.0,"max_hp_gain":0.0,"max_hp_loss":0.0,"gold_gain":0.0,"event_name":"Accursed Blacksmith","player_choice":"Forge","floor":12.0,"gold_loss":0.0,"damage_taken":0.0,"cards_upgraded":["Chaos"]},{"damage_healed":0.0,"max_hp_gain":0.0,"max_hp_loss":0.0,"gold_gain":0.0,"event_name":"FaceTrader","player_choice":"Trade","floor":20.0,"gold_loss":0.0,"damage_taken":0.0,"relics_obtained":["CultistMask"]}],"is_beta":true,"boss_relics":[{"not_picked":["Pandora\u0027s Box","Nuclear Battery"],"picked":"Runic Pyramid"}],"items_purged_floors":[21],"is_endless":false,"potions_floor_spawned":[8,10,11,18,24,25],"killed_by":"Gremlin Leader","ascension_level":20}