{"gold_per_floor":[119,136,148,148,73,73,87,87,87,111,140,140,154,172,172,172],"floor_reached":16,"playtime":315,"items_purged":["Pain"],"score":204,"play_id":"23c49ee8-87bd-46ec-9f9c-9dfa78eee6f0","local_time":"20190614000342","is_ascension_mode":true,"campfire_choices":[{"data":"Sunder","floor":6,"key":"SMITH"},{"floor":8,"key":"REST"},{"data":"Beam Cell","floor":12,"key":"SMITH"},{"data":"Seek","floor":15,"key":"SMITH"}],"neow_cost":"NONE","seed_source_timestamp":19087866325852,"circlet_count":0,"master_deck":["AscendersBane","Strike_B","Strike_B","Strike_B","Strike_B","Defend_B","Defend_B","Defend_B","Defend_B","Zap+1","Dualcast","Ball Lightning","Cold Snap","Sunder+1","Ball Lightning","Beam Cell+1","Seek+1"],"relics":["Cracked Core","WarpedTongs","Vajra","Boot","Cables"],"potions_floor_usage":[],"damage_taken":[{"damage":5,"enemies":"2 Louse","floor":1,"turns":3},{"damage":0,"enemies":"Cultist","floor":2,"turns":3},{"damage":5,"enemies":"Jaw Worm","floor":3,"turns":3},{"damage":12,"enemies":"Exordium Thugs","floor":7,"turns":4},{"damage":21,"enemies":"Lagavulin","floor":11,"turns":5},{"damage":7,"enemies":"Exordium Wildlife","floor":13,"turns":2},{"damage":8,"enemies":"Gremlin Gang","floor":14,"turns":3},{"damage":28,"enemies":"Hexaghost","floor":16,"turns":5}],"seed_played":"6599729328421265741","potions_obtained":[{"floor":7,"key":"Energy Potion"},{"floor":11,"key":"SpeedPotion"}],"is_trial":false,"path_per_floor":["M","M","M","?","$","R","M","R","T","T","E","R","M","M","R","B"],"character_chosen":"DEFECT","items_purchased":[],"campfire_rested":1,"item_purchase_floors":[],"current_hp_per_floor":[59,59,54,54,54,54,42,63,63,63,42,42,35,27,27,0],"gold":172,"neow_bonus":"UPGRADE_CARD","is_prod":false,"is_daily":false,"chose_seed":false,"campfire_upgraded":3,"win_rate":0,"timestamp":1560463422,"path_taken":["M","M","M","?","?","R","M","R","T","?","E","R","M","M","R","BOSS"],"build_version":"2019-06-12","purchased_purges":1,"victory":false,"max_hp_per_floor":[71,71,71,71,71,71,71,71,71,71,71,71,71,71,71,71],"card_choices":[{"not_picked":["Redo","Rebound"],"picked":"Ball Lightning","floor":1},{"not_picked":["Conserve Battery","Redo"],"picked":"Cold Snap","floor":2},{"not_picked":["FTL","Turbo"],"picked":"Sunder","floor":3},{"not_picked":["Chaos","Cold Snap"],"picked":"Ball Lightning","floor":7},{"not_picked":["Consume","Sunder"],"picked":"Beam Cell","floor":11},{"not_picked":["Aggregate","Auto Shields"],"picked":"Seek","floor":13},{"not_picked":["Cold Snap","Darkness","Streamline"],"picked":"SKIP","floor":14}],"player_experience":1714246,"relics_obtained":[{"floor":9,"key":"Vajra"},{"floor":10,"key":"Boot"},{"floor":11,"key":"Cables"}],"event_choices":[{"damage_healed":0,"gold_gain":0,"player_choice":"Rummage","damage_taken":0,"relics_obtained":["WarpedTongs"],"max_hp_gain":0,"max_hp_loss":0,"event_name":"Accursed Blacksmith","floor":4,"gold_loss":0,"cards_obtained":["Pain"]}],"is_beta":true,"boss_relics":[],"items_purged_floors":[5],"is_endless":false,"potions_floor_spawned":[7,11,13],"killed_by":"Hexaghost","ascension_level":20}