{"gold_per_floor":[110,110,110,110,110,139,139,164,188,205,222,93,93,107,107,205,205,218,229,243,143,143,143,143,175,255,280,298,313,188,188,188,188],"floor_reached":33,"playtime":1099,"items_purged":["Defend_B","Strike_B","Strike_B"],"score":339,"play_id":"ed21f04b-5be1-4ee5-8f09-a6370a54af45","local_time":"20190808181206","is_ascension_mode":true,"campfire_choices":[{"data":"Loop","floor":7,"key":"SMITH"},{"data":"Dualcast","floor":13,"key":"SMITH"},{"data":"Zap","floor":15,"key":"SMITH"},{"data":"Coolheaded","floor":23,"key":"SMITH"},{"data":"Defend_B","floor":32,"key":"SMITH"}],"neow_cost":"NONE","seed_source_timestamp":92532917163623,"circlet_count":0,"master_deck":["Defend_B+1","Zap+1","Dualcast+1","Loop+1","Coolheaded+1","Gash","Chill","Chill"],"relics":["Cracked Core","NeowsBlessing","Mummified Hand","Bag of Preparation","Dream Catcher","Coffee Dripper","Enchiridion","Shuriken","Symbiotic Virus","Strawberry"],"potions_floor_usage":[25,25,25,33],"damage_taken":[{"damage":0,"enemies":"Jaw Worm","floor":1,"turns":1},{"damage":0,"enemies":"3 Sentries","floor":6,"turns":1},{"damage":0,"enemies":"Lagavulin","floor":8,"turns":1},{"damage":3,"enemies":"Small Slimes","floor":10,"turns":3},{"damage":0,"enemies":"2 Louse","floor":11,"turns":3},{"damage":0,"enemies":"Exordium Wildlife","floor":14,"turns":4},{"damage":21,"enemies":"Slime Boss","floor":16,"turns":12},{"damage":0,"enemies":"Spheric Guardian","floor":18,"turns":3},{"damage":0,"enemies":"Chosen","floor":19,"turns":5},{"damage":25,"enemies":"Snake Plant","floor":20,"turns":4},{"damage":36,"enemies":"Book of Stabbing","floor":25,"turns":7},{"damage":0,"enemies":"Snecko","floor":28,"turns":4},{"damage":0,"enemies":"3 Cultists","floor":29,"turns":5},{"damage":18,"enemies":"Collector","floor":33,"turns":6}],"seed_played":"1065387166588055355","potions_obtained":[{"floor":1,"key":"FearPotion"},{"floor":6,"key":"Poison Potion"},{"floor":14,"key":"FearPotion"},{"floor":16,"key":"SkillPotion"},{"floor":18,"key":"FocusPotion"},{"floor":28,"key":"Dexterity Potion"}],"is_trial":false,"path_per_floor":["M","?","?","?","?","E","R","E","T","M","M","$","R","M","R","B",null,"M","M","M","$","?","R","?","E","T","T","M","M","$","?","R","B"],"character_chosen":"DEFECT","items_purchased":["Coolheaded"],"campfire_rested":0,"item_purchase_floors":[12],"current_hp_per_floor":[75,68,68,68,73,73,73,73,73,70,70,70,70,70,70,49,80,80,80,55,55,55,55,39,3,3,10,10,10,10,10,10,0],"gold":188,"neow_bonus":"THREE_ENEMY_KILL","is_prod":false,"is_daily":false,"chose_seed":false,"campfire_upgraded":5,"win_rate":0,"timestamp":1565255526,"path_taken":["M","?","?","?","?","E","R","E","T","?","M","?","R","M","R","BOSS","M","M","M","$","?","R","?","E","T","?","M","M","$","?","R","BOSS"],"build_version":"2019-07-17","purchased_purges":3,"victory":false,"max_hp_per_floor":[75,75,75,75,80,80,80,80,80,80,80,80,80,80,80,80,80,80,80,80,80,80,80,80,80,80,87,87,87,87,87,87,87],"card_choices":[{"not_picked":["Steam Power","Capacitor","Double Energy"],"picked":"SKIP","floor":1},{"not_picked":["Recycle","Hologram"],"picked":"Loop","floor":6},{"not_picked":["Go for the Eyes","Darkness","Rebound"],"picked":"SKIP","floor":8},{"not_picked":["Cold Snap","Leap","Compile Driver"],"picked":"SKIP","floor":10},{"not_picked":["Genetic Algorithm","Doom and Gloom","Lockon"],"picked":"SKIP","floor":11},{"not_picked":["Loop","Stack","Turbo"],"picked":"SKIP","floor":14},{"not_picked":["Leap","Stack+1","Barrage"],"picked":"SKIP","floor":18},{"not_picked":["BootSequence","Beam Cell+1","Turbo"],"picked":"SKIP","floor":19},{"not_picked":["Ball Lightning+1","Turbo","Static Discharge"],"picked":"SKIP","floor":20},{"not_picked":["Steam Power","Sunder+1","Redo"],"picked":"SKIP","floor":25},{"not_picked":["Compile Driver","Leap","Coolheaded"],"picked":"SKIP","floor":28},{"not_picked":["Rebound","Conserve Battery"],"picked":"Gash","floor":29}],"player_experience":312074,"relics_obtained":[{"floor":6,"key":"Mummified Hand"},{"floor":8,"key":"Bag of Preparation"},{"floor":9,"key":"Dream Catcher"},{"floor":24,"key":"Enchiridion"},{"floor":25,"key":"Shuriken"},{"floor":26,"key":"Symbiotic Virus"},{"floor":27,"key":"Strawberry"}],"event_choices":[{"cards_removed":["Defend_B"],"damage_healed":0,"gold_gain":0,"player_choice":"Card Removal","damage_taken":7,"max_hp_gain":0,"max_hp_loss":0,"event_name":"Golden Wing","floor":2,"gold_loss":0},{"cards_removed":["Strike_B"],"damage_healed":0,"gold_gain":0,"player_choice":"Forget","damage_taken":0,"max_hp_gain":0,"max_hp_loss":0,"event_name":"Living Wall","floor":3,"gold_loss":0},{"damage_healed":0,"gold_gain":0,"player_choice":"Ignored","damage_taken":0,"max_hp_gain":0,"max_hp_loss":0,"event_name":"Liars Game","floor":4,"gold_loss":0},{"damage_healed":0,"gold_gain":0,"player_choice":"Donut","damage_taken":0,"max_hp_gain":5,"max_hp_loss":0,"event_name":"Big Fish","floor":5,"gold_loss":0},{"damage_healed":0,"gold_gain":0,"player_choice":"Ignored","damage_taken":0,"max_hp_gain":0,"max_hp_loss":0,"event_name":"Ghosts","floor":22,"gold_loss":0},{"damage_healed":0,"gold_gain":0,"player_choice":"Obtained Book","damage_taken":16,"max_hp_gain":0,"max_hp_loss":0,"event_name":"Cursed Tome","floor":24,"gold_loss":0},{"damage_healed":0,"gold_gain":0,"cards_transformed":["Strike_B","Defend_B"],"player_choice":"Became Test Subject","damage_taken":0,"max_hp_gain":0,"max_hp_loss":0,"event_name":"Drug Dealer","floor":31,"gold_loss":0,"cards_obtained":["Chill","Chill"]}],"is_beta":false,"boss_relics":[{"not_picked":["Runic Pyramid","Fusion Hammer"],"picked":"Coffee Dripper"}],"items_purged_floors":[12,21,30],"is_endless":false,"potions_floor_spawned":[1,6,14,16,18,20,28],"killed_by":"Collector","ascension_level":1}