{"gold_per_floor":[12,12,12,25,43,43,72,93,93,126,126,160,85,102,102,173,173,185,200,37,37,37,37,48,48,74,74,92,92,92,117,117,195,195,211,211,229,9,19,19,73,104,104,114,124,0,0,29,29,29,29],"floor_reached":52,"playtime":1911,"items_purged":["Strike_B+1"],"score":1992,"play_id":"83efbaba-15a6-4e5b-b07d-dc2261dcbcba","local_time":"20190622152849","is_ascension_mode":true,"campfire_choices":[{"data":"Chill","floor":6,"key":"SMITH"},{"data":"Defend_B","floor":11,"key":"SMITH"},{"data":"Barrage","floor":15,"key":"SMITH"},{"floor":23,"key":"REST"},{"data":"Coolheaded","floor":32,"key":"SMITH"},{"data":"Creative AI","floor":40,"key":"SMITH"},{"floor":47,"key":"REST"},{"floor":49,"key":"REST"}],"neow_cost":"NO_GOLD","seed_source_timestamp":4914371834937,"circlet_count":0,"master_deck":["AscendersBane","Strike_B+1","Defend_B+1","Defend_B+1","Defend_B+1","Defend_B+1","Zap+1","Dualcast","Ball Lightning+1","Chill+1","Seek","Sweeping Beam","Electrodynamics","Barrage+1","Conserve Battery","Buffer+1","Undo","Coolheaded+1","Multi-Cast","Echo Form","Creative AI+1","Compile Driver","Capacitor+1","Skim","Reinforced Body"],"relics":["Cracked Core","Torii","Happy Flower","Odd Mushroom","Bottled Flame","DataDisk","Oddly Smooth Stone","Sozu","Bag of Preparation","Lantern","Meat on the Bone","Runic Pyramid","Ice Cream","Bottled Tornado","Sundial","Red Mask","Boot"],"potions_floor_usage":[10,12],"damage_taken":[{"damage":0,"enemies":"2 Louse","floor":1,"turns":2},{"damage":8,"enemies":"Jaw Worm","floor":4,"turns":3},{"damage":1,"enemies":"Cultist","floor":5,"turns":3},{"damage":19,"enemies":"3 Sentries","floor":7,"turns":9},{"damage":8,"enemies":"The Mushroom Lair","floor":8,"turns":5},{"damage":2,"enemies":"Lagavulin","floor":10,"turns":5},{"damage":0,"enemies":"Gremlin Nob","floor":12,"turns":3},{"damage":1,"enemies":"Blue Slaver","floor":14,"turns":2},{"damage":4,"enemies":"The Guardian","floor":16,"turns":9},{"damage":11,"enemies":"Spheric Guardian","floor":18,"turns":4},{"damage":0,"enemies":"3 Byrds","floor":19,"turns":1},{"damage":0,"enemies":"Centurion and Healer","floor":24,"turns":5},{"damage":0,"enemies":"Cultist and Chosen","floor":28,"turns":4},{"damage":11,"enemies":"Gremlin Leader","floor":31,"turns":5},{"damage":22,"enemies":"Automaton","floor":33,"turns":11},{"damage":0,"enemies":"Orb Walker","floor":35,"turns":4},{"damage":0,"enemies":"3 Shapes","floor":37,"turns":3},{"damage":1,"enemies":"Jaw Worm Horde","floor":39,"turns":5},{"damage":28,"enemies":"2 Orb Walkers","floor":41,"turns":5},{"damage":8,"enemies":"Nemesis","floor":42,"turns":7},{"damage":1,"enemies":"3 Darklings","floor":44,"turns":5},{"damage":10,"enemies":"Writhing Mass","floor":45,"turns":9},{"damage":34,"enemies":"Reptomancer","floor":48,"turns":8},{"damage":8,"enemies":"Time Eater","floor":50,"turns":10},{"damage":25,"enemies":"Donu and Deca","floor":51,"turns":9}],"seed_played":"4439426271498682744","potions_obtained":[{"floor":7,"key":"PowerPotion"},{"floor":8,"key":"Regen Potion"}],"is_trial":false,"path_per_floor":["M","?","?","M","M","R","E","?","T","E","R","E","?","M","R","B",null,"M","M","$","?","?","R","M","?","T","$","M","?","?","E","R","B",null,"M","?","M","$","M","R","?","E","T","M","M","?","R","E","R","B","B",null],"character_chosen":"DEFECT","items_purchased":["Bag of Preparation","Creative AI","Compile Driver"],"campfire_rested":3,"item_purchase_floors":[20,38,38],"current_hp_per_floor":[64,64,64,56,55,55,36,28,28,40,40,40,40,39,39,35,62,51,51,51,51,31,53,53,53,53,53,53,53,53,42,42,32,65,65,65,65,65,64,64,48,40,40,39,41,41,63,41,63,55,42],"gold":29,"neow_bonus":"ONE_RARE_RELIC","is_prod":false,"is_daily":false,"chose_seed":false,"campfire_upgraded":5,"win_rate":0,"timestamp":1561210129,"path_taken":["M","?","?","M","?","R","E","?","T","E","R","E","?","M","R","BOSS","M","M","$","?","?","R","M","?","T","$","?","?","?","E","R","BOSS","M","?","M","$","M","R","?","E","T","M","M","?","R","E","R","BOSS","BOSS"],"build_version":"2019-06-21","purchased_purges":1,"victory":true,"max_hp_per_floor":[71,71,71,71,71,71,71,71,71,71,71,71,71,71,71,71,71,71,71,71,71,76,76,76,76,76,76,76,76,76,76,76,76,76,76,76,76,76,76,76,76,76,76,76,76,76,76,76,76,76,76],"card_choices":[{"not_picked":["Rebound","Hologram"],"picked":"Ball Lightning","floor":1},{"not_picked":["Stack","Beam Cell"],"picked":"Chill","floor":4},{"not_picked":["Steam","Blizzard"],"picked":"Seek","floor":5},{"not_picked":["Consume","Tempest","Scrape"],"picked":"SKIP","floor":7},{"not_picked":["Coolheaded","Lockon"],"picked":"Sweeping Beam","floor":8},{"not_picked":["Coolheaded","Hologram"],"picked":"Electrodynamics","floor":10},{"not_picked":["Beam Cell","Compile Driver"],"picked":"Barrage","floor":12},{"not_picked":["Beam Cell","Turbo"],"picked":"Conserve Battery","floor":14},{"not_picked":["Meteor Strike","Machine Learning"],"picked":"Buffer","floor":16},{"not_picked":["Melter","Go for the Eyes"],"picked":"Undo","floor":18},{"not_picked":["Loop","Gash"],"picked":"Coolheaded","floor":19},{"not_picked":["Redo","Barrage","Hologram"],"picked":"SKIP","floor":24},{"not_picked":["Go for the Eyes+1","Melter"],"picked":"Multi-Cast","floor":28},{"not_picked":["Barrage","Chill","Leap"],"picked":"SKIP","floor":31},{"not_picked":["Hyperbeam","All For One"],"picked":"Echo Form","floor":33},{"not_picked":["Redo","Rip and Tear","Hologram"],"picked":"SKIP","floor":35},{"not_picked":["Sunder+1","Barrage","Storm"],"picked":"SKIP","floor":37},{"not_picked":["Barrage","Doom and Gloom"],"picked":"Capacitor+1","floor":39},{"not_picked":["Hologram","Gash"],"picked":"Skim","floor":41},{"not_picked":["FTL","Sweeping Beam"],"picked":"Reinforced Body","floor":42},{"not_picked":["Gash+1","Capacitor+1","BootSequence"],"picked":"SKIP","floor":44},{"not_picked":["Melter","Coolheaded","Compile Driver"],"picked":"SKIP","floor":45},{"not_picked":["FTL","Reinforced Body","Skim"],"picked":"SKIP","floor":48}],"player_experience":1757892,"relics_obtained":[{"floor":7,"key":"Happy Flower"},{"floor":8,"key":"Odd Mushroom"},{"floor":9,"key":"Bottled Flame"},{"floor":10,"key":"DataDisk"},{"floor":12,"key":"Oddly Smooth Stone"},{"floor":26,"key":"Lantern"},{"floor":31,"key":"Meat on the Bone"},{"floor":41,"key":"Ice Cream"},{"floor":42,"key":"Bottled Tornado"},{"floor":43,"key":"Sundial"},{"floor":48,"key":"Boot"}],"event_choices":[{"damage_healed":0,"gold_gain":0,"player_choice":"Grow","damage_taken":0,"max_hp_gain":0,"max_hp_loss":0,"event_name":"Living Wall","floor":2,"gold_loss":0,"cards_upgraded":["Zap"]},{"damage_healed":0,"gold_gain":0,"player_choice":"Upgraded","damage_taken":0,"max_hp_gain":0,"max_hp_loss":0,"event_name":"Upgrade Shrine","floor":3,"gold_loss":0,"cards_upgraded":["Ball Lightning"]},{"damage_healed":0,"gold_gain":0,"player_choice":"Fought Mushrooms","damage_taken":0,"max_hp_gain":0,"max_hp_loss":0,"event_name":"Mushrooms","floor":8,"gold_loss":0},{"cards_removed":["Strike_B"],"damage_healed":0,"gold_gain":0,"player_choice":"Card Removal","damage_taken":0,"max_hp_gain":0,"max_hp_loss":0,"event_name":"The Cleric","floor":13,"gold_loss":75},{"damage_healed":0,"gold_gain":0,"player_choice":"Ignored","damage_taken":0,"max_hp_gain":0,"max_hp_loss":0,"event_name":"The Mausoleum","floor":21,"gold_loss":0},{"damage_healed":0,"gold_gain":0,"player_choice":"Shed Blood","damage_taken":25,"max_hp_gain":5,"max_hp_loss":0,"event_name":"Forgotten Altar","floor":22,"gold_loss":0},{"damage_healed":0,"gold_gain":0,"player_choice":"Upgraded","damage_taken":0,"max_hp_gain":0,"max_hp_loss":0,"event_name":"Upgrade Shrine","floor":25,"gold_loss":0,"cards_upgraded":["Buffer"]},{"damage_healed":0,"gold_gain":0,"player_choice":"Simplicity","damage_taken":0,"max_hp_gain":0,"max_hp_loss":0,"event_name":"Back to Basics","floor":29,"gold_loss":0,"cards_upgraded":["Strike_B","Strike_B","Strike_B","Defend_B","Defend_B","Defend_B"]},{"damage_healed":0,"gold_gain":0,"player_choice":"Ignored","damage_taken":0,"max_hp_gain":0,"max_hp_loss":0,"event_name":"Vampires","floor":30,"gold_loss":0},{"cards_removed":["Strike_B"],"damage_healed":0,"gold_gain":0,"player_choice":"Removed Attack","damage_taken":0,"max_hp_gain":0,"max_hp_loss":0,"event_name":"Falling","floor":36,"gold_loss":0},{"damage_healed":0,"gold_gain":0,"player_choice":"Fight","damage_taken":0,"max_hp_gain":0,"max_hp_loss":0,"event_name":"Mysterious Sphere","floor":41,"gold_loss":0},{"damage_healed":0,"gold_gain":0,"player_choice":"Paid","damage_taken":0,"relics_obtained":["Red Mask"],"max_hp_gain":0,"max_hp_loss":0,"event_name":"Tomb of Lord Red Mask","floor":46,"gold_loss":124}],"is_beta":true,"boss_relics":[{"not_picked":["Inserter","Snecko Eye"],"picked":"Sozu"},{"not_picked":["Busted Crown","FrozenCore"],"picked":"Runic Pyramid"}],"items_purged_floors":[38],"is_endless":false,"potions_floor_spawned":[7,8,18,31,37,41,42,44],"ascension_level":20}