{"gold_per_floor":[119,119,119,194,57,92,92,92,164,188,188,227,227,242,242,242],"floor_reached":16,"playtime":252,"items_purged":[],"score":212,"play_id":"9419a039-e19b-4368-8cde-9c609c5b247a","local_time":"20190810233610","is_ascension_mode":true,"campfire_choices":[{"data":"Sweeping Beam","floor":7,"key":"SMITH"},{"data":"Conserve Battery","floor":11,"key":"SMITH"},{"data":"Glacier","floor":13,"key":"SMITH"},{"data":"Darkness","floor":15,"key":"SMITH"}],"neow_cost":"NONE","seed_source_timestamp":27872977950990,"circlet_count":0,"master_deck":["AscendersBane","Strike_B","Strike_B+1","Strike_B","Strike_B","Defend_B","Defend_B","Defend_B","Defend_B","Zap+1","Dualcast","Compile Driver+1","FTL+1","Sweeping Beam+1","Glacier+1","Conserve Battery+1","BootSequence","Darkness+1"],"special_seed":0,"relics":["Cracked Core","Golden Idol","Whetstone","Dead Branch","Frozen Egg 2","Turnip"],"potions_floor_usage":[12,16],"damage_taken":[{"damage":4.0,"enemies":"Small Slimes","floor":1.0,"turns":3.0},{"damage":8,"enemies":"Gremlin Nob","floor":6,"turns":3},{"damage":2,"enemies":"Jaw Worm","floor":10,"turns":2},{"damage":12,"enemies":"3 Sentries","floor":12,"turns":5},{"damage":0,"enemies":"2 Louse","floor":14,"turns":2},{"damage":33,"enemies":"Slime Boss","floor":16,"turns":5}],"seed_played":"-8315513472280805186","potions_obtained":[{"floor":1.0,"key":"SpeedPotion"},{"floor":10,"key":"Explosive Potion"},{"floor":12,"key":"Explosive Potion"}],"is_trial":false,"path_per_floor":["M","?","?","?","$","E","R","T","T","M","R","E","R","M","R","B"],"character_chosen":"DEFECT","items_purchased":["FTL","Sweeping Beam"],"campfire_rested":0,"item_purchase_floors":[5,5],"current_hp_per_floor":[60,60,60,49,49,41,41,41,41,39,39,27,27,27,27,0],"gold":242,"neow_bonus":"UPGRADE_CARD","is_prod":false,"is_daily":false,"chose_seed":false,"campfire_upgraded":4,"win_rate":0,"timestamp":1565472970,"path_taken":["M","?","?","?","$","E","R","?","T","M","R","E","R","M","R","BOSS"],"build_version":"2019-07-18","purchased_purges":0,"victory":false,"max_hp_per_floor":[71,64,64,64,64,64,64,64,64,64,64,64,64,64,64,64],"card_choices":[{"not_picked":["Coolheaded","Streamline"],"picked":"Compile Driver","floor":1.0},{"not_picked":["Go for the Eyes","Scrape"],"picked":"Glacier","floor":6},{"not_picked":["Gash","Multi-Cast"],"picked":"Conserve Battery","floor":10},{"not_picked":["Gash","Darkness"],"picked":"BootSequence","floor":12},{"not_picked":["Hologram","Compile Driver"],"picked":"Darkness","floor":14}],"player_experience":1977856,"relics_obtained":[{"floor":6,"key":"Whetstone"},{"floor":8,"key":"Dead Branch"},{"floor":9,"key":"Frozen Egg 2"},{"floor":12,"key":"Turnip"}],"event_choices":[{"damage_healed":0.0,"max_hp_gain":0.0,"max_hp_loss":7.0,"gold_gain":0.0,"event_name":"Golden Idol","player_choice":"Lose Max HP","floor":2.0,"gold_loss":0.0,"damage_taken":0.0,"relics_obtained":["Golden Idol"]},{"damage_healed":0.0,"max_hp_gain":0.0,"max_hp_loss":0.0,"gold_gain":0.0,"event_name":"Living Wall","player_choice":"Grow","floor":3.0,"gold_loss":0.0,"damage_taken":0.0,"cards_upgraded":["Compile Driver"]},{"damage_healed":0.0,"max_hp_gain":0.0,"max_hp_loss":0.0,"gold_gain":75.0,"event_name":"World of Goop","player_choice":"Gather Gold","floor":4.0,"gold_loss":0.0,"damage_taken":11.0}],"is_beta":true,"boss_relics":[],"items_purged_floors":[],"is_endless":false,"potions_floor_spawned":[1,10,12],"killed_by":"Slime Boss","ascension_level":20}