{"gold_per_floor":[112,187,10,185,199,199,214,243,320,163,194,211,245,45,45,150,150,150,150,150,65,65,65,65,65,65,65,65,65,65,65,65,65],"floor_reached":33,"playtime":3873,"items_purged":["Doubt","Strike_R"],"score":328,"play_id":"1c6040eb-75b0-4cbe-b849-66e06f455eee","local_time":"20190808092951","is_ascension_mode":true,"campfire_choices":[{"data":"Hemokinesis","floor":6,"key":"SMITH"},{"floor":15,"key":"REST"},{"floor":23,"key":"REST"},{"floor":25,"key":"REST"},{"floor":27,"key":"REST"},{"data":"Armaments","floor":29,"key":"SMITH"},{"floor":32,"key":"REST"}],"neow_cost":"NONE","seed_source_timestamp":275030904738100,"circlet_count":0,"master_deck":["Strike_R+1","Strike_R+1","Strike_R+1","Strike_R+1","Defend_R+1","Defend_R+1","Defend_R+1","Defend_R+1","Bash","Anger","Hemokinesis+1","Spot Weakness","Disarm","Dual Wield","Inflame","Body Slam","Evolve","Fiend Fire","Armaments+1","Warcry","Rupture","Limit Break","Clothesline","Flex","Sentinel+1","Berserk+1","Power Through","Rampage","Combust+1","Heavy Blade","Ghostly Armor","Flex+1"],"relics":["Burning Blood","Vajra","Bag of Marbles","Dream Catcher","Bottled Lightning","Ectoplasm","Frozen Egg 2","Peace Pipe","Omamori"],"potions_floor_usage":[8,8,13,13,31,33],"damage_taken":[{"damage":7,"enemies":"Jaw Worm","floor":1,"turns":3},{"damage":3,"enemies":"Small Slimes","floor":5,"turns":2},{"damage":2,"enemies":"2 Louse","floor":7,"turns":2},{"damage":17,"enemies":"3 Sentries","floor":8,"turns":5},{"damage":10,"enemies":"Gremlin Nob","floor":11,"turns":3},{"damage":12,"enemies":"Gremlin Gang","floor":12,"turns":5},{"damage":12,"enemies":"3 Sentries","floor":13,"turns":4},{"damage":40,"enemies":"Hexaghost","floor":16,"turns":7},{"damage":12,"enemies":"Shell Parasite","floor":18,"turns":3},{"damage":27,"enemies":"Spheric Guardian","floor":19,"turns":4},{"damage":48,"enemies":"Centurion and Healer","floor":20,"turns":6},{"damage":27,"enemies":"Shelled Parasite and Fungi","floor":24,"turns":5},{"damage":10,"enemies":"Snake Plant","floor":28,"turns":4},{"damage":45,"enemies":"Slavers","floor":30,"turns":4},{"damage":23,"enemies":"Centurion and Healer","floor":31,"turns":4},{"damage":52,"enemies":"Collector","floor":33,"turns":7}],"seed_played":"-5422660517669948950","potions_obtained":[{"floor":1,"key":"Ancient Potion"},{"floor":11,"key":"FearPotion"},{"floor":12,"key":"SteroidPotion"},{"floor":20,"key":"SpeedPotion"},{"floor":28,"key":"SteroidPotion"},{"floor":30,"key":"BloodPotion"},{"floor":31,"key":"Poison Potion"}],"is_trial":false,"path_per_floor":["M","?","$","?","M","R","M","E","T","$","E","M","E","$","R","B",null,"M","M","M","?","?","R","M","R","T","R","M","R","E","M","R","B"],"character_chosen":"IRONCLAD","items_purchased":["Hemokinesis","Explosive Potion","SteroidPotion","Inflame","Body Slam","Warcry","Rupture"],"campfire_rested":5,"item_purchase_floors":[3,3,3,10,10,14,14],"current_hp_per_floor":[79,68,68,68,71,71,75,64,64,64,60,54,48,48,72,38,80,74,53,11,11,11,35,14,38,38,62,58,58,19,22,46,0],"gold":65,"neow_bonus":"RANDOM_COMMON_RELIC","is_prod":false,"is_daily":false,"chose_seed":false,"campfire_upgraded":2,"win_rate":0,"timestamp":1565224191,"path_taken":["M","?","$","?","M","R","M","E","T","$","E","M","E","?","R","BOSS","M","M","M","?","?","R","M","R","T","R","M","R","E","M","R","BOSS"],"build_version":"2019-07-17","purchased_purges":2,"victory":false,"max_hp_per_floor":[80,80,80,80,80,80,80,80,80,80,80,80,80,80,80,80,80,80,80,80,80,80,80,80,80,80,80,80,80,80,80,80,80],"card_choices":[{"not_picked":["Seeing Red","Warcry"],"picked":"Anger","floor":1},{"not_picked":["Shrug It Off","Headbutt"],"picked":"Spot Weakness","floor":5},{"not_picked":["Burning Pact","Sentinel"],"picked":"Disarm","floor":7},{"not_picked":["Headbutt","Dropkick"],"picked":"Dual Wield","floor":8},{"not_picked":["Wild Strike","Thunderclap"],"picked":"Evolve","floor":11},{"not_picked":["Iron Wave","Warcry"],"picked":"Fiend Fire","floor":12},{"not_picked":["Body Slam","Combust"],"picked":"Armaments","floor":13},{"not_picked":["Exhume","Impervious"],"picked":"Limit Break","floor":16},{"not_picked":["Rupture","Clash"],"picked":"Clothesline","floor":18},{"not_picked":["Pommel Strike","Perfected Strike+1"],"picked":"Flex","floor":19},{"not_picked":["Wild Strike+1","Thunderclap"],"picked":"Sentinel+1","floor":20},{"not_picked":["Combust+1","Body Slam"],"picked":"Berserk+1","floor":23},{"not_picked":["Thunderclap","Warcry"],"picked":"Power Through","floor":24},{"not_picked":["Cleave+1","Sever Soul"],"picked":"Rampage","floor":25},{"not_picked":["Infernal Blade","Disarm"],"picked":"Combust+1","floor":27},{"not_picked":["Anger","Twin Strike"],"picked":"Heavy Blade","floor":28},{"not_picked":["Wild Strike","Clothesline"],"picked":"Ghostly Armor","floor":30},{"not_picked":["Ghostly Armor","Clash+1","Anger+1"],"picked":"SKIP","floor":31},{"not_picked":["Clothesline","Warcry"],"picked":"Flex+1","floor":32}],"player_experience":216918,"relics_obtained":[{"floor":8,"key":"Bag of Marbles"},{"floor":11,"key":"Dream Catcher"},{"floor":13,"key":"Bottled Lightning"},{"floor":26,"key":"Peace Pipe"},{"floor":30,"key":"Omamori"}],"event_choices":[{"damage_healed":0,"gold_gain":75,"player_choice":"Gather Gold","damage_taken":11,"max_hp_gain":0,"max_hp_loss":0,"event_name":"World of Goop","floor":2,"gold_loss":0},{"damage_healed":0,"gold_gain":175,"player_choice":"AGREE","damage_taken":0,"max_hp_gain":0,"max_hp_loss":0,"event_name":"Liars Game","floor":4,"gold_loss":0,"cards_obtained":["Doubt"]},{"damage_healed":0,"gold_gain":0,"player_choice":"Obtained Relic","damage_taken":0,"relics_obtained":["Frozen Egg 2"],"max_hp_gain":0,"max_hp_loss":0,"event_name":"Addict","floor":21,"gold_loss":85},{"damage_healed":0,"gold_gain":0,"player_choice":"Simplicity","damage_taken":0,"max_hp_gain":0,"max_hp_loss":0,"event_name":"Back to Basics","floor":22,"gold_loss":0,"cards_upgraded":["Strike_R","Strike_R","Strike_R","Strike_R","Defend_R","Defend_R","Defend_R","Defend_R"]}],"is_beta":false,"boss_relics":[{"not_picked":["Runic Dome","Eternal Feather"],"picked":"Ectoplasm"}],"items_purged_floors":[10,14],"is_endless":false,"potions_floor_spawned":[1,11,12,20,28,30,31],"killed_by":"Collector","ascension_level":3}