{"gold_per_floor":[112,112,132,150,168,168,42,55,81,91,91,121,141,160,160,255,255,271,290,301,317,327,352,352,370,397,397,423,435,534,550,550,550],"floor_reached":33,"playtime":4030,"items_purged":[],"score":337,"play_id":"76f50ccf-c7f1-4e18-84ab-87d7c5a15ec2","local_time":"20190808231346","is_ascension_mode":true,"campfire_choices":[{"data":"Zap","floor":6,"key":"SMITH"},{"data":"Go for the Eyes","floor":11,"key":"SMITH"},{"data":"Dualcast","floor":15,"key":"SMITH"},{"data":"Self Repair","floor":24,"key":"SMITH"},{"data":"Ghostly","floor":32,"key":"SMITH"}],"neow_cost":"TEN_PERCENT_HP_LOSS","seed_source_timestamp":324309057713900,"circlet_count":0,"master_deck":["Strike_B","Strike_B","Strike_B","Strike_B","Defend_B","Defend_B","Defend_B","Defend_B","Zap+1","Dualcast+1","Self Repair+1","Core Surge","Sweeping Beam","Coolheaded","Leap","Blizzard","Melter","Go for the Eyes+1","Electrodynamics","Beam Cell","Scrape","Thunder Strike","Reinforced Body+1","Beam Cell+1","Barrage+1","Storm","Ball Lightning+1","Conserve Battery","Ghostly+1","Ghostly","Ghostly","Ghostly","Ghostly","Redo"],"relics":["Cracked Core","StoneCalendar","Omamori","Bronze Scales","Centennial Puzzle","Coffee Dripper","Anchor","Orichalcum"],"potions_floor_usage":[5,12,18,19,21,28,28,33],"damage_taken":[{"damage":6,"enemies":"Jaw Worm","floor":1,"turns":3},{"damage":0,"enemies":"Cultist","floor":3,"turns":3},{"damage":6,"enemies":"2 Louse","floor":4,"turns":4},{"damage":3,"enemies":"Blue Slaver","floor":5,"turns":3},{"damage":0,"enemies":"Large Slime","floor":8,"turns":4},{"damage":8,"enemies":"3 Louse","floor":10,"turns":2},{"damage":2,"enemies":"Gremlin Nob","floor":12,"turns":3},{"damage":0,"enemies":"2 Fungi Beasts","floor":13,"turns":3},{"damage":2,"enemies":"Looter","floor":14,"turns":2},{"damage":12,"enemies":"Slime Boss","floor":16,"turns":7},{"damage":4,"enemies":"2 Thieves","floor":18,"turns":3},{"damage":3,"enemies":"Shell Parasite","floor":19,"turns":3},{"damage":12,"enemies":"3 Cultists","floor":20,"turns":3},{"damage":1,"enemies":"Centurion and Healer","floor":21,"turns":6},{"damage":6,"enemies":"Chosen and Byrds","floor":22,"turns":6},{"damage":5,"enemies":"Book of Stabbing","floor":23,"turns":4},{"damage":5,"enemies":"Snecko","floor":25,"turns":4},{"damage":32,"enemies":"Gremlin Leader","floor":28,"turns":7},{"damage":6,"enemies":"Snake Plant","floor":29,"turns":3},{"damage":0,"enemies":"3 Cultists","floor":31,"turns":4},{"damage":17,"enemies":"Automaton","floor":33,"turns":6}],"seed_played":"7589152044728014084","potions_obtained":[{"floor":1,"key":"PowerPotion"},{"floor":3,"key":"AttackPotion"},{"floor":4,"key":"SkillPotion"},{"floor":10,"key":"FocusPotion"},{"floor":13,"key":"SpeedPotion"},{"floor":18,"key":"Fire Potion"},{"floor":20,"key":"Block Potion"},{"floor":29,"key":"AttackPotion"}],"is_trial":false,"path_per_floor":["M","?","M","M","M","R","$","M","T","M","R","E","M","M","R","B",null,"M","M","M","M","M","E","R","M","T","?","E","M","?","M","R","B"],"character_chosen":"DEFECT","items_purchased":["Coolheaded","Leap","Blizzard"],"campfire_rested":0,"item_purchase_floors":[7,7,7],"current_hp_per_floor":[62,62,62,63,67,67,67,68,68,67,67,65,68,68,68,63,68,64,61,56,62,63,58,58,63,63,34,12,6,6,16,16,0],"gold":550,"neow_bonus":"ONE_RARE_RELIC","is_prod":false,"is_daily":false,"chose_seed":false,"campfire_upgraded":5,"win_rate":0,"timestamp":1565273626,"path_taken":["M","?","M","?","M","R","?","M","T","M","R","E","M","M","R","BOSS","M","?","M","M","M","E","R","M","T","?","E","M","?","M","R","BOSS"],"build_version":"2019-07-17","purchased_purges":0,"victory":false,"max_hp_per_floor":[68,68,68,68,68,68,68,68,68,68,68,68,68,68,68,68,68,68,68,68,68,68,68,68,68,68,34,34,34,34,34,34,34],"card_choices":[{"not_picked":["Force Field","Hologram","Aggregate"],"picked":"SKIP","floor":1},{"not_picked":["Heatsinks","Beam Cell"],"picked":"Self Repair","floor":3},{"not_picked":["Go for the Eyes","Fusion"],"picked":"Core Surge","floor":4},{"not_picked":["Loop","Streamline"],"picked":"Sweeping Beam","floor":5},{"not_picked":["Hello World","Streamline"],"picked":"Melter","floor":8},{"not_picked":["Gash","Barrage"],"picked":"Go for the Eyes","floor":10},{"not_picked":["Redo","Steam Power"],"picked":"Electrodynamics","floor":12},{"not_picked":["Fusion","Streamline"],"picked":"Beam Cell","floor":13},{"not_picked":["Sweeping Beam","Compile Driver"],"picked":"Scrape","floor":14},{"not_picked":["Seek","Buffer"],"picked":"Thunder Strike","floor":16},{"not_picked":["Fusion","Compile Driver+1","Steam Power"],"picked":"SKIP","floor":18},{"not_picked":["Barrage","Streamline"],"picked":"Reinforced Body+1","floor":19},{"not_picked":["Leap","Compile Driver"],"picked":"Beam Cell+1","floor":20},{"not_picked":["Sweeping Beam","Redo"],"picked":"Barrage+1","floor":21},{"not_picked":["Leap","Conserve Battery"],"picked":"Storm","floor":22},{"not_picked":["Gash","Hyperbeam"],"picked":"Ball Lightning+1","floor":23},{"not_picked":["Hologram","Beam Cell+1"],"picked":"Conserve Battery","floor":25},{"not_picked":["Sunder","Darkness"],"picked":"Redo","floor":28},{"not_picked":["Darkness","Barrage","Rebound"],"picked":"SKIP","floor":29},{"not_picked":["Rebound","Undo","Blizzard"],"picked":"SKIP","floor":31}],"player_experience":232007,"relics_obtained":[{"floor":2,"key":"Omamori"},{"floor":9,"key":"Bronze Scales"},{"floor":12,"key":"Centennial Puzzle"},{"floor":23,"key":"Anchor"},{"floor":28,"key":"Orichalcum"}],"event_choices":[{"damage_healed":0,"gold_gain":0,"player_choice":"Relic","damage_taken":0,"max_hp_gain":0,"max_hp_loss":0,"event_name":"Wheel of Change","floor":2,"gold_loss":0},{"damage_healed":0,"gold_gain":0,"player_choice":"Became a Ghost","damage_taken":0,"max_hp_gain":0,"max_hp_loss":34,"event_name":"Ghosts","floor":27,"gold_loss":0,"cards_obtained":["Ghostly","Ghostly","Ghostly","Ghostly","Ghostly"]},{"damage_healed":0,"gold_gain":99,"player_choice":"Stole From Cult","damage_taken":0,"max_hp_gain":0,"max_hp_loss":0,"event_name":"Nest","floor":30,"gold_loss":0}],"is_beta":false,"boss_relics":[{"not_picked":["Calling Bell","Fusion Hammer"],"picked":"Coffee Dripper"}],"items_purged_floors":[],"is_endless":false,"potions_floor_spawned":[1,3,4,10,13,16,18,20,29],"killed_by":"Automaton","ascension_level":1}