{"gold_per_floor":[111,111,111,36,48,48,78,92,92,105,118,43,77,77,77,148,148,158,158,158,175,190,190,217,217,217,217,232,250,250,260,260,331,331,351,88,88,107,119,119,131,160,186,215,315,340,340,340,340,340],"floor_reached":51,"playtime":3350,"items_purged":["Strike_G","Underhanded Strike"],"score":1492,"play_id":"ff4797a3-a997-42c1-9fde-8b2967f02faa","local_time":"20190808195505","is_ascension_mode":true,"campfire_choices":[{"data":"Bouncing Flask","floor":6.0,"key":"SMITH"},{"floor":15.0,"key":"REST"},{"floor":23.0,"key":"REST"},{"floor":27.0,"key":"REST"},{"floor":32.0,"key":"REST"},{"data":"Choke","floor":40.0,"key":"SMITH"},{"floor":47.0,"key":"REST"},{"floor":49.0,"key":"DIG"}],"neow_cost":"NONE","seed_source_timestamp":842666454567298,"circlet_count":0,"master_deck":["AscendersBane","Survivor","Neutralize+1","Bouncing Flask+1","Escape Plan","Endless Agony","PiercingWail","Well Laid Plans","Necronomicurse","Choke+1","Underhanded Strike","Dodge and Roll","PiercingWail","Deflect+1","Noxious Fumes","Outmaneuver","Corpse Explosion","Noxious Fumes","Riddle With Holes","Dash","Leg Sweep","Setup","Backflip+1","Skewer","Decay","Backflip","Apotheosis"],"special_seed":0,"relics":["Ring of the Snake","NeowsBlessing","Mango","FossilizedHelix","Bag of Preparation","WarpedTongs","Cursed Key","Necronomicon","Tough Bandages","Pandora\u0027s Box","PreservedInsect","Oddly Smooth Stone","Juzu Bracelet","Meat on the Bone","Shovel","The Courier","Shuriken"],"potions_floor_usage":[50],"damage_taken":[{"damage":0.0,"enemies":"Small Slimes","floor":1.0,"turns":1.0},{"damage":0.0,"enemies":"Jaw Worm","floor":5.0,"turns":1.0},{"damage":0.0,"enemies":"Lagavulin","floor":7.0,"turns":1.0},{"damage":1.0,"enemies":"2 Louse","floor":8.0,"turns":2.0},{"damage":0.0,"enemies":"Exordium Thugs","floor":10.0,"turns":4.0},{"damage":0.0,"enemies":"Blue Slaver","floor":11.0,"turns":4.0},{"damage":26.0,"enemies":"3 Sentries","floor":13.0,"turns":10.0},{"damage":43.0,"enemies":"The Guardian","floor":16.0,"turns":9.0},{"damage":5.0,"enemies":"Shell Parasite","floor":18.0,"turns":5.0},{"damage":5.0,"enemies":"Chosen","floor":21.0,"turns":6.0},{"damage":13.0,"enemies":"Sentry and Sphere","floor":22.0,"turns":5.0},{"damage":22.0,"enemies":"Book of Stabbing","floor":24.0,"turns":5.0},{"damage":9.0,"enemies":"Centurion and Healer","floor":28.0,"turns":5.0},{"damage":12.0,"enemies":"3 Cultists","floor":29.0,"turns":6.0},{"damage":1.0,"enemies":"Cultist and Chosen","floor":31.0,"turns":5.0},{"damage":24.0,"enemies":"Automaton","floor":33.0,"turns":10.0},{"damage":0.0,"enemies":"3 Shapes","floor":35.0,"turns":1.0},{"damage":2.0,"enemies":"3 Darklings","floor":38.0,"turns":3.0},{"damage":1.0,"enemies":"4 Shapes","floor":39.0,"turns":3.0},{"damage":19.0,"enemies":"Sphere and 2 Shapes","floor":41.0,"turns":4.0},{"damage":21.0,"enemies":"Reptomancer","floor":42.0,"turns":5.0},{"damage":0.0,"enemies":"Nemesis","floor":44.0,"turns":5.0},{"damage":0.0,"enemies":"Mind Bloom Boss Battle","floor":45.0,"turns":3.0},{"damage":0.0,"enemies":"Reptomancer","floor":46.0,"turns":6.0},{"damage":52,"enemies":"Donu and Deca","floor":50,"turns":6}],"seed_played":"4163808668247990573","potions_obtained":[{"floor":1.0,"key":"PowerPotion"},{"floor":5.0,"key":"Swift Potion"},{"floor":10.0,"key":"Strength Potion"},{"floor":16.0,"key":"Block Potion"},{"floor":22.0,"key":"Swift Potion"},{"floor":24.0,"key":"Dexterity Potion"},{"floor":35.0,"key":"FairyPotion"},{"floor":42.0,"key":"Regen Potion"},{"floor":44.0,"key":"Fire Potion"}],"is_trial":false,"path_per_floor":["M","?","$","?","M","R","E","M","T","M","M","$","E","?","R","B",null,"M","?","?","M","M","R","E","?","T","R","M","M","?","M","R","B",null,"M","$","T","M","M","R","M","E","T","E","?","E","R","?","R","B",null],"character_chosen":"THE_SILENT","items_purchased":["PreservedInsect"],"campfire_rested":5,"item_purchase_floors":[36],"current_hp_per_floor":[59,59,59,59,59,59,73,72,72,72,72,72,46,46,70,27,67,62,62,41,36,23,47,25,25,25,49,40,28,28,27,51,27,67,67,67,67,65,64,64,45,24,24,24,36,48,72,72,72,32],"gold":340,"neow_bonus":"THREE_ENEMY_KILL","is_prod":false,"is_daily":false,"chose_seed":false,"campfire_upgraded":2,"win_rate":0,"timestamp":1565319305,"path_taken":["M","?","$","?","M","R","E","M","T","M","M","$","E","?","R","BOSS","M","?","?","M","M","R","E","?","T","R","?","M","?","M","R","BOSS","M","$","?","?","M","R","M","E","T","E","?","E","R","?","R","BOSS"],"build_version":"2019-07-18","purchased_purges":2,"victory":true,"max_hp_per_floor":[66,66,66,66,66,66,80,80,80,80,80,80,80,80,80,80,80,80,80,80,80,80,80,80,80,80,80,80,80,80,80,80,80,80,80,80,80,80,80,80,80,80,80,80,80,80,80,80,80,80],"card_choices":[{"not_picked":["Deflect","Flying Knee"],"picked":"Bouncing Flask","floor":1.0},{"not_picked":["Blade Dance","All Out Attack"],"picked":"Escape Plan","floor":5.0},{"not_picked":["Flying Knee","Phantasmal Killer"],"picked":"Endless Agony","floor":7.0},{"not_picked":["Endless Agony","Riddle With Holes","Outmaneuver"],"picked":"SKIP","floor":8.0},{"not_picked":["Expertise","Quick Slash"],"picked":"PiercingWail","floor":10.0},{"not_picked":["PiercingWail","Flying Knee","Tactician"],"picked":"SKIP","floor":11.0},{"not_picked":["Riddle With Holes","Terror"],"picked":"Well Laid Plans","floor":13.0},{"not_picked":["Quick Slash","Outmaneuver","Flechettes"],"picked":"SKIP","floor":18.0},{"not_picked":["Deadly Poison","Bane"],"picked":"Choke","floor":21.0},{"not_picked":["Blade Dance","PiercingWail"],"picked":"Underhanded Strike","floor":22.0},{"not_picked":["Backstab","Sucker Punch"],"picked":"Dodge and Roll","floor":24.0},{"not_picked":["Tools of the Trade","Quick Slash+1"],"picked":"PiercingWail","floor":28.0},{"not_picked":["Deadly Poison+1","Sucker Punch"],"picked":"Deflect+1","floor":29.0},{"not_picked":["Dagger Spray","Sucker Punch"],"picked":"Noxious Fumes","floor":31.0},{"not_picked":["Backstab","Underhanded Strike"],"picked":"Backflip+1","floor":35.0},{"not_picked":["Riddle With Holes","Reflex","Infinite Blades+1"],"picked":"SKIP","floor":38.0},{"not_picked":["Prepared","Deflect","Poisoned Stab+1"],"picked":"SKIP","floor":39.0},{"not_picked":["Slice","Blade Dance","Concentrate"],"picked":"SKIP","floor":41.0},{"not_picked":["Backstab","Crippling Poison+1"],"picked":"Skewer","floor":42.0},{"not_picked":["Sucker Punch","Underhanded Strike+1","Distraction"],"picked":"SKIP","floor":44.0},{"not_picked":["Dagger Throw","Flying Knee"],"picked":"Backflip","floor":45.0},{"not_picked":["Outmaneuver","Concentrate","PiercingWail"],"picked":"SKIP","floor":46.0},{"not_picked":["Mind Blast","Secret Weapon"],"picked":"Apotheosis","floor":48.0}],"player_experience":386236,"relics_obtained":[{"floor":7.0,"key":"Mango"},{"floor":9.0,"key":"FossilizedHelix"},{"floor":13.0,"key":"Bag of Preparation"},{"floor":20.0,"key":"Necronomicon"},{"floor":24.0,"key":"Tough Bandages"},{"floor":42.0,"key":"Oddly Smooth Stone"},{"floor":43.0,"key":"Juzu Bracelet"},{"floor":44.0,"key":"Meat on the Bone"},{"floor":45.0,"key":"Shovel"},{"floor":46.0,"key":"The Courier"},{"floor":49.0,"key":"Shuriken"}],"event_choices":[{"damage_healed":0.0,"max_hp_gain":0.0,"max_hp_loss":0.0,"gold_gain":0.0,"event_name":"Living Wall","player_choice":"Grow","floor":2.0,"gold_loss":0.0,"damage_taken":0.0,"cards_upgraded":["Neutralize"]},{"cards_removed":["Strike_G"],"damage_healed":0.0,"max_hp_gain":0.0,"max_hp_loss":0.0,"gold_gain":0.0,"event_name":"The Cleric","player_choice":"Card Removal","floor":4.0,"gold_loss":75.0,"damage_taken":0.0},{"damage_healed":0.0,"max_hp_gain":0.0,"max_hp_loss":0.0,"gold_gain":0.0,"event_name":"Accursed Blacksmith","player_choice":"Rummage","floor":14.0,"gold_loss":0.0,"damage_taken":0.0,"relics_obtained":["WarpedTongs"],"cards_obtained":["Pain"]},{"damage_healed":0.0,"max_hp_gain":0.0,"max_hp_loss":0.0,"gold_gain":0.0,"event_name":"Vampires","player_choice":"Ignored","floor":19.0,"gold_loss":0.0,"damage_taken":0.0},{"damage_healed":0.0,"max_hp_gain":0.0,"max_hp_loss":0.0,"gold_gain":0.0,"event_name":"Cursed Tome","player_choice":"Obtained Book","floor":20.0,"gold_loss":0.0,"damage_taken":21.0},{"damage_healed":0.0,"max_hp_gain":0.0,"max_hp_loss":0.0,"gold_gain":0.0,"event_name":"FaceTrader","player_choice":"Leave","floor":25.0,"gold_loss":0.0,"damage_taken":0.0},{"cards_removed":["Pain"],"damage_healed":0.0,"max_hp_gain":0.0,"max_hp_loss":0.0,"gold_gain":0.0,"event_name":"Fountain of Cleansing","player_choice":"Removed Curses","floor":30.0,"gold_loss":0.0,"damage_taken":0.0},{"damage_healed":0.0,"max_hp_gain":0.0,"max_hp_loss":0.0,"gold_gain":0.0,"event_name":"MindBloom","player_choice":"Fight","floor":45.0,"gold_loss":0.0,"damage_taken":0.0},{"damage_healed":0.0,"max_hp_gain":0.0,"max_hp_loss":0.0,"gold_gain":0.0,"event_name":"SensoryStone","player_choice":"Memory 1","floor":48.0,"gold_loss":0.0,"damage_taken":0.0}],"is_beta":true,"boss_relics":[{"not_picked":["Tiny House","Velvet Choker"],"picked":"Cursed Key"},{"not_picked":["Fusion Hammer","Black Star"],"picked":"Pandora\u0027s Box"}],"items_purged_floors":[12,36],"is_endless":false,"potions_floor_spawned":[1,5,10,11,16,22,24,28,35,42,44,46],"ascension_level":16}