{"gold_per_floor":[119,119,119,136,136,162,181,181,181,212,212,230,260,12,12,89,89,109,109,29,29,29,29,40,68,68,79,79,79],"floor_reached":29,"playtime":1947,"items_purged":[],"score":643,"play_id":"8180c7bb-24a4-4141-ad80-0fc78a925d98","local_time":"20190803145753","is_ascension_mode":true,"campfire_choices":[{"data":"Burst","floor":11.0,"key":"SMITH"},{"data":"Survivor","floor":15.0,"key":"SMITH"},{"data":"Noxious Fumes","floor":23.0,"key":"SMITH"}],"neow_cost":"NONE","seed_source_timestamp":131463263934499,"circlet_count":0,"master_deck":["AscendersBane","Defend_G","Defend_G","Defend_G","Defend_G","Defend_G","Survivor+1","Neutralize+1","Slice","Poisoned Stab","Terror","Burst+1","Crippling Poison+1","Bouncing Flask+1","PiercingWail+1","Malaise+1","Deflect+1","Malaise+1","PiercingWail+1","Noxious Fumes+1","Bite","Bite","Bite","Bite","Bite","Deflect+1","Tools of the Trade"],"special_seed":0,"relics":["Ring of the Snake","NeowsBlessing","Mummified Hand","Toxic Egg 2","Singing Bowl","Question Card","Philosopher\u0027s Stone","Mercury Hourglass","Matryoshka","Enchiridion"],"potions_floor_usage":[29,29],"damage_taken":[{"damage":0.0,"enemies":"2 Louse","floor":1.0,"turns":1.0},{"damage":0.0,"enemies":"Jaw Worm","floor":4.0,"turns":1.0},{"damage":0.0,"enemies":"3 Sentries","floor":6.0,"turns":1.0},{"damage":0.0,"enemies":"Cultist","floor":7.0,"turns":3.0},{"damage":15.0,"enemies":"Lagavulin","floor":10.0,"turns":6.0},{"damage":0.0,"enemies":"2 Fungi Beasts","floor":12.0,"turns":4.0},{"damage":29.0,"enemies":"Gremlin Nob","floor":13.0,"turns":4.0},{"damage":6.0,"enemies":"Hexaghost","floor":16.0,"turns":8.0},{"damage":16.0,"enemies":"Chosen","floor":18.0,"turns":10.0},{"damage":15.0,"enemies":"2 Thieves","floor":24.0,"turns":4.0},{"damage":0.0,"enemies":"Book of Stabbing","floor":25.0,"turns":9.0},{"damage":24.0,"enemies":"Chosen and Byrds","floor":27.0,"turns":6.0},{"damage":22,"enemies":"Cultist and Chosen","floor":29,"turns":4}],"seed_played":"8781631510793630553","potions_obtained":[{"floor":4.0,"key":"PowerPotion"},{"floor":13.0,"key":"Energy Potion"},{"floor":16.0,"key":"PowerPotion"},{"floor":24.0,"key":"Weak Potion"}],"is_trial":false,"path_per_floor":["M","?","?","M","?","E","M","?","T","E","R","M","E","$","R","B",null,"M","?","$","?","$","R","M","E","T","M","?","M"],"character_chosen":"THE_SILENT","items_purchased":["Malaise+1","Deflect+1","Block Potion","Noxious Fumes"],"campfire_rested":0,"item_purchase_floors":[14,14,14,20],"current_hp_per_floor":[59,52,52,52,52,52,52,57,57,42,42,42,13,13,13,7,55,39,39,39,39,39,39,32,49,49,31,10,0],"gold":79,"neow_bonus":"THREE_ENEMY_KILL","is_prod":false,"is_daily":false,"chose_seed":false,"campfire_upgraded":3,"win_rate":0,"timestamp":1564869473,"path_taken":["M","?","?","M","?","E","M","?","T","E","R","?","E","?","R","BOSS","M","?","$","?","?","R","M","E","T","M","?","?"],"build_version":"2019-07-17","purchased_purges":0,"victory":false,"max_hp_per_floor":[66,66,66,66,66,66,66,71,71,71,71,71,71,71,71,71,71,71,71,71,49,49,49,49,49,49,51,51,51],"card_choices":[{"not_picked":["Dodge and Roll","Deflect"],"picked":"Slice","floor":1.0},{"not_picked":["Outmaneuver","Dagger Throw"],"picked":"Poisoned Stab","floor":4.0},{"not_picked":["Riddle With Holes","Prepared"],"picked":"Terror","floor":6.0},{"not_picked":["Slice","Backflip"],"picked":"Burst","floor":7.0},{"not_picked":["Dagger Throw","Leg Sweep+1"],"picked":"Crippling Poison+1","floor":10.0},{"not_picked":["Underhanded Strike","Skewer"],"picked":"Bouncing Flask+1","floor":12.0},{"not_picked":["Predator","Flying Knee"],"picked":"PiercingWail+1","floor":13.0},{"not_picked":["A Thousand Cuts","After Image","Phantasmal Killer+1"],"picked":"Malaise+1","floor":16.0},{"not_picked":["Deflect+1","Poisoned Stab","Dash+1"],"picked":"PiercingWail+1","floor":18.0},{"not_picked":["Flying Knee","Quick Slash","Prepared+1"],"picked":"Deflect+1","floor":24.0},{"not_picked":["Glass Knife","Quick Slash","Choke"],"picked":"Tools of the Trade","floor":25.0},{"not_picked":["Terror+1","Underhanded Strike","Slice","Expertise+1"],"picked":"Singing Bowl","floor":27.0}],"player_experience":1201724,"relics_obtained":[{"floor":6.0,"key":"Mummified Hand"},{"floor":9.0,"key":"Toxic Egg 2"},{"floor":10.0,"key":"Singing Bowl"},{"floor":13.0,"key":"Question Card"},{"floor":25.0,"key":"Mercury Hourglass"},{"floor":26.0,"key":"Matryoshka"},{"floor":28.0,"key":"Enchiridion"}],"event_choices":[{"cards_removed":["Strike_G"],"damage_healed":0.0,"max_hp_gain":0.0,"max_hp_loss":0.0,"gold_gain":0.0,"event_name":"Golden Wing","player_choice":"Card Removal","floor":2.0,"gold_loss":0.0,"damage_taken":7.0},{"damage_healed":0.0,"max_hp_gain":0.0,"max_hp_loss":0.0,"gold_gain":0.0,"event_name":"Living Wall","player_choice":"Grow","floor":3.0,"gold_loss":0.0,"damage_taken":0.0,"cards_upgraded":["Neutralize"]},{"damage_healed":0.0,"max_hp_gain":0.0,"max_hp_loss":0.0,"gold_gain":0.0,"event_name":"Liars Game","player_choice":"Ignored","floor":5.0,"gold_loss":0.0,"damage_taken":0.0},{"damage_healed":0.0,"max_hp_gain":5.0,"max_hp_loss":0.0,"gold_gain":0.0,"event_name":"Big Fish","player_choice":"Donut","floor":8.0,"gold_loss":0.0,"damage_taken":0.0},{"damage_healed":0.0,"max_hp_gain":0.0,"max_hp_loss":0.0,"gold_gain":0.0,"event_name":"Beggar","player_choice":"Ignored","floor":19.0,"gold_loss":0.0,"damage_taken":0.0},{"damage_healed":0.0,"max_hp_gain":0.0,"max_hp_loss":22.0,"gold_gain":0.0,"event_name":"Vampires","player_choice":"Became a vampire","floor":21.0,"gold_loss":0.0,"damage_taken":0.0,"cards_obtained":["Bite","Bite","Bite","Bite","Bite"]},{"damage_healed":0.0,"max_hp_gain":0.0,"max_hp_loss":0.0,"gold_gain":0.0,"event_name":"Cursed Tome","player_choice":"Obtained Book","floor":28.0,"gold_loss":0.0,"damage_taken":21.0}],"is_beta":false,"boss_relics":[{"not_picked":["Ring of the Serpent","Black Star"],"picked":"Philosopher\u0027s Stone"}],"items_purged_floors":[],"is_endless":false,"potions_floor_spawned":[4,13,16,24,25],"killed_by":"Cultist and Chosen","ascension_level":20}