{"gold_per_floor":[115,128,146,18,38,71,71,98,98,111,111,36,36,49,49,123,123,135,145,45,60,76,76,105,105,186,61,94,108,126,139,139,212,212,223,73,90,108,108,108,124,124,124,124,153,153,180,193,193,193],"floor_reached":50,"playtime":1708,"items_purged":["Strike_B","Strike_B","Strike_B","Strike_B"],"score":1137,"play_id":"9becb3a5-cbc5-4a1a-8ef7-d5f3a3224697","local_time":"20190620215349","is_ascension_mode":true,"campfire_choices":[{"data":"Hyperbeam","floor":7.0,"key":"SMITH"},{"data":"Beam Cell","floor":11.0,"key":"SMITH"},{"data":"Zap","floor":13.0,"key":"SMITH"},{"data":"Self Repair","floor":15.0,"key":"SMITH"},{"floor":23.0,"key":"REST"},{"data":"Creative AI","floor":25.0,"key":"SMITH"},{"data":"Turbo","floor":32.0,"key":"SMITH"},{"data":"Hologram","floor":40.0,"key":"SMITH"},{"data":"Go for the Eyes","floor":42.0,"key":"SMITH"},{"data":"Conserve Battery","floor":44.0,"key":"SMITH"},{"floor":49,"key":"REST"}],"neow_cost":"NONE","seed_source_timestamp":4046763766165,"circlet_count":0,"master_deck":["AscendersBane","Defend_B","Defend_B","Defend_B","Defend_B","Zap+1","Dualcast","Ball Lightning","Leap","Self Repair+1","Hyperbeam+1","BootSequence","Ball Lightning","Core Surge","Beam Cell+1","BootSequence","Creative AI+1","Hologram+1","Compile Driver","Turbo+1","White Noise","Conserve Battery+1","Core Surge","Cold Snap","Go for the Eyes+1","Gash","Gash","Auto Shields+1"],"special_seed":0,"relics":["FrozenCore","Centennial Puzzle","Bottled Tornado","DataDisk","Boot","Mummified Hand","Shuriken","Pantograph","Nuclear Battery","Mango","Regal Pillow","Orichalcum"],"potions_floor_usage":[],"damage_taken":[{"damage":6.0,"enemies":"Cultist","floor":1.0,"turns":4.0},{"damage":0.0,"enemies":"Small Slimes","floor":2.0,"turns":2.0},{"damage":0.0,"enemies":"2 Louse","floor":3.0,"turns":2.0},{"damage":0.0,"enemies":"Lots of Slimes","floor":5.0,"turns":1.0},{"damage":8.0,"enemies":"Gremlin Nob","floor":6.0,"turns":3.0},{"damage":11.0,"enemies":"Lagavulin","floor":8.0,"turns":7.0},{"damage":2.0,"enemies":"Exordium Wildlife","floor":10.0,"turns":3.0},{"damage":1.0,"enemies":"Gremlin Gang","floor":14.0,"turns":3.0},{"damage":38.0,"enemies":"Hexaghost","floor":16.0,"turns":8.0},{"damage":10.0,"enemies":"Spheric Guardian","floor":18.0,"turns":4.0},{"damage":4.0,"enemies":"Chosen","floor":19.0,"turns":4.0},{"damage":25.0,"enemies":"Snecko","floor":21.0,"turns":4.0},{"damage":16.0,"enemies":"Shelled Parasite and Fungi","floor":22.0,"turns":6.0},{"damage":16.0,"enemies":"Slavers","floor":24.0,"turns":5.0},{"damage":29.0,"enemies":"Book of Stabbing","floor":28.0,"turns":4.0},{"damage":7.0,"enemies":"Sentry and Sphere","floor":29.0,"turns":5.0},{"damage":7.0,"enemies":"Cultist and Chosen","floor":30.0,"turns":5.0},{"damage":4.0,"enemies":"Centurion and Healer","floor":31.0,"turns":3.0},{"damage":65.0,"enemies":"Collector","floor":33.0,"turns":10.0},{"damage":15.0,"enemies":"3 Darklings","floor":35.0,"turns":4.0},{"damage":7.0,"enemies":"3 Shapes","floor":37.0,"turns":4.0},{"damage":42.0,"enemies":"Maw","floor":38.0,"turns":8.0},{"damage":33.0,"enemies":"Jaw Worm Horde","floor":41.0,"turns":4.0},{"damage":52.0,"enemies":"Nemesis","floor":45.0,"turns":7.0},{"damage":22,"enemies":"Reptomancer","floor":47,"turns":5},{"damage":12,"enemies":"3 Darklings","floor":48,"turns":4},{"damage":85,"enemies":"Awakened One","floor":50,"turns":11}],"seed_played":"697016333006287229","potions_obtained":[{"floor":3.0,"key":"SkillPotion"},{"floor":6.0,"key":"GamblersBrew"},{"floor":8.0,"key":"SkillPotion"},{"floor":22.0,"key":"LiquidBronze"},{"floor":24.0,"key":"LiquidBronze"},{"floor":30.0,"key":"Energy Potion"},{"floor":35.0,"key":"FearPotion"},{"floor":48,"key":"Ancient Potion"}],"is_trial":false,"path_per_floor":["M","M","M","$","M","E","R","E","T","M","R","$","R","M","R","B",null,"M","M","$","M","M","R","E","R","T","$","E","M","M","M","R","B",null,"M","$","M","M","?","R","M","R","T","R","E","$","E","M","R","B"],"character_chosen":"DEFECT","items_purchased":["Hyperbeam","FearPotion"],"campfire_rested":2,"item_purchase_floors":[4,4],"current_hp_per_floor":[58,58,58,58,58,57,57,53,53,58,58,58,58,64,64,36,62,62,68,68,43,37,58,52,52,52,52,33,36,39,45,45,15,57,52,52,55,23,81,81,58,58,72,72,30,30,18,16,59,0],"gold":193,"neow_bonus":"RANDOM_COMMON_RELIC","is_prod":false,"is_daily":false,"chose_seed":false,"campfire_upgraded":9,"win_rate":0,"timestamp":1561060429,"path_taken":["M","M","M","$","M","E","R","E","T","M","R","$","R","?","R","BOSS","M","M","$","?","M","R","E","R","T","$","E","M","M","M","R","BOSS","M","$","M","?","?","R","M","R","T","R","E","?","E","M","R","BOSS"],"build_version":"2019-06-19","purchased_purges":4,"victory":false,"max_hp_per_floor":[71,71,71,71,71,71,71,71,71,71,71,71,71,71,71,71,71,71,71,71,71,71,71,71,71,71,71,71,71,71,71,71,71,71,71,71,71,71,81,81,81,81,95,95,95,95,95,95,95,95],"card_choices":[{"not_picked":["Beam Cell","Leap"],"picked":"Ball Lightning","floor":1.0},{"not_picked":["Turbo","Go for the Eyes"],"picked":"Leap","floor":2.0},{"not_picked":["Barrage","Leap"],"picked":"Self Repair","floor":3.0},{"not_picked":["Consume","Leap"],"picked":"BootSequence","floor":5.0},{"not_picked":["Scrape","Compile Driver"],"picked":"Ball Lightning","floor":6.0},{"not_picked":["Consume","Steam Power"],"picked":"Core Surge","floor":8.0},{"not_picked":["Cold Snap","Compile Driver"],"picked":"Beam Cell","floor":10.0},{"not_picked":["Beam Cell","Leap"],"picked":"BootSequence","floor":14.0},{"not_picked":["Fission","Multi-Cast"],"picked":"Creative AI","floor":16.0},{"not_picked":["Doom and Gloom","Stack"],"picked":"Hologram","floor":18.0},{"not_picked":["Go for the Eyes","Hologram","Rebound"],"picked":"SKIP","floor":19.0},{"not_picked":["FTL","Melter"],"picked":"Compile Driver","floor":21.0},{"not_picked":["Hologram","Doom and Gloom","Chill"],"picked":"SKIP","floor":22.0},{"not_picked":["Leap","Redo"],"picked":"Turbo","floor":24.0},{"not_picked":["Barrage+1","Self Repair"],"picked":"White Noise","floor":28.0},{"not_picked":["Ball Lightning","Beam Cell","Leap"],"picked":"SKIP","floor":29.0},{"not_picked":["Self Repair","Chaos"],"picked":"Electrodynamics","floor":30.0},{"not_picked":["Hologram","Gash"],"picked":"Conserve Battery","floor":31.0},{"not_picked":["Buffer","Fission"],"picked":"Core Surge","floor":33.0},{"not_picked":["Steam","Sweeping Beam"],"picked":"Cold Snap","floor":35.0},{"not_picked":["Skim","Chaos","Sweeping Beam+1"],"picked":"SKIP","floor":37.0},{"not_picked":["Leap","Conserve Battery","Chaos+1"],"picked":"SKIP","floor":38.0},{"not_picked":["Hologram+1","Cold Snap"],"picked":"Go for the Eyes","floor":41.0},{"not_picked":["Rip and Tear+1","Multi-Cast"],"picked":"Gash","floor":45.0},{"not_picked":["Sweeping Beam","Steam"],"picked":"Gash","floor":47},{"not_picked":["Steam Power","Doom and Gloom"],"picked":"Auto Shields+1","floor":48}],"player_experience":1746873,"relics_obtained":[{"floor":6.0,"key":"Bottled Tornado"},{"floor":8.0,"key":"DataDisk"},{"floor":9.0,"key":"Boot"},{"floor":24.0,"key":"Mummified Hand"},{"floor":26.0,"key":"Shuriken"},{"floor":28.0,"key":"Pantograph"},{"floor":43.0,"key":"Mango"},{"floor":45.0,"key":"Regal Pillow"},{"floor":47,"key":"Orichalcum"}],"event_choices":[{"cards_removed":["Electrodynamics"],"damage_healed":48.0,"max_hp_gain":10.0,"max_hp_loss":0.0,"gold_gain":0.0,"event_name":"Bonfire Elementals","player_choice":"Offered Rare","floor":39.0,"gold_loss":0.0,"damage_taken":0.0}],"is_beta":true,"boss_relics":[{"not_picked":["Tiny House","Busted Crown"],"picked":"FrozenCore"},{"not_picked":["Empty Cage","Black Star"],"picked":"Nuclear Battery"}],"items_purged_floors":[12,20,27,36],"is_endless":false,"potions_floor_spawned":[3,6,8,10,16,21,22,24,30,35,38,45,48],"killed_by":"Awakened One","ascension_level":20}