{"gold_per_floor":[112,112,37,54,54,54,66,97,120,139,139,153,153,166,166,266,266,286,105,105,105,116,116],"floor_reached":23,"playtime":1019,"items_purged":["Regret","Strike_R"],"score":258,"play_id":"19b4c7e9-d0ba-4320-89f7-3d719ad6a0b3","local_time":"20190808144136","is_ascension_mode":true,"campfire_choices":[{"data":"Clothesline","floor":6,"key":"SMITH"},{"data":"Bash","floor":11,"key":"SMITH"},{"data":"Sword Boomerang","floor":13,"key":"SMITH"},{"data":"Body Slam","floor":15,"key":"SMITH"}],"neow_cost":"NONE","seed_source_timestamp":424106635171400,"circlet_count":0,"master_deck":["Strike_R","Strike_R","Strike_R","Strike_R","Defend_R","Defend_R","Defend_R","Defend_R+1","Bash+1","Clothesline+1","Ghostly Armor+1","Sword Boomerang+1","Body Slam+1","Demon Form","Flame Barrier","Metallicize","Havoc"],"relics":["Burning Blood","Boot","Red Skull","Oddly Smooth Stone","War Paint","Velvet Choker"],"potions_floor_usage":[8,16],"damage_taken":[{"damage":11,"enemies":"2 Louse","floor":1,"turns":3},{"damage":2,"enemies":"Jaw Worm","floor":4,"turns":3},{"damage":2,"enemies":"Cultist","floor":7,"turns":4},{"damage":28,"enemies":"Lagavulin","floor":8,"turns":8},{"damage":26,"enemies":"Large Slime","floor":10,"turns":7},{"damage":5,"enemies":"Looter","floor":12,"turns":2},{"damage":0,"enemies":"Exordium Thugs","floor":14,"turns":4},{"damage":35,"enemies":"Slime Boss","floor":16,"turns":13},{"damage":6,"enemies":"Shell Parasite","floor":18,"turns":4},{"damage":18,"enemies":"3 Byrds","floor":22,"turns":6},{"damage":51,"enemies":"Gremlin Leader","floor":23,"turns":5}],"seed_played":"2876360044596399488","potions_obtained":[{"floor":4,"key":"PowerPotion"},{"floor":7,"key":"BloodPotion"},{"floor":10,"key":"SteroidPotion"},{"floor":16,"key":"FearPotion"},{"floor":18,"key":"SteroidPotion"}],"is_trial":false,"path_per_floor":["M","?","$","M","T","R","M","E","T","M","R","M","R","M","R","B",null,"M","$","?","?","M","E"],"character_chosen":"IRONCLAD","items_purchased":["Metallicize"],"campfire_rested":0,"item_purchase_floors":[19],"current_hp_per_floor":[75,75,75,79,79,79,83,61,61,41,41,42,42,48,48,19,71,71,71,54,54,42,0],"gold":116,"neow_bonus":"TEN_PERCENT_HP_BONUS","is_prod":false,"is_daily":false,"chose_seed":false,"campfire_upgraded":4,"win_rate":0,"timestamp":1565293296,"path_taken":["M","?","$","M","?","R","M","E","T","M","R","?","R","M","R","BOSS","M","$","?","?","M","E"],"build_version":"2019-07-17","purchased_purges":2,"victory":false,"max_hp_per_floor":[88,88,88,88,88,88,88,88,88,88,88,88,88,88,88,88,88,88,88,93,93,93,93],"card_choices":[{"not_picked":["Cleave","Reckless Charge"],"picked":"Clothesline","floor":1},{"not_picked":["Battle Trance","Clash"],"picked":"Ghostly Armor","floor":4},{"not_picked":["Heavy Blade","Dropkick","Dark Embrace"],"picked":"SKIP","floor":7},{"not_picked":["Clash","True Grit"],"picked":"Sword Boomerang","floor":8},{"not_picked":["Shrug It Off","Pommel Strike","Armaments"],"picked":"SKIP","floor":10},{"not_picked":["Flex","Hemokinesis","Warcry"],"picked":"SKIP","floor":12},{"not_picked":["Shrug It Off","Armaments"],"picked":"Body Slam","floor":14},{"not_picked":["Barricade","Dark Embrace"],"picked":"Demon Form","floor":16},{"not_picked":["Twin Strike","Heavy Blade"],"picked":"Flame Barrier","floor":18},{"not_picked":["Thunderclap","Infernal Blade"],"picked":"Havoc","floor":22}],"player_experience":478017,"relics_obtained":[{"floor":5,"key":"Red Skull"},{"floor":8,"key":"Oddly Smooth Stone"},{"floor":9,"key":"War Paint"}],"event_choices":[{"damage_healed":0,"gold_gain":0,"player_choice":"Box","damage_taken":0,"relics_obtained":["Boot"],"max_hp_gain":0,"max_hp_loss":0,"event_name":"Big Fish","floor":2,"gold_loss":0,"cards_obtained":["Regret"]},{"damage_healed":0,"gold_gain":0,"player_choice":"Shed Blood","damage_taken":22,"max_hp_gain":5,"max_hp_loss":0,"event_name":"Forgotten Altar","floor":20,"gold_loss":0},{"damage_healed":0,"gold_gain":0,"player_choice":"Ignored","damage_taken":0,"max_hp_gain":0,"max_hp_loss":0,"event_name":"Cursed Tome","floor":21,"gold_loss":0}],"is_beta":false,"boss_relics":[{"not_picked":["Empty Cage","Orrery"],"picked":"Velvet Choker"}],"items_purged_floors":[3,19],"is_endless":false,"potions_floor_spawned":[4,7,10,16,18],"killed_by":"Gremlin Leader","ascension_level":7}