{"gold_per_floor":[114,36,54,74,74,74,74,103,103,130,130,55,55,70,70,165,165,179,191,191,191,208,236,236,270,270,270,270,23,34,52,52,154,154,166,183,194,14,31,31,57,57,57,57,157,177,192,33,33,33],"floor_reached":50,"playtime":6736,"items_purged":["Strike_B","Strike_B+1"],"score":546,"play_id":"ca3316be-f669-4b97-be11-4b32ced0ae6d","local_time":"20190811020116","is_ascension_mode":true,"campfire_choices":[{"data":"Genetic Algorithm","floor":6,"key":"SMITH"},{"data":"Self Repair","floor":11,"key":"SMITH"},{"data":"Coolheaded","floor":13,"key":"SMITH"},{"data":"Sweeping Beam","floor":15,"key":"SMITH"},{"data":"Conserve Battery","floor":24,"key":"SMITH"},{"data":"Cold Snap","floor":32,"key":"SMITH"},{"data":"Seek","floor":40,"key":"SMITH"},{"data":"Melter","floor":42,"key":"SMITH"},{"floor":49,"key":"REST"}],"neow_cost":"NONE","seed_source_timestamp":264406555359229,"circlet_count":0,"master_deck":["Strike_B+1","Strike_B+1","Defend_B+1","Defend_B+1","Defend_B+1","Defend_B+1","Zap+1","Dualcast","Hyperbeam+1","Coolheaded+1","Self Repair+1","Genetic Algorithm+1","FTL+1","Conserve Battery+1","Ball Lightning","Sweeping Beam+1","Ball Lightning","Conserve Battery+1","Cold Snap+1","Seek+1","Darkness","Glacier+1","Melter+1","Coolheaded+1","Melter+1","Hologram+1","Defragment+1","Undo"],"relics":["Cracked Core","Bottled Lightning","Omamori","War Paint","Philosopher\u0027s Stone","Nilry\u0027s Codex","Ancient Tea Set","Juzu Bracelet","Frozen Egg 2","Singing Bowl","Velvet Choker","Dream Catcher","Mercury Hourglass","Gambling Chip"],"potions_floor_usage":[19,31,33,33,47,50,50,50],"damage_taken":[{"damage":6,"enemies":"Jaw Worm","floor":1,"turns":3},{"damage":0,"enemies":"Cultist","floor":3,"turns":4},{"damage":5,"enemies":"2 Louse","floor":4,"turns":2},{"damage":1,"enemies":"3 Sentries","floor":8,"turns":3},{"damage":11,"enemies":"Lagavulin","floor":10,"turns":9},{"damage":0,"enemies":"Looter","floor":14,"turns":3},{"damage":19,"enemies":"The Guardian","floor":16,"turns":14},{"damage":4,"enemies":"Chosen","floor":18,"turns":5},{"damage":0,"enemies":"3 Byrds","floor":19,"turns":1},{"damage":20,"enemies":"Shelled Parasite and Fungi","floor":22,"turns":7},{"damage":27,"enemies":"Gremlin Leader","floor":23,"turns":5},{"damage":8,"enemies":"Book of Stabbing","floor":25,"turns":6},{"damage":5,"enemies":"Snake Plant","floor":30,"turns":4},{"damage":4,"enemies":"Centurion and Healer","floor":31,"turns":6},{"damage":47,"enemies":"Automaton","floor":33,"turns":10},{"damage":1,"enemies":"Orb Walker","floor":35,"turns":4},{"damage":0,"enemies":"3 Shapes","floor":36,"turns":2},{"damage":0,"enemies":"Jaw Worm Horde","floor":37,"turns":4},{"damage":18,"enemies":"Transient","floor":39,"turns":5},{"damage":39,"enemies":"Nemesis","floor":41,"turns":9},{"damage":0,"enemies":"Mind Bloom Boss Battle","floor":45,"turns":7},{"damage":9,"enemies":"Spire Growth","floor":46,"turns":5},{"damage":0,"enemies":"4 Shapes","floor":47,"turns":4},{"damage":88,"enemies":"Awakened One","floor":50,"turns":14}],"seed_played":"-974650765632971626","potions_obtained":[{"floor":1,"key":"Explosive Potion"},{"floor":14,"key":"SpeedPotion"},{"floor":22,"key":"SteroidPotion"},{"floor":23,"key":"Explosive Potion"},{"floor":25,"key":"Ancient Potion"},{"floor":33,"key":"Energy Potion"},{"floor":35,"key":"SteroidPotion"},{"floor":39,"key":"FearPotion"},{"floor":41,"key":"PowerPotion"},{"floor":47,"key":"Ancient Potion"}],"is_trial":false,"path_per_floor":["M","$","M","M","?","R","$","E","T","E","R","$","R","M","R","B",null,"M","M","?","?","M","E","R","E","T","?","?","$","M","M","R","B",null,"M","M","M","$","M","R","E","R","T","$","?","M","M","$","R","B"],"character_chosen":"DEFECT","items_purchased":["Self Repair","Singing Bowl","Melter","Defragment+1","Undo","Block Potion"],"campfire_rested":1,"item_purchase_floors":[2,29,38,48,48,48],"current_hp_per_floor":[69,69,75,75,60,60,60,59,59,55,55,55,55,65,65,56,75,75,75,59,59,49,32,32,34,34,34,34,34,41,49,49,12,79,78,78,80,80,64,64,35,35,35,35,45,46,48,48,75,0],"gold":33,"neow_bonus":"ONE_RANDOM_RARE_CARD","is_prod":false,"is_daily":false,"chose_seed":false,"campfire_upgraded":8,"win_rate":0,"timestamp":1565481676,"path_taken":["M","$","M","M","?","R","$","E","T","E","R","$","R","M","R","BOSS","M","M","?","?","?","E","R","E","T","?","?","$","M","M","R","BOSS","M","M","M","$","M","R","E","R","T","$","?","M","M","$","R","BOSS"],"build_version":"2019-07-17","purchased_purges":2,"victory":false,"max_hp_per_floor":[75,75,75,75,75,75,75,75,75,75,75,75,75,75,75,75,75,75,75,75,75,75,75,75,75,75,75,75,75,77,79,79,79,79,79,79,81,81,83,83,83,83,83,83,83,83,85,85,87,87],"card_choices":[{"not_picked":["Force Field","Barrage"],"picked":"Coolheaded","floor":1},{"not_picked":["Steam","Compile Driver"],"picked":"Genetic Algorithm","floor":3},{"not_picked":["Barrage","Streamline"],"picked":"FTL","floor":4},{"not_picked":["Coolheaded","Reboot"],"picked":"Conserve Battery","floor":8},{"not_picked":["Cold Snap","Rebound"],"picked":"Ball Lightning","floor":10},{"not_picked":["Glacier","Recycle"],"picked":"Sweeping Beam","floor":14},{"not_picked":["Steam","Storm","Rebound"],"picked":"SKIP","floor":18},{"not_picked":["Compile Driver+1","Melter"],"picked":"Ball Lightning","floor":19},{"not_picked":["Consume","Rip and Tear+1"],"picked":"Conserve Battery","floor":22},{"not_picked":["Steam","BootSequence+1"],"picked":"Cold Snap","floor":23},{"not_picked":["Turbo+1","Stack","Beam Cell+1"],"picked":"SKIP","floor":25},{"not_picked":["Cold Snap","Blizzard","BootSequence+1"],"picked":"Singing Bowl","floor":30},{"not_picked":["Scrape+1","Sunder","Lockon"],"picked":"Singing Bowl","floor":31},{"not_picked":["Amplify","Rainbow"],"picked":"Seek","floor":33},{"not_picked":["Compile Driver","Loop+1"],"picked":"Darkness","floor":35},{"not_picked":["Steam+1","Compile Driver+1"],"picked":"Glacier+1","floor":36},{"not_picked":["Lockon+1","Steam Power","Barrage+1"],"picked":"Singing Bowl","floor":37},{"not_picked":["Fusion+1","Rebound","Scrape"],"picked":"Singing Bowl","floor":39},{"not_picked":["Streamline","Rainbow"],"picked":"Coolheaded+1","floor":41},{"not_picked":["Ball Lightning+1","Stack"],"picked":"Melter+1","floor":45},{"not_picked":["Compile Driver","Leap+1"],"picked":"Hologram+1","floor":46},{"not_picked":["Reinforced Body+1","Cold Snap","Steam"],"picked":"Singing Bowl","floor":47},{"not_picked":["Sunder+1","Steam","Stack"],"picked":"Singing Bowl","floor":49}],"player_experience":203007,"relics_obtained":[{"floor":8,"key":"Bottled Lightning"},{"floor":9,"key":"Omamori"},{"floor":10,"key":"War Paint"},{"floor":20,"key":"Nilry\u0027s Codex"},{"floor":23,"key":"Ancient Tea Set"},{"floor":25,"key":"Juzu Bracelet"},{"floor":26,"key":"Frozen Egg 2"},{"floor":41,"key":"Dream Catcher"},{"floor":43,"key":"Mercury Hourglass"},{"floor":45,"key":"Gambling Chip"}],"event_choices":[{"damage_healed":0,"gold_gain":0,"player_choice":"Entered Light","damage_taken":15,"max_hp_gain":0,"max_hp_loss":0,"event_name":"Shining Light","floor":5,"gold_loss":0,"cards_upgraded":["Hyperbeam","Defend_B"]},{"damage_healed":0,"gold_gain":0,"player_choice":"Obtained Book","damage_taken":16,"max_hp_gain":0,"max_hp_loss":0,"event_name":"Cursed Tome","floor":20,"gold_loss":0},{"damage_healed":0,"gold_gain":0,"player_choice":"Forge","damage_taken":0,"max_hp_gain":0,"max_hp_loss":0,"event_name":"Accursed Blacksmith","floor":21,"gold_loss":0,"cards_upgraded":["FTL"]},{"damage_healed":0,"gold_gain":0,"player_choice":"Simplicity","damage_taken":0,"max_hp_gain":0,"max_hp_loss":0,"event_name":"Back to Basics","floor":27,"gold_loss":0,"cards_upgraded":["Strike_B","Strike_B","Strike_B","Defend_B","Defend_B","Defend_B"]},{"damage_healed":0,"gold_gain":0,"player_choice":"Ignored","damage_taken":0,"max_hp_gain":0,"max_hp_loss":0,"event_name":"Ghosts","floor":28,"gold_loss":0},{"damage_healed":0,"gold_gain":0,"player_choice":"Fight","damage_taken":0,"max_hp_gain":0,"max_hp_loss":0,"event_name":"MindBloom","floor":45,"gold_loss":0}],"is_beta":false,"boss_relics":[{"not_picked":["Runic Pyramid","Astrolabe"],"picked":"Philosopher\u0027s Stone"},{"not_picked":["Calling Bell","Pandora\u0027s Box"],"picked":"Velvet Choker"}],"items_purged_floors":[12,38],"is_endless":false,"potions_floor_spawned":[1,14,22,23,25,33,35,39,41,47],"killed_by":"Awakened One","ascension_level":1}