{"gold_per_floor":[115,132,152,152,152,152,182,202,202,222,222,241,21,48,48,125,125,135,148,73,93,143,143,169,185,185,110,110,110,10,36,36,114,114,132,145,22,122,122,122,122],"floor_reached":41,"playtime":1199,"items_purged":["Strike_B","Writhe"],"score":928,"play_id":"224446b8-3787-41ad-a6bf-3c13d1f2b869","local_time":"20190707170259","is_ascension_mode":true,"campfire_choices":[{"data":"Defend_B","floor":6,"key":"SMITH"},{"floor":11,"key":"REST"},{"floor":15,"key":"REST"},{"floor":23,"key":"REST"},{"floor":28,"key":"REST"},{"floor":32,"key":"REST"},{"data":"Defragment","floor":40,"key":"SMITH"}],"neow_cost":"NONE","seed_source_timestamp":10949007311792,"circlet_count":0,"master_deck":["AscendersBane","Strike_B","Strike_B","Defend_B+1","Defend_B+1","Defend_B","Defend_B","Zap+1","Dualcast","Rip and Tear","Ball Lightning","Doom and Gloom","Conserve Battery","Defragment","Biased Cognition","Fusion","Electrodynamics","Self Repair","Chill","Conserve Battery","Reinforced Body+1","Leap+1","Chill","Coolheaded+1","Go for the Eyes","Defragment+1","Chill","Panacea"],"relics":["Cracked Core","Kunai","Girya","Runic Capacitor","Ice Cream","Nuclear Battery","Oddly Smooth Stone","Bottled Lightning","Turnip","Strawberry","Runic Pyramid","Shovel"],"potions_floor_usage":[7,7,14,16,31,31,33,38],"damage_taken":[{"damage":2,"enemies":"Jaw Worm","floor":1,"turns":3},{"damage":4,"enemies":"2 Louse","floor":2,"turns":2},{"damage":0,"enemies":"Cultist","floor":3,"turns":2},{"damage":8,"enemies":"Gremlin Nob","floor":7,"turns":3},{"damage":10,"enemies":"Lots of Slimes","floor":8,"turns":2},{"damage":7,"enemies":"2 Fungi Beasts","floor":10,"turns":3},{"damage":13,"enemies":"Blue Slaver","floor":12,"turns":3},{"damage":20,"enemies":"3 Sentries","floor":14,"turns":4},{"damage":38,"enemies":"Slime Boss","floor":16,"turns":9},{"damage":21,"enemies":"2 Thieves","floor":18,"turns":3},{"damage":29,"enemies":"Shell Parasite","floor":19,"turns":5},{"damage":1,"enemies":"Sentry and Sphere","floor":21,"turns":4},{"damage":31,"enemies":"Gremlin Leader","floor":24,"turns":5},{"damage":10,"enemies":"Centurion and Healer","floor":25,"turns":4},{"damage":0,"enemies":"Slavers","floor":31,"turns":4},{"damage":45,"enemies":"Collector","floor":33,"turns":11},{"damage":33,"enemies":"3 Darklings","floor":35,"turns":3},{"damage":0,"enemies":"Orb Walker","floor":36,"turns":4},{"damage":7,"enemies":"Mind Bloom Boss Battle","floor":38,"turns":7},{"damage":78,"enemies":"Giant Head","floor":41,"turns":13}],"seed_played":"-1724328448569160698","potions_obtained":[{"floor":3,"key":"Strength Potion"},{"floor":5,"key":"Poison Potion"},{"floor":7,"key":"SteroidPotion"},{"floor":12,"key":"Poison Potion"},{"floor":14,"key":"Block Potion"},{"floor":25,"key":"Swift Potion"},{"floor":31,"key":"GamblersBrew"},{"floor":33,"key":"FairyPotion"}],"is_trial":false,"path_per_floor":["M","M","M","?","?","R","E","M","T","M","R","M","$","E","R","B",null,"M","M","$","M","?","R","E","M","T","?","R","?","$","E","R","B",null,"M","M","$","?","?","R","E"],"character_chosen":"DEFECT","items_purchased":["Runic Capacitor","Regen Potion","Defragment"],"campfire_rested":5,"item_purchase_floors":[13,37,37],"current_hp_per_floor":[62,58,58,58,58,58,50,40,40,33,54,41,41,21,42,4,54,33,11,11,17,17,38,14,4,4,4,25,25,25,39,62,24,65,39,46,46,61,61,61,0],"gold":122,"neow_bonus":"UPGRADE_CARD","is_prod":false,"is_daily":false,"chose_seed":false,"campfire_upgraded":2,"win_rate":0,"timestamp":1562511779,"path_taken":["M","M","M","?","?","R","E","?","T","M","R","M","$","E","R","BOSS","M","M","?","M","?","R","E","M","T","?","R","?","$","E","R","BOSS","M","M","$","?","?","R","E"],"build_version":"2019-07-03","purchased_purges":2,"victory":false,"max_hp_per_floor":[71,71,71,71,71,71,71,71,71,71,71,71,71,71,71,71,71,71,71,71,71,71,71,71,71,71,71,71,71,71,78,78,78,78,78,78,78,78,78,78,78],"card_choices":[{"not_picked":["Steam","Redo"],"picked":"Rip and Tear","floor":1},{"not_picked":["Hologram","Storm"],"picked":"Ball Lightning","floor":2},{"not_picked":["Go for the Eyes","Recycle","Tempest"],"picked":"SKIP","floor":3},{"not_picked":["Reboot","Barrage"],"picked":"Doom and Gloom","floor":7},{"not_picked":["Hologram","Go for the Eyes"],"picked":"Conserve Battery","floor":8},{"not_picked":["Leap","Sweeping Beam"],"picked":"Defragment","floor":10},{"not_picked":["Barrage","Conserve Battery"],"picked":"Biased Cognition","floor":12},{"not_picked":["Leap","Stack"],"picked":"Fusion","floor":14},{"not_picked":["Multi-Cast","Rainbow"],"picked":"Electrodynamics","floor":16},{"not_picked":["Ball Lightning","Redo"],"picked":"Self Repair","floor":18},{"not_picked":["Chaos+1","Gash"],"picked":"Chill","floor":19},{"not_picked":["Redo+1","Sunder"],"picked":"Conserve Battery","floor":21},{"not_picked":["Creative AI","Leap+1"],"picked":"Reinforced Body+1","floor":24},{"not_picked":["Compile Driver","Lockon"],"picked":"Leap+1","floor":25},{"not_picked":["Barrage","Reinforced Body"],"picked":"Chill","floor":31},{"not_picked":["Compile Driver","Leap"],"picked":"Coolheaded+1","floor":35},{"not_picked":["Blizzard+1","Fusion"],"picked":"Go for the Eyes","floor":36},{"not_picked":["Hologram","Gash"],"picked":"Chill","floor":38},{"not_picked":["Good Instincts","Finesse"],"picked":"Panacea","floor":39}],"player_experience":1823368,"relics_obtained":[{"floor":7,"key":"Kunai"},{"floor":9,"key":"Girya"},{"floor":14,"key":"Ice Cream"},{"floor":24,"key":"Oddly Smooth Stone"},{"floor":26,"key":"Bottled Lightning"},{"floor":31,"key":"Strawberry"},{"floor":38,"key":"Shovel"}],"event_choices":[{"damage_healed":0,"gold_gain":0,"player_choice":"Grow","damage_taken":0,"max_hp_gain":0,"max_hp_loss":0,"event_name":"Living Wall","floor":4,"gold_loss":0,"cards_upgraded":["Defend_B"]},{"damage_healed":0,"gold_gain":0,"player_choice":"Got Potions","damage_taken":0,"max_hp_gain":0,"max_hp_loss":0,"event_name":"Lab","floor":5,"gold_loss":0},{"damage_healed":0,"gold_gain":50,"player_choice":"Stole From Cult","damage_taken":0,"max_hp_gain":0,"max_hp_loss":0,"event_name":"Nest","floor":22,"gold_loss":0},{"cards_removed":["Strike_B"],"damage_healed":0,"gold_gain":0,"player_choice":"Gave Gold","damage_taken":0,"max_hp_gain":0,"max_hp_loss":0,"event_name":"Beggar","floor":27,"gold_loss":75},{"damage_healed":0,"gold_gain":0,"player_choice":"Opened","damage_taken":0,"relics_obtained":["Turnip"],"max_hp_gain":0,"max_hp_loss":0,"event_name":"The Mausoleum","floor":29,"gold_loss":0,"cards_obtained":["Writhe"]},{"damage_healed":0,"gold_gain":0,"player_choice":"Fight","damage_taken":0,"max_hp_gain":0,"max_hp_loss":0,"event_name":"MindBloom","floor":38,"gold_loss":0},{"damage_healed":0,"gold_gain":0,"player_choice":"Memory 1","damage_taken":0,"max_hp_gain":0,"max_hp_loss":0,"event_name":"SensoryStone","floor":39,"gold_loss":0}],"is_beta":true,"boss_relics":[{"not_picked":["Fusion Hammer","Philosopher\u0027s Stone"],"picked":"Nuclear Battery"},{"not_picked":["Eternal Feather","Runic Dome"],"picked":"Runic Pyramid"}],"items_purged_floors":[20,30],"is_endless":false,"potions_floor_spawned":[3,7,12,14,25,31,33],"killed_by":"Giant Head","ascension_level":20}