{"gold_per_floor":[116,134,134,114,114,114,142,142,142,142,175,187,140,172,172,268,268,286,286,385,300,316,316,331,365,390,424,246,246,246,278,278,278],"floor_reached":33,"playtime":1910,"items_purged":["Writhe"],"score":513,"play_id":"0d47767e-74d1-446b-97af-8f0a260d0f77","local_time":"20190726233936","daily_mods":["Draft","Diverse","Elite Swarm"],"is_ascension_mode":true,"campfire_choices":[{"data":"Armaments","floor":6,"key":"SMITH"},{"data":"Armaments","floor":8,"key":"SMITH"},{"floor":10,"key":"REST"},{"floor":15,"key":"REST"},{"floor":23,"key":"REST"},{"floor":29,"key":"REST"},{"floor":32,"key":"REST"}],"neow_cost":"","seed_source_timestamp":0,"circlet_count":0,"master_deck":["AscendersBane","Armaments+1","Ball Lightning","Noxious Fumes","Flame Barrier","Hemokinesis","Clothesline","Armaments+1","Cold Snap","Dagger Spray","Dash","Quick Slash","Deflect+1","Beam Cell","Battle Trance","Headbutt","Ghostly Armor","Die Die Die","Leap","Bullet Time+1","Reinforced Body+1","Night Terror","Seek","Dark Embrace"],"relics":["Ring of the Snake","Dead Branch","Bag of Marbles","Art of War","Ninja Scroll","Fusion Hammer","Blood Vial","Dream Catcher","Bottled Flame","Oddly Smooth Stone","The Courier","War Paint","Omamori"],"potions_floor_usage":[4,16,27,31,33],"damage_taken":[{"damage":3,"enemies":"Small Slimes","floor":1,"turns":2},{"damage":0,"enemies":"Cultist","floor":2,"turns":3},{"damage":21,"enemies":"Gremlin Nob","floor":7,"turns":4},{"damage":17,"enemies":"3 Sentries","floor":11,"turns":4},{"damage":0,"enemies":"2 Louse","floor":12,"turns":1},{"damage":2,"enemies":"Lagavulin","floor":14,"turns":5},{"damage":41,"enemies":"Slime Boss","floor":16,"turns":8},{"damage":3,"enemies":"Spheric Guardian","floor":18,"turns":2},{"damage":3,"enemies":"2 Thieves","floor":22,"turns":3},{"damage":10,"enemies":"Chosen and Byrds","floor":24,"turns":4},{"damage":9,"enemies":"Gremlin Leader","floor":25,"turns":7},{"damage":10,"enemies":"Book of Stabbing","floor":27,"turns":4},{"damage":0,"enemies":"Slavers","floor":31,"turns":1},{"damage":94,"enemies":"Collector","floor":33,"turns":9}],"seed_played":"5158866219626601420","potions_obtained":[{"floor":4,"key":"Fruit Juice"},{"floor":12,"key":"FearPotion"},{"floor":14,"key":"AttackPotion"},{"floor":16,"key":"SpeedPotion"},{"floor":22,"key":"Explosive Potion"},{"floor":31,"key":"FearPotion"}],"is_trial":true,"path_per_floor":["M","M","$","?","$","R","E","R","T","R","E","M","$","E","R","B",null,"M","?","?","?","M","R","M","E","T","E","$","R","?","E","R","B"],"character_chosen":"THE_SILENT","items_purchased":["Leap","War Paint"],"campfire_rested":5,"item_purchase_floors":[13,28],"current_hp_per_floor":[60,60,60,65,65,65,44,44,44,66,49,49,49,47,69,28,63,60,60,60,60,59,75,65,58,58,50,50,72,72,74,75,0],"gold":278,"neow_bonus":"","is_prod":false,"is_daily":false,"chose_seed":false,"campfire_upgraded":2,"win_rate":0,"timestamp":1564202376,"path_taken":["M","M","$","?","$","R","E","R","T","R","E","M","?","E","R","BOSS","M","?","?","?","M","R","M","E","T","E","$","R","?","E","R","BOSS"],"build_version":"2019-07-17","purchased_purges":1,"victory":false,"max_hp_per_floor":[70,70,70,75,75,75,75,75,75,75,75,75,75,75,75,75,75,75,75,75,75,75,75,75,75,75,75,75,75,75,75,75,75],"card_choices":[{"not_picked":["Coolheaded","Outmaneuver"],"picked":"Armaments","floor":0},{"not_picked":["Deadly Poison","Clash"],"picked":"Ball Lightning","floor":0},{"not_picked":["Twin Strike","Iron Wave"],"picked":"Noxious Fumes","floor":0},{"not_picked":["Sweeping Beam","Coolheaded"],"picked":"Flame Barrier","floor":0},{"not_picked":["Calculated Gamble","Dodge and Roll"],"picked":"Hemokinesis","floor":0},{"not_picked":["Sword Boomerang","Bane"],"picked":"Clothesline","floor":0},{"not_picked":["Uppercut","Lockon"],"picked":"Armaments","floor":0},{"not_picked":["Coolheaded","Warcry"],"picked":"Cold Snap","floor":0},{"not_picked":["Cold Snap","Steam"],"picked":"Dagger Spray","floor":0},{"not_picked":["Hologram","Sword Boomerang"],"picked":"Dash","floor":0},{"not_picked":["Turbo","Clothesline"],"picked":"Quick Slash","floor":0},{"not_picked":["True Grit","Rupture"],"picked":"Deflect","floor":0},{"not_picked":["Infernal Blade","Blizzard"],"picked":"Beam Cell","floor":0},{"not_picked":["Tactician","Beam Cell"],"picked":"Battle Trance","floor":0},{"not_picked":["Darkness","Quick Slash"],"picked":"Headbutt","floor":0},{"not_picked":["Headbutt","Dagger Throw"],"picked":"Ghostly Armor","floor":1},{"not_picked":["Quick Slash","Whirlwind","Thunderclap"],"picked":"SKIP","floor":2},{"not_picked":["Machine Learning","Multi-Cast"],"picked":"Die Die Die","floor":7},{"not_picked":["Thunder Strike","Berserk","Corpse Explosion"],"picked":"SKIP","floor":11},{"not_picked":["Dodge and Roll","Rebound","Dagger Spray"],"picked":"SKIP","floor":12},{"not_picked":["Doppelganger","Bludgeon","Die Die Die"],"picked":"SKIP","floor":14},{"not_picked":["Bludgeon","Unload"],"picked":"Bullet Time","floor":16},{"not_picked":["Ball Lightning","Heavy Blade","Twin Strike"],"picked":"SKIP","floor":18},{"not_picked":["Masterful Stab+1","Beam Cell","Hyperbeam"],"picked":"SKIP","floor":22},{"not_picked":["Sweeping Beam+1","Anger"],"picked":"Reinforced Body+1","floor":23},{"not_picked":["Deflect","Catalyst","Poisoned Stab"],"picked":"SKIP","floor":24},{"not_picked":["All For One","Electrodynamics"],"picked":"Night Terror","floor":25},{"not_picked":["Rainbow","Berserk"],"picked":"Seek","floor":27},{"not_picked":["Hyperbeam","Immolate"],"picked":"Dark Embrace","floor":31}],"player_experience":426955,"relics_obtained":[{"floor":7,"key":"Dead Branch"},{"floor":9,"key":"Bag of Marbles"},{"floor":11,"key":"Art of War"},{"floor":14,"key":"Ninja Scroll"},{"floor":25,"key":"Bottled Flame"},{"floor":26,"key":"Oddly Smooth Stone"},{"floor":27,"key":"The Courier"},{"floor":31,"key":"Omamori"}],"event_choices":[{"damage_healed":0,"gold_gain":0,"player_choice":"Bought 1 Potion","damage_taken":0,"max_hp_gain":0,"max_hp_loss":0,"event_name":"The Woman in Blue","floor":4,"gold_loss":0},{"damage_healed":0,"gold_gain":0,"player_choice":"Opened","damage_taken":0,"relics_obtained":["Blood Vial"],"max_hp_gain":0,"max_hp_loss":0,"event_name":"The Mausoleum","floor":19,"gold_loss":0,"cards_obtained":["Writhe"]},{"damage_healed":0,"gold_gain":99,"player_choice":"Stole From Cult","damage_taken":0,"max_hp_gain":0,"max_hp_loss":0,"event_name":"Nest","floor":20,"gold_loss":0},{"damage_healed":0,"gold_gain":0,"player_choice":"Obtained Relic","damage_taken":0,"relics_obtained":["Dream Catcher"],"max_hp_gain":0,"max_hp_loss":0,"event_name":"Addict","floor":21,"gold_loss":85},{"damage_healed":0,"gold_gain":0,"player_choice":"Ignored","damage_taken":0,"max_hp_gain":0,"max_hp_loss":0,"event_name":"Beggar","floor":30,"gold_loss":0}],"is_beta":false,"boss_relics":[{"not_picked":["Coffee Dripper","Runic Dome"],"picked":"Fusion Hammer"}],"items_purged_floors":[28],"is_endless":false,"potions_floor_spawned":[12,14,16,22,25,31],"killed_by":"Collector","ascension_level":10}