{"gold_per_floor":[112,125,125,50,67,100,100,115,115,80,113,113,124,137,137,241,241,255,255,63,162,87,15,15,115,115,115,140,154,154,173,173,277,277,294,69,69,88,88,123,23,42,42,76,93,93,93,110,110,110],"floor_reached":51,"playtime":9065,"items_purged":["Defend_B","Iron Wave"],"score":708,"play_id":"e1632825-7577-47e4-8f9a-c5fad1b3acdf","local_time":"20190709191311","is_ascension_mode":false,"campfire_choices":[{"data":"Defragment","floor":12,"key":"SMITH"},{"data":"Loop","floor":15,"key":"SMITH"},{"data":"Capacitor","floor":24,"key":"SMITH"},{"data":"Electrodynamics","floor":27,"key":"SMITH"},{"data":"Coolheaded","floor":30,"key":"SMITH"},{"data":"Zap","floor":32,"key":"SMITH"},{"data":"Defragment","floor":49,"key":"SMITH"}],"neow_cost":"NONE","seed_source_timestamp":61565747361992,"circlet_count":0,"master_deck":["Strike_B+1","Defend_B+1","Zap+1","Dualcast+1","Gash","Conserve Battery+1","Coolheaded+1","Cold Snap","Loop+1","Defragment+1","Self Repair","Go for the Eyes+1","Ball Lightning+1","Electrodynamics+1","Chill+1","Self Repair+1","Cold Snap+1","Defragment+1","Capacitor+1","Chaos","Seek","Defragment+1","All For One+1","Gash+1","Coolheaded+1","Barrage+1","Go for the Eyes+1"],"relics":["Cracked Core","NeowsBlessing","Bag of Preparation","Molten Egg 2","Question Card","Astrolabe","DollysMirror","Pantograph","Bottled Lightning","Coffee Dripper","War Paint","Happy Flower","Orichalcum","Blood Vial"],"potions_floor_usage":[],"damage_taken":[{"damage":0,"enemies":"Cultist","floor":1,"turns":1},{"damage":0,"enemies":"2 Louse","floor":2,"turns":1},{"damage":0,"enemies":"Jaw Worm","floor":5,"turns":1},{"damage":42,"enemies":"Gremlin Nob","floor":6,"turns":6},{"damage":1,"enemies":"Large Slime","floor":8,"turns":4},{"damage":8,"enemies":"Lagavulin","floor":11,"turns":8},{"damage":0,"enemies":"Looter","floor":13,"turns":4},{"damage":1,"enemies":"3 Louse","floor":14,"turns":5},{"damage":21,"enemies":"Hexaghost","floor":16,"turns":12},{"damage":0,"enemies":"Chosen","floor":18,"turns":4},{"damage":7,"enemies":"Book of Stabbing","floor":28,"turns":6},{"damage":12,"enemies":"3 Byrds","floor":29,"turns":4},{"damage":0,"enemies":"3 Cultists","floor":31,"turns":3},{"damage":16,"enemies":"Collector","floor":33,"turns":10},{"damage":7,"enemies":"Orb Walker","floor":35,"turns":4},{"damage":5,"enemies":"3 Shapes","floor":38,"turns":3},{"damage":0,"enemies":"Giant Head","floor":40,"turns":8},{"damage":0,"enemies":"Sphere and 2 Shapes","floor":42,"turns":4},{"damage":11,"enemies":"Reptomancer","floor":44,"turns":6},{"damage":4,"enemies":"3 Darklings","floor":45,"turns":4},{"damage":0,"enemies":"Transient","floor":48,"turns":5},{"damage":1,"enemies":"Awakened One","floor":50,"turns":10}],"seed_played":"7575088129220951292","potions_obtained":[{"floor":2,"key":"GamblersBrew"},{"floor":8,"key":"Fire Potion"},{"floor":14,"key":"SkillPotion"},{"floor":29,"key":"FocusPotion"},{"floor":40,"key":"FocusPotion"}],"is_trial":false,"path_per_floor":["M","M","?","$","M","E","?","M","T","?","E","R","M","M","R","B",null,"M","?","$","?","?","$","R","?","T","R","E","M","R","M","R","B",null,"M","$","?","M","?","E","$","M","T","E","M","?","$","M","R","B",null],"character_chosen":"DEFECT","items_purchased":["Coolheaded","Cold Snap","DollysMirror","Capacitor","War Paint"],"campfire_rested":0,"item_purchase_floors":[4,4,20,23,36],"current_hp_per_floor":[75,75,60,60,60,18,43,42,42,60,59,59,66,72,72,58,75,75,75,75,75,75,75,75,75,75,75,75,75,75,75,75,75,75,75,75,75,75,75,75,75,75,75,75,75,75,75,75,75,75],"gold":110,"neow_bonus":"THREE_ENEMY_KILL","is_prod":false,"is_daily":false,"chose_seed":false,"campfire_upgraded":7,"win_rate":0.0,"timestamp":1562713991,"path_taken":["M","?","?","$","M","E","?","M","T","?","E","R","M","M","R","BOSS","M","?","$","?","?","?","R","?","T","R","E","M","R","?","R","BOSS","M","$","?","M","?","E","$","?","T","E","M","?","$","M","R","BOSS"],"build_version":"2019-07-05","purchased_purges":2,"victory":true,"max_hp_per_floor":[75,75,75,75,75,75,75,75,75,75,75,75,75,75,75,75,75,75,75,75,75,75,75,75,75,75,75,75,75,75,75,75,75,75,75,75,75,75,75,75,75,75,75,75,75,75,75,75,75,75],"card_choices":[{"not_picked":["Streamline","Redo"],"picked":"Gash","floor":1},{"not_picked":["Beam Cell","Steam"],"picked":"Conserve Battery","floor":2},{"not_picked":["Rip and Tear","Cold Snap"],"picked":"Loop","floor":5},{"not_picked":["Lockon","Reboot"],"picked":"Defragment","floor":6},{"not_picked":["Leap","Steam"],"picked":"Self Repair","floor":8},{"not_picked":["Ball Lightning+1","Beam Cell+1"],"picked":"Go for the Eyes+1","floor":11},{"not_picked":["Beam Cell+1","Stack","Redo"],"picked":"Cold Snap+1","floor":13},{"not_picked":["Redo","Skim","Compile Driver+1"],"picked":"Ball Lightning+1","floor":14},{"not_picked":["Seek","Reboot","Amplify"],"picked":"Electrodynamics","floor":16},{"not_picked":["Leap","Storm","Cold Snap+1","Conserve Battery"],"picked":"SKIP","floor":18},{"not_picked":["Rip and Tear+1","Tempest","Beam Cell+1"],"picked":"Chaos","floor":28},{"not_picked":["Leap","Steam Power+1","Conserve Battery","Lockon+1"],"picked":"SKIP","floor":29},{"not_picked":["Static Discharge","Doom and Gloom+1","Self Repair","Auto Shields"],"picked":"SKIP","floor":31},{"not_picked":["Buffer","Thunder Strike+1","Electrodynamics"],"picked":"Seek","floor":33},{"not_picked":["Cold Snap+1","Doom and Gloom+1","Hologram+1"],"picked":"Defragment","floor":35},{"not_picked":["Streamline+1","Compile Driver+1","Reinforced Body+1"],"picked":"All For One+1","floor":38},{"not_picked":["Go for the Eyes+1","Hologram+1","Leap"],"picked":"Gash+1","floor":40},{"not_picked":["Stack","Auto Shields+1","Darkness+1","Ball Lightning+1"],"picked":"SKIP","floor":42},{"not_picked":["Conserve Battery","Ball Lightning+1","White Noise+1"],"picked":"Coolheaded+1","floor":44},{"not_picked":["Blizzard+1","Leap","Ball Lightning+1"],"picked":"Barrage+1","floor":45},{"not_picked":["Steam Power+1","Ball Lightning+1","Consume"],"picked":"Go for the Eyes+1","floor":48}],"player_experience":27082,"relics_obtained":[{"floor":6,"key":"Bag of Preparation"},{"floor":9,"key":"Molten Egg 2"},{"floor":11,"key":"Question Card"},{"floor":26,"key":"Pantograph"},{"floor":28,"key":"Bottled Lightning"},{"floor":40,"key":"Happy Flower"},{"floor":43,"key":"Orichalcum"},{"floor":44,"key":"Blood Vial"}],"event_choices":[{"damage_healed":0,"gold_gain":0,"player_choice":"Entered Light","damage_taken":15,"max_hp_gain":0,"max_hp_loss":0,"event_name":"Shining Light","floor":3,"gold_loss":0,"cards_upgraded":["Strike_B","Defend_B"]},{"damage_healed":25,"gold_gain":0,"player_choice":"Banana","damage_taken":0,"max_hp_gain":0,"max_hp_loss":0,"event_name":"Big Fish","floor":7,"gold_loss":0},{"damage_healed":18,"gold_gain":0,"player_choice":"Healed","damage_taken":0,"max_hp_gain":0,"max_hp_loss":0,"event_name":"The Cleric","floor":10,"gold_loss":35},{"damage_healed":0,"gold_gain":0,"player_choice":"Ignored","damage_taken":0,"max_hp_gain":0,"max_hp_loss":0,"event_name":"Vampires","floor":19,"gold_loss":0},{"damage_healed":0,"gold_gain":99,"player_choice":"Stole From Cult","damage_taken":0,"max_hp_gain":0,"max_hp_loss":0,"event_name":"Nest","floor":21,"gold_loss":0},{"cards_removed":["Defend_B"],"damage_healed":0,"gold_gain":0,"player_choice":"Gave Gold","damage_taken":0,"max_hp_gain":0,"max_hp_loss":0,"event_name":"Beggar","floor":22,"gold_loss":75},{"damage_healed":0,"gold_gain":100,"player_choice":"Pray","damage_taken":0,"max_hp_gain":0,"max_hp_loss":0,"event_name":"Golden Shrine","floor":25,"gold_loss":0},{"cards_removed":["Cold Snap"],"damage_healed":0,"gold_gain":0,"player_choice":"Removed Attack","damage_taken":0,"max_hp_gain":0,"max_hp_loss":0,"event_name":"Falling","floor":37,"gold_loss":0},{"cards_removed":["Defend_B"],"damage_healed":0,"gold_gain":0,"player_choice":"Took Card","damage_taken":0,"max_hp_gain":0,"max_hp_loss":0,"event_name":"NoteForYourself","floor":39,"gold_loss":0,"cards_obtained":["Iron Wave"]},{"damage_healed":0,"gold_gain":0,"player_choice":"Memory 1","damage_taken":0,"max_hp_gain":0,"max_hp_loss":0,"event_name":"SensoryStone","floor":46,"gold_loss":0}],"is_beta":false,"boss_relics":[{"not_picked":["Black Star","Calling Bell"],"picked":"Astrolabe"},{"not_picked":["Velvet Choker","Tiny House"],"picked":"Coffee Dripper"}],"items_purged_floors":[36,41],"is_endless":false,"potions_floor_spawned":[2,8,14,29,40,44,48],"ascension_level":0}