{"gold_per_floor":[113,63,63,138,152,182,27,27,27,27,44,44,61,90,90,187,187,200,216,92,108,118,118,129,129,200,200],"floor_reached":27,"playtime":2948,"items_purged":["Strike_R","Defend_R"],"score":260,"play_id":"ab773733-13af-42ea-80e7-a4ab4e2b8a37","local_time":"20190803200326","is_ascension_mode":true,"campfire_choices":[{"data":"Barricade","floor":8,"key":"SMITH"},{"data":"Metallicize","floor":10,"key":"SMITH"},{"data":"Shrug It Off","floor":15,"key":"SMITH"},{"data":"True Grit","floor":23,"key":"SMITH"},{"data":"Anger","floor":25,"key":"SMITH"}],"neow_cost":"NONE","seed_source_timestamp":184885896452900,"circlet_count":0,"master_deck":["Strike_R","Strike_R","Strike_R","Defend_R+1","Defend_R","Defend_R+1","Bash","Clothesline","Cleave","Barricade+1","Metallicize+1","Metallicize+1","True Grit+1","Shrug It Off+1","Shrug It Off","Dual Wield+1","Anger+1"],"relics":["Burning Blood","NeowsBlessing","Blood Vial","Juzu Bracelet","Ornamental Fan","Black Star","Sundial"],"potions_floor_usage":[21],"damage_taken":[{"damage":0,"enemies":"Jaw Worm","floor":1,"turns":1},{"damage":0,"enemies":"Small Slimes","floor":5,"turns":1},{"damage":0,"enemies":"Lagavulin","floor":6,"turns":1},{"damage":0,"enemies":"Cultist","floor":11,"turns":6},{"damage":6,"enemies":"Looter","floor":13,"turns":4},{"damage":14,"enemies":"3 Sentries","floor":14,"turns":10},{"damage":12,"enemies":"The Guardian","floor":16,"turns":21},{"damage":8,"enemies":"Shell Parasite","floor":18,"turns":15},{"damage":27,"enemies":"Chosen","floor":19,"turns":7},{"damage":33,"enemies":"Centurion and Healer","floor":21,"turns":23},{"damage":14,"enemies":"Shelled Parasite and Fungi","floor":22,"turns":14},{"damage":16,"enemies":"Snake Plant","floor":24,"turns":11},{"damage":22,"enemies":"Chosen and Byrds","floor":27,"turns":4}],"seed_played":"-908715151388339265","potions_obtained":[{"floor":5,"key":"Energy Potion"},{"floor":11,"key":"Strength Potion"},{"floor":13,"key":"Block Potion"},{"floor":19,"key":"LiquidBronze"},{"floor":21,"key":"FearPotion"}],"is_trial":false,"path_per_floor":["M","?","?","?","M","E","$","R","T","R","M","?","M","E","R","B",null,"M","M","$","M","M","R","M","R","T","M"],"character_chosen":"IRONCLAD","items_purchased":["Metallicize","Shrug It Off"],"campfire_rested":0,"item_purchase_floors":[7,20],"current_hp_per_floor":[80,80,64,53,59,65,65,65,65,65,73,73,75,69,69,65,80,78,59,59,34,28,28,20,20,20,0],"gold":200,"neow_bonus":"THREE_ENEMY_KILL","is_prod":false,"is_daily":false,"chose_seed":false,"campfire_upgraded":5,"win_rate":0,"timestamp":1564830206,"path_taken":["M","?","?","?","M","E","$","R","T","R","M","?","M","E","R","BOSS","M","M","$","M","M","R","M","R","T","M"],"build_version":"2019-07-17","purchased_purges":2,"victory":false,"max_hp_per_floor":[80,80,80,80,80,80,80,80,80,80,80,80,80,80,80,80,80,80,80,80,80,80,80,80,80,80,80],"card_choices":[{"not_picked":["Iron Wave","Sword Boomerang"],"picked":"Clothesline","floor":1},{"not_picked":["Shrug It Off","True Grit"],"picked":"Cleave","floor":5},{"not_picked":["Blood for Blood","Power Through"],"picked":"Barricade","floor":6},{"not_picked":["Intimidate","Pommel Strike"],"picked":"Metallicize","floor":11},{"not_picked":["Seeing Red","Warcry"],"picked":"True Grit","floor":13},{"not_picked":["Heavy Blade","Perfected Strike"],"picked":"Shrug It Off","floor":14},{"not_picked":["Hemokinesis","Clash","Combust+1"],"picked":"SKIP","floor":18},{"not_picked":["Armaments","Pommel Strike","Thunderclap"],"picked":"SKIP","floor":19},{"not_picked":["Seeing Red","True Grit","Pommel Strike"],"picked":"SKIP","floor":21},{"not_picked":["Thunderclap","Battle Trance"],"picked":"Dual Wield+1","floor":22},{"not_picked":["Clash+1","Disarm"],"picked":"Anger","floor":24}],"player_experience":106537,"relics_obtained":[{"floor":6,"key":"Blood Vial"},{"floor":9,"key":"Juzu Bracelet"},{"floor":14,"key":"Ornamental Fan"},{"floor":26,"key":"Sundial"}],"event_choices":[{"cards_removed":["Strike_R"],"damage_healed":0,"gold_gain":0,"player_choice":"Card Removal","damage_taken":0,"max_hp_gain":0,"max_hp_loss":0,"event_name":"The Cleric","floor":2,"gold_loss":50},{"damage_healed":0,"gold_gain":0,"player_choice":"Entered Light","damage_taken":16,"max_hp_gain":0,"max_hp_loss":0,"event_name":"Shining Light","floor":3,"gold_loss":0,"cards_upgraded":["Defend_R","Defend_R"]},{"damage_healed":0,"gold_gain":75,"player_choice":"Gather Gold","damage_taken":11,"max_hp_gain":0,"max_hp_loss":0,"event_name":"World of Goop","floor":4,"gold_loss":0},{"damage_healed":0,"gold_gain":0,"player_choice":"Grow","damage_taken":0,"max_hp_gain":0,"max_hp_loss":0,"event_name":"Living Wall","floor":12,"gold_loss":0,"cards_upgraded":["Metallicize"]}],"is_beta":false,"boss_relics":[{"not_picked":["Mark of Pain","Eternal Feather"],"picked":"Black Star"}],"items_purged_floors":[7,20],"is_endless":false,"potions_floor_spawned":[5,11,13,14,19,21,22,24],"killed_by":"Chosen and Byrds","ascension_level":1}