{"gold_per_floor":[111,121,141,151,162,162,195,39,39,39,39,39,4,23,23,122,122,136,151,76,90,50,82,102,102,129,156,176,176,76,175,175,271,271,289,289,389,389,389,389,389,389,441,441,455,455],"floor_reached":46,"playtime":4048,"items_purged":["Defend_Br","Strike_Br"],"score":481,"play_id":"dc519cb8-ee55-4f5f-b3a3-68a8b6bbf34f","local_time":"20190730112815","is_ascension_mode":false,"campfire_choices":[{"data":"Stagnate","floor":6,"key":"SMITH"},{"floor":10,"key":"REST"},{"data":"Recurrance","floor":12,"key":"SMITH"},{"data":"CrunchTime","floor":15,"key":"SMITH"},{"data":"OracleForm","floor":25,"key":"SMITH"},{"data":"Flay","floor":29,"key":"SMITH"},{"data":"Defend_Br","floor":32,"key":"SMITH"},{"data":"Madness","floor":40,"key":"SMITH"},{"data":"Strike_Br","floor":42,"key":"SMITH"},{"data":"Strike_Br","floor":44,"key":"SMITH"}],"neow_cost":"NONE","seed_source_timestamp":25440223910941,"circlet_count":0,"master_deck":["Strike_Br+1","Strike_Br+1","Strike_Br+1","Defend_Br+1","Defend_Br+1","Defend_Br+1","SecondHand+1","PatternShift","SlimeSpray","Stagnate+1","Backlash","LockedAnchor+1","CrunchTime+1","OracleForm+1","LockedBlood","Grave+1","LockedAnchor","Analog+1","Flay+1","MasterKey","LockedAnchor+1","Madness+1","Madness"],"relics":["Chronometer","Girya","Dream Catcher","War Paint","Hand?","Metronome","Potion Belt","Sundial","White Beast Statue","WaitingRoom","Blood Vial","Pen Nib"],"potions_floor_usage":[7,18,33,46,46],"damage_taken":[{"damage":0,"enemies":"Cultist","floor":1,"turns":5},{"damage":6,"enemies":"Jaw Worm","floor":2,"turns":4},{"damage":0,"enemies":"Small Slimes","floor":3,"turns":3},{"damage":25,"enemies":"Exordium Thugs","floor":4,"turns":8},{"damage":4,"enemies":"3 Louse","floor":5,"turns":6},{"damage":22,"enemies":"Gremlin Nob","floor":7,"turns":12},{"damage":1,"enemies":"Large Slime","floor":14,"turns":7},{"damage":16,"enemies":"Hexaghost","floor":16,"turns":12},{"damage":10,"enemies":"Chosen","floor":18,"turns":7},{"damage":0,"enemies":"Spheric Guardian","floor":19,"turns":1},{"damage":23,"enemies":"Snecko","floor":21,"turns":6},{"damage":0,"enemies":"Book of Stabbing","floor":23,"turns":11},{"damage":11,"enemies":"Cultist and Chosen","floor":24,"turns":8},{"damage":12,"enemies":"Gremlin Leader","floor":27,"turns":7},{"damage":13,"enemies":"3 Cultists","floor":28,"turns":7},{"damage":26,"enemies":"Automaton","floor":33,"turns":13},{"damage":0,"enemies":"Orb Walker","floor":35,"turns":6},{"damage":10,"enemies":"Mind Bloom Boss Battle","floor":37,"turns":10},{"damage":11,"enemies":"3 Darklings","floor":45,"turns":8},{"damage":58,"enemies":"4 Shapes","floor":46,"turns":8}],"seed_played":"-8999436316029771007","potions_obtained":[{"floor":2,"key":"PowerPotion"},{"floor":4,"key":"Explosive Potion"},{"floor":7,"key":"Weak Potion"},{"floor":16,"key":"FearPotion"},{"floor":23,"key":"Dexterity Potion"},{"floor":27,"key":"Ancient Potion"},{"floor":28,"key":"LiquidBronze"},{"floor":35,"key":"Dexterity Potion"},{"floor":37,"key":"Explosive Potion"},{"floor":45,"key":"Dexterity Potion"}],"is_trial":false,"path_per_floor":["M","M","M","M","M","R","E","$","T","R","?","R","?","M","R","B",null,"M","M","$","M","?","E","M","R","T","E","M","R","$","?","R","B",null,"M","?","?","?","?","R","?","R","T","R","M","M"],"character_chosen":"CHRONO_CLASS","items_purchased":["Dream Catcher"],"campfire_rested":1,"item_purchase_floors":[8],"current_hp_per_floor":[65,59,59,34,30,30,8,8,8,27,27,27,43,42,42,26,65,55,55,55,42,42,54,55,55,55,53,52,52,52,52,52,32,65,65,65,65,65,57,57,47,47,47,47,44,0],"gold":455,"neow_bonus":"UPGRADE_CARD","is_prod":false,"is_daily":false,"chose_seed":false,"campfire_upgraded":9,"win_rate":0.0,"timestamp":1564453695,"path_taken":["M","?","M","M","M","R","E","$","T","R","?","R","?","M","R","BOSS","M","M","$","M","?","E","M","R","T","E","M","R","?","?","R","BOSS","M","?","?","?","?","R","?","R","T","R","M","M"],"build_version":"2019-07-17","purchased_purges":2,"victory":false,"max_hp_per_floor":[65,65,65,65,65,65,65,65,65,65,65,65,65,65,65,65,65,65,65,65,65,65,65,65,65,65,65,65,65,65,65,65,65,65,65,65,65,65,65,65,65,65,65,65,65,65],"card_choices":[{"not_picked":["HandsUpC","WindUp"],"picked":"SlimeSpray","floor":1},{"not_picked":["HandsUpB","TiringSlam","Engulf"],"picked":"SKIP","floor":2},{"not_picked":["AlternateTimeline","Parity"],"picked":"Stagnate","floor":3},{"not_picked":["LockedOrichalcum","BiteCommand"],"picked":"Backlash","floor":4},{"not_picked":["ReapSow","SlimeSpray","LockedTurtyl"],"picked":"SKIP","floor":5},{"not_picked":["WindUp","Goo"],"picked":"Recurrance","floor":7},{"not_picked":["Goo","LockedTornado"],"picked":"LockedAnchor","floor":10},{"not_picked":["LockedBlood","LockedUrn"],"picked":"CrunchTime","floor":14},{"not_picked":["OverTime","MasterKey"],"picked":"OracleForm","floor":16},{"not_picked":["Engulf","BeatsPerMinute+1"],"picked":"LockedBlood","floor":18},{"not_picked":["Analog","LockedTornado+1"],"picked":"LockedBlood","floor":19},{"not_picked":["Pendulum","LockedTurtyl"],"picked":"Tempo+1","floor":21},{"not_picked":["LockedMedicine","LockedTurtyl"],"picked":"LockedAnchor","floor":23},{"not_picked":["ReapSow","ExoVibe"],"picked":"Analog+1","floor":24},{"not_picked":["LockedMedicine","HandsUpB+1","WindUp"],"picked":"SKIP","floor":27},{"not_picked":["Engulf","AlternateTimeline"],"picked":"Flay","floor":28},{"not_picked":["LockedBell","LockedLightning"],"picked":"MasterKey","floor":33},{"not_picked":["Goo","BiteCommand","BlueShift"],"picked":"SKIP","floor":35},{"not_picked":["BlueShift+1","Fragmentalize"],"picked":"LockedAnchor+1","floor":37},{"not_picked":["EscortCommand","LockedScales","Engulf+1"],"picked":"SKIP","floor":45}],"player_experience":197088,"relics_obtained":[{"floor":7,"key":"Girya"},{"floor":9,"key":"War Paint"},{"floor":23,"key":"Potion Belt"},{"floor":27,"key":"Sundial"},{"floor":37,"key":"WaitingRoom"},{"floor":43,"key":"Pen Nib"}],"event_choices":[{"damage_healed":16,"gold_gain":0,"player_choice":"Healed","damage_taken":0,"max_hp_gain":0,"max_hp_loss":0,"event_name":"The Cleric","floor":13,"gold_loss":35},{"damage_healed":0,"gold_gain":0,"player_choice":"Upgraded Two","damage_taken":0,"max_hp_gain":0,"max_hp_loss":0,"event_name":"Designer","floor":22,"gold_loss":40,"cards_upgraded":["LockedAnchor","Strike_Br"]},{"damage_healed":0,"gold_gain":99,"player_choice":"Stole From Cult","damage_taken":0,"max_hp_gain":0,"max_hp_loss":0,"event_name":"Nest","floor":31,"gold_loss":0},{"cards_removed":["Recurrance"],"damage_healed":0,"gold_gain":0,"player_choice":"Removed Attack","damage_taken":0,"max_hp_gain":0,"max_hp_loss":0,"event_name":"Falling","floor":36,"gold_loss":0},{"damage_healed":0,"gold_gain":0,"player_choice":"Fight","damage_taken":0,"max_hp_gain":0,"max_hp_loss":0,"event_name":"MindBloom","floor":37,"gold_loss":0},{"damage_healed":0,"gold_gain":0,"player_choice":"Ignored","damage_taken":0,"max_hp_gain":0,"max_hp_loss":0,"event_name":"Mysterious Sphere","floor":38,"gold_loss":0},{"damage_healed":0,"gold_gain":0,"player_choice":"Embrace Madness","damage_taken":8,"max_hp_gain":0,"max_hp_loss":0,"event_name":"Winding Halls","floor":39,"gold_loss":0,"cards_obtained":["Madness","Madness"]}],"is_beta":false,"boss_relics":[{"not_picked":["Fusion Hammer","Sozu"],"picked":"Metronome"},{"not_picked":["Snecko Eye","Calling Bell"],"picked":"White Beast Statue"}],"items_purged_floors":[20,30],"is_endless":false,"potions_floor_spawned":[2,4,7,16,23,27,28,35,37,45],"killed_by":"4 Shapes","ascension_level":0}