{"gold_per_floor":[117,117,6,16,32,67,67,96,122,155,165,165,165,30,30,30],"floor_reached":16,"playtime":662,"items_purged":["Pain","Strike_B"],"score":195,"play_id":"86ceb165-0f52-4ec0-a450-d5daab5f5df5","local_time":"20190804153002","is_ascension_mode":true,"campfire_choices":[{"data":"Chaos","floor":7,"key":"SMITH"},{"floor":13,"key":"REST"},{"data":"Defragment","floor":15,"key":"SMITH"}],"neow_cost":"NONE","seed_source_timestamp":87249234605165,"circlet_count":0,"master_deck":["AscendersBane","Strike_B","Strike_B","Strike_B","Defend_B","Defend_B","Defend_B","Defend_B","Zap","Dualcast","Capacitor","Chaos+1","Compile Driver","Capacitor","Defragment+1","Barrage","Capacitor"],"relics":["Runic Dome","WarpedTongs","Omamori","Oddly Smooth Stone","Anchor","Boot"],"potions_floor_usage":[8,16],"damage_taken":[{"damage":3,"enemies":"Jaw Worm","floor":1,"turns":4},{"damage":6,"enemies":"Cultist","floor":4,"turns":4},{"damage":1,"enemies":"Small Slimes","floor":5,"turns":4},{"damage":8,"enemies":"Lagavulin","floor":6,"turns":7},{"damage":25,"enemies":"3 Sentries","floor":8,"turns":9},{"damage":6,"enemies":"Lagavulin","floor":10,"turns":6},{"damage":16,"enemies":"Exordium Wildlife","floor":11,"turns":5},{"damage":25,"enemies":"Hexaghost","floor":16,"turns":7}],"seed_played":"-8475654011590813973","potions_obtained":[{"floor":4,"key":"EssenceOfSteel"},{"floor":11,"key":"Swift Potion"}],"is_trial":false,"path_per_floor":["M","?","$","M","M","E","R","E","T","E","M","?","R","$","R","B"],"character_chosen":"DEFECT","items_purchased":["Chaos","Capacitor"],"campfire_rested":1,"item_purchase_floors":[3,14],"current_hp_per_floor":[65,65,65,59,58,50,50,25,25,19,3,3,25,25,25,0],"gold":30,"neow_bonus":"BOSS_RELIC","is_prod":false,"is_daily":false,"chose_seed":false,"campfire_upgraded":2,"win_rate":0,"timestamp":1564900202,"path_taken":["M","?","$","M","M","E","R","E","T","E","?","?","R","$","R","BOSS"],"build_version":"2019-07-17","purchased_purges":2,"victory":false,"max_hp_per_floor":[75,75,75,75,75,75,75,75,75,75,75,75,75,75,75,75],"card_choices":[{"not_picked":["Barrage","Hello World"],"picked":"Capacitor","floor":1},{"not_picked":["Cold Snap","Steam"],"picked":"Compile Driver","floor":4},{"not_picked":["Turbo","Chill","Gash"],"picked":"SKIP","floor":5},{"not_picked":["Sweeping Beam","Rip and Tear"],"picked":"Capacitor","floor":6},{"not_picked":["Ball Lightning","Stack","Coolheaded"],"picked":"SKIP","floor":8},{"not_picked":["Steam Power","Compile Driver"],"picked":"Defragment","floor":10},{"not_picked":["Turbo","Go for the Eyes"],"picked":"Barrage","floor":11}],"player_experience":220213,"relics_obtained":[{"floor":6,"key":"Omamori"},{"floor":8,"key":"Oddly Smooth Stone"},{"floor":9,"key":"Anchor"},{"floor":10,"key":"Boot"}],"event_choices":[{"damage_healed":0,"gold_gain":0,"player_choice":"Rummage","damage_taken":0,"relics_obtained":["WarpedTongs"],"max_hp_gain":0,"max_hp_loss":0,"event_name":"Accursed Blacksmith","floor":2,"gold_loss":0,"cards_obtained":["Pain"]},{"damage_healed":0,"gold_gain":0,"player_choice":"Ignored","damage_taken":0,"max_hp_gain":0,"max_hp_loss":0,"event_name":"Golden Wing","floor":12,"gold_loss":0}],"is_beta":false,"boss_relics":[],"items_purged_floors":[3,14],"is_endless":false,"potions_floor_spawned":[4,11],"killed_by":"Hexaghost","ascension_level":13}