{"gold_per_floor":[109,109,32,32,45,45,70,70,70,101,118,147,33,46,46,150,150,119,119,139,155,254,282,182,195,195,211,242,260,260,290,290,392,392,411,411,411,411,93,93,125,0,53,53,63,82,101,114,114,114],"floor_reached":51,"playtime":10466,"items_purged":["Defend_G","Skewer"],"score":941,"play_id":"0226c61d-94a8-4019-ba3d-50c4f079ade0","local_time":"20190810172740","is_ascension_mode":true,"campfire_choices":[{"data":"Neutralize","floor":6.0,"key":"SMITH"},{"data":"Calculated Gamble","floor":8.0,"key":"SMITH"},{"data":"Dagger Spray","floor":15,"key":"SMITH"},{"data":"Well Laid Plans","floor":30,"key":"SMITH"},{"data":"Malaise","floor":32,"key":"SMITH"},{"data":"Adrenaline","floor":40,"key":"SMITH"},{"data":"Doppelganger","floor":44,"key":"SMITH"},{"data":"Calculated Gamble","floor":49,"key":"SMITH"}],"neow_cost":"NONE","seed_source_timestamp":0,"circlet_count":0,"master_deck":["Survivor","Neutralize+1","Dagger Spray+1","Well Laid Plans+1","Calculated Gamble+1","After Image","Dodge and Roll","Footwork","Dash+1","Leg Sweep","Malaise+1","Backflip+1","Calculated Gamble+1","Deadly Poison","Deadly Poison","Bouncing Flask","Flechettes+1","Infinite Blades","Adrenaline","Adrenaline+1","Reflex","Blur","Bane","Bullet Time","Dodge and Roll","Doppelganger+1","Backflip","Footwork","Noxious Fumes+1","Tactician+1","Blur","Well Laid Plans+1"],"special_seed":0,"relics":["Ring of the Snake","NeowsBlessing","Bag of Preparation","Tough Bandages","Ornamental Fan","Oddly Smooth Stone","Black Star","Thread and Needle","Gambling Chip","Potion Belt","Juzu Bracelet","Shuriken","Meat on the Bone","Snake Skull","Pandora\u0027s Box","Bronze Scales","Whetstone","Dodecahedron","Red Mask"],"potions_floor_usage":[28,28,50,50],"damage_taken":[{"damage":0.0,"enemies":"2 Louse","floor":1.0,"turns":1.0},{"damage":0.0,"enemies":"Jaw Worm","floor":5.0,"turns":1.0},{"damage":0.0,"enemies":"3 Sentries","floor":7.0,"turns":1.0},{"damage":10.0,"enemies":"Gremlin Nob","floor":10.0,"turns":4.0},{"damage":0.0,"enemies":"Cultist","floor":11.0,"turns":3.0},{"damage":9.0,"enemies":"3 Sentries","floor":12.0,"turns":8.0},{"damage":0.0,"enemies":"Large Slime","floor":14.0,"turns":6.0},{"damage":18,"enemies":"Slime Boss","floor":16,"turns":15},{"damage":0,"enemies":"2 Thieves","floor":18,"turns":5},{"damage":9,"enemies":"Chosen","floor":20,"turns":6},{"damage":0,"enemies":"Snake Plant","floor":21,"turns":10},{"damage":0,"enemies":"Book of Stabbing","floor":23,"turns":12},{"damage":3,"enemies":"Cultist and Chosen","floor":25,"turns":8},{"damage":0,"enemies":"Centurion and Healer","floor":27,"turns":7},{"damage":7,"enemies":"Gremlin Leader","floor":28,"turns":9},{"damage":3,"enemies":"Snecko","floor":29,"turns":6},{"damage":0,"enemies":"Book of Stabbing","floor":31,"turns":8},{"damage":8,"enemies":"Collector","floor":33,"turns":13},{"damage":0,"enemies":"Orb Walker","floor":35,"turns":4},{"damage":0,"enemies":"Reptomancer","floor":41,"turns":7},{"damage":0,"enemies":"3 Shapes","floor":45,"turns":3},{"damage":0,"enemies":"Jaw Worm Horde","floor":46,"turns":4},{"damage":0,"enemies":"Transient","floor":47,"turns":5},{"damage":0,"enemies":"Spire Growth","floor":48,"turns":5},{"damage":0,"enemies":"Donu and Deca","floor":50,"turns":8}],"seed_played":"-1648090504682703661","potions_obtained":[{"floor":5.0,"key":"SkillPotion"},{"floor":12.0,"key":"Explosive Potion"},{"floor":16,"key":"Dexterity Potion"},{"floor":20,"key":"GamblersBrew"},{"floor":21,"key":"Regen Potion"},{"floor":28,"key":"FearPotion"},{"floor":31,"key":"SteroidPotion"},{"floor":33,"key":"FearPotion"},{"floor":36,"key":"LiquidBronze"},{"floor":36,"key":"AttackPotion"},{"floor":36,"key":"PowerPotion"},{"floor":41,"key":"Poison Potion"}],"is_trial":false,"path_per_floor":["M","?","$","?","M","R","E","R","T","E","M","E","$","M","R","B",null,"M","?","M","M","?","E","$","M","T","M","E","M","R","E","R","B",null,"M","?","$","?","$","R","E","?","T","R","M","M","M","M","R","B",null],"character_chosen":"THE_SILENT","items_purchased":["Well Laid Plans","Footwork","Dash","Deadly Poison","Bronze Scales","Footwork"],"campfire_rested":0,"item_purchase_floors":[3,13,13,24,39,39],"current_hp_per_floor":[70,70,70,70,70,70,70,70,70,60,60,51,51,51,51,33,70,70,57,48,48,48,48,48,45,45,45,53,50,50,50,50,42,75,75,75,75,75,75,75,75,75,75,75,75,75,75,75,75,75],"gold":114,"neow_bonus":"THREE_ENEMY_KILL","is_prod":false,"is_daily":false,"chose_seed":false,"campfire_upgraded":8,"win_rate":0,"timestamp":1565472460,"path_taken":["M","?","$","?","M","R","E","R","T","E","?","E","$","M","R","BOSS","M","?","M","M","?","E","$","M","T","M","E","M","R","E","R","BOSS","M","?","?","?","$","R","E","?","T","R","M","M","M","M","R","BOSS"],"build_version":"2019-07-17","purchased_purges":2,"victory":true,"max_hp_per_floor":[70,70,70,70,70,70,70,70,70,70,70,70,70,70,70,70,70,70,75,75,75,75,75,75,75,75,75,75,75,75,75,75,75,75,75,75,75,75,75,75,75,75,75,75,75,75,75,75,75,75],"card_choices":[{"not_picked":["Cloak And Dagger","Sucker Punch"],"picked":"Dagger Spray","floor":1.0},{"not_picked":["Dagger Spray","Endless Agony"],"picked":"Skewer","floor":5.0},{"not_picked":["Infinite Blades","Accuracy"],"picked":"Calculated Gamble","floor":7.0},{"not_picked":["Accuracy","Bane"],"picked":"After Image","floor":10.0},{"not_picked":["Bane","Prepared"],"picked":"Dodge and Roll","floor":11.0},{"not_picked":["Deadly Poison","Finisher","Skewer"],"picked":"SKIP","floor":12.0},{"not_picked":["Distraction","Malaise"],"picked":"Leg Sweep","floor":14.0},{"not_picked":["Corpse Explosion","A Thousand Cuts"],"picked":"Malaise","floor":16},{"not_picked":["Underhanded Strike","Quick Slash+1","Riddle With Holes"],"picked":"SKIP","floor":18},{"not_picked":["Sucker Punch","Deflect+1"],"picked":"Backflip+1","floor":20},{"not_picked":["Well Laid Plans","Flying Knee","Deflect"],"picked":"SKIP","floor":21},{"not_picked":["Burst","Blade Dance"],"picked":"Calculated Gamble","floor":23},{"not_picked":["Dagger Throw","Dagger Spray"],"picked":"Deadly Poison","floor":25},{"not_picked":["Choke+1","PiercingWail"],"picked":"Bouncing Flask","floor":27},{"not_picked":["Bane+1","Deadly Poison"],"picked":"Flechettes","floor":28},{"not_picked":["Choke","Sucker Punch"],"picked":"Infinite Blades","floor":29},{"not_picked":["Dagger Throw+1","Underhanded Strike+1"],"picked":"Adrenaline","floor":31},{"not_picked":["A Thousand Cuts","Die Die Die"],"picked":"Adrenaline","floor":33},{"not_picked":["Masterful Stab","Riddle With Holes+1"],"picked":"Backflip","floor":35},{"not_picked":["Endless Agony+1","Quick Slash+1"],"picked":"Noxious Fumes+1","floor":41},{"not_picked":["Outmaneuver","Dash+1"],"picked":"Tactician+1","floor":45},{"not_picked":["Poisoned Stab","Dodge and Roll"],"picked":"Blur","floor":46},{"not_picked":["Flying Knee+1","Bane+1","Dagger Spray+1"],"picked":"SKIP","floor":47},{"not_picked":["Outmaneuver","Endless Agony+1"],"picked":"Well Laid Plans+1","floor":48}],"player_experience":125968,"relics_obtained":[{"floor":7.0,"key":"Bag of Preparation"},{"floor":9.0,"key":"Tough Bandages"},{"floor":10.0,"key":"Ornamental Fan"},{"floor":12.0,"key":"Oddly Smooth Stone"},{"floor":23,"key":"Thread and Needle"},{"floor":23,"key":"Gambling Chip"},{"floor":26,"key":"Potion Belt"},{"floor":28,"key":"Juzu Bracelet"},{"floor":28,"key":"Shuriken"},{"floor":31,"key":"Meat on the Bone"},{"floor":31,"key":"Snake Skull"},{"floor":41,"key":"Whetstone"},{"floor":41,"key":"Dodecahedron"}],"event_choices":[{"cards_removed":["Strike_G"],"damage_healed":0.0,"max_hp_gain":0.0,"max_hp_loss":0.0,"gold_gain":0.0,"event_name":"Living Wall","player_choice":"Forget","floor":2.0,"gold_loss":0.0,"damage_taken":0.0},{"cards_removed":["Defend_G"],"damage_healed":0.0,"max_hp_gain":0.0,"max_hp_loss":0.0,"gold_gain":0.0,"event_name":"Bonfire Elementals","player_choice":"Offered Basic","floor":4.0,"gold_loss":0.0,"damage_taken":0.0},{"damage_healed":0,"gold_gain":0,"player_choice":"Shed Blood","damage_taken":18,"max_hp_gain":5,"max_hp_loss":0,"event_name":"Forgotten Altar","floor":19,"gold_loss":0},{"damage_healed":0,"gold_gain":99,"player_choice":"Stole From Cult","damage_taken":0,"max_hp_gain":0,"max_hp_loss":0,"event_name":"Nest","floor":22,"gold_loss":0},{"damage_healed":0,"gold_gain":0,"player_choice":"Got Potions","damage_taken":0,"max_hp_gain":0,"max_hp_loss":0,"event_name":"Lab","floor":36,"gold_loss":0},{"cards_removed":["Distraction"],"damage_healed":0,"gold_gain":0,"player_choice":"Purged","damage_taken":0,"max_hp_gain":0,"max_hp_loss":0,"event_name":"Purifier","floor":38,"gold_loss":0},{"damage_healed":0,"gold_gain":0,"player_choice":"Paid","damage_taken":0,"relics_obtained":["Red Mask"],"max_hp_gain":0,"max_hp_loss":0,"event_name":"Tomb of Lord Red Mask","floor":42,"gold_loss":125}],"is_beta":false,"boss_relics":[{"not_picked":["Ring of the Serpent","Orrery"],"picked":"Black Star"},{"not_picked":["WristBlade","HoveringKite"],"picked":"Pandora\u0027s Box"}],"items_purged_floors":[24,39],"is_endless":false,"potions_floor_spawned":[5,12,16,20,21,25,28,31,33,41,45],"ascension_level":2}