{"gold_per_floor":[20,20,36,54,67,67,107,107,107,127,127,143,162,13,13,138,138,159,159,74,92,92,92,112,112,112,130,153,174,174,188,188,188],"floor_reached":33,"playtime":3496,"items_purged":["Pain"],"score":266,"play_id":"fbcbf2e5-998e-455d-af30-b3c12dc70a2b","local_time":"20190809223340","is_ascension_mode":true,"campfire_choices":[{"floor":6,"key":"REST"},{"floor":11,"key":"REST"},{"floor":15,"key":"REST"},{"data":"Defragment","floor":23,"key":"SMITH"},{"data":"Zap","floor":25,"key":"SMITH"},{"data":"Defragment","floor":32,"key":"SMITH"}],"neow_cost":"NO_GOLD","seed_source_timestamp":408843338297500,"circlet_count":0,"master_deck":["Strike_B","Strike_B","Strike_B","Defend_B","Defend_B","Defend_B","Zap+1","Dualcast","Thunder Strike","Blizzard","Beam Cell","Gash","Go for the Eyes","Steam Power","Gash","Coolheaded+1","BootSequence","Leap","Defragment+1","Seek+1","Rebound+1","RitualDagger","Scrape","Self Repair","Defragment+1","Go for the Eyes","Capacitor+1","FTL"],"relics":["Cracked Core","Golden Idol","Pantograph","WarpedTongs","Question Card","White Beast Statue","Boot","Thread and Needle","Shuriken","War Paint"],"potions_floor_usage":[4,16,16,21,24,28,28,31,33,33],"damage_taken":[{"damage":1,"enemies":"Cultist","floor":1,"turns":3},{"damage":6,"enemies":"Jaw Worm","floor":3,"turns":3},{"damage":6,"enemies":"2 Louse","floor":4,"turns":2},{"damage":11,"enemies":"Blue Slaver","floor":5,"turns":3},{"damage":25,"enemies":"Lagavulin","floor":7,"turns":7},{"damage":16,"enemies":"3 Louse","floor":10,"turns":3},{"damage":17,"enemies":"Gremlin Gang","floor":12,"turns":5},{"damage":9,"enemies":"Exordium Thugs","floor":13,"turns":4},{"damage":9,"enemies":"Hexaghost","floor":16,"turns":10},{"damage":5,"enemies":"3 Byrds","floor":18,"turns":6},{"damage":8,"enemies":"Spheric Guardian","floor":21,"turns":4},{"damage":12,"enemies":"Snake Plant","floor":24,"turns":4},{"damage":9,"enemies":"Snecko","floor":27,"turns":5},{"damage":8,"enemies":"Shelled Parasite and Fungi","floor":28,"turns":5},{"damage":10,"enemies":"Chosen and Byrds","floor":29,"turns":6},{"damage":0,"enemies":"Centurion and Healer","floor":31,"turns":4},{"damage":59,"enemies":"Automaton","floor":33,"turns":6}],"seed_played":"1291703235703721135","potions_obtained":[{"floor":1,"key":"SkillPotion"},{"floor":7,"key":"FocusPotion"},{"floor":10,"key":"EssenceOfSteel"},{"floor":16,"key":"Block Potion"},{"floor":18,"key":"SpeedPotion"},{"floor":21,"key":"Swift Potion"},{"floor":24,"key":"SteroidPotion"},{"floor":27,"key":"FocusPotion"},{"floor":28,"key":"Weak Potion"},{"floor":29,"key":"EssenceOfSteel"},{"floor":31,"key":"SteroidPotion"}],"is_trial":false,"path_per_floor":["M","?","M","M","M","R","E","?","T","M","R","M","M","$","R","B",null,"M","?","?","M","?","R","M","R","T","M","M","M","T","M","R","B"],"character_chosen":"DEFECT","items_purchased":["Defragment"],"campfire_rested":3,"item_purchase_floors":[14],"current_hp_per_floor":[74,56,50,44,33,55,30,30,30,14,36,19,10,10,32,48,75,70,64,64,56,56,56,44,44,44,45,44,34,34,34,34,0],"gold":188,"neow_bonus":"TRANSFORM_TWO_CARDS","is_prod":false,"is_daily":false,"chose_seed":false,"campfire_upgraded":3,"win_rate":0,"timestamp":1565357620,"path_taken":["M","?","M","M","M","R","E","?","T","M","R","M","?","$","R","BOSS","M","?","?","M","?","R","M","R","T","?","M","M","?","M","R","BOSS"],"build_version":"2019-07-17","purchased_purges":1,"victory":false,"max_hp_per_floor":[75,75,75,75,75,75,75,75,75,75,75,75,75,75,75,75,75,75,75,75,75,75,75,75,75,75,75,75,75,75,75,75,75],"card_choices":[{"not_picked":["Tempest","Turbo"],"picked":"Beam Cell","floor":1},{"not_picked":["Beam Cell","Fusion"],"picked":"Gash","floor":3},{"not_picked":["Steam Power","Hologram"],"picked":"Go for the Eyes","floor":4},{"not_picked":["Storm","Redo"],"picked":"Steam Power","floor":5},{"not_picked":["Coolheaded","Rebound"],"picked":"Gash","floor":7},{"not_picked":["Rip and Tear","Cold Snap","Redo"],"picked":"Coolheaded","floor":10},{"not_picked":["Biased Cognition","Chaos","Redo"],"picked":"BootSequence","floor":12},{"not_picked":["Barrage","Coolheaded","White Noise"],"picked":"Leap","floor":13},{"not_picked":["Buffer","Thunder Strike","Fission"],"picked":"Seek","floor":16},{"not_picked":["Ball Lightning","Tempest","Turbo+1"],"picked":"Rebound+1","floor":18},{"not_picked":["Aggregate","Beam Cell","Seek"],"picked":"Scrape","floor":21},{"not_picked":["Scrape+1","Leap","Gash"],"picked":"Self Repair","floor":24},{"not_picked":["Darkness","Redo","Hello World+1"],"picked":"Defragment","floor":27},{"not_picked":["Steam","Steam Power","Storm"],"picked":"Go for the Eyes","floor":28},{"not_picked":["Self Repair","Barrage","Turbo+1"],"picked":"Capacitor+1","floor":29},{"not_picked":["Turbo","Leap+1","Storm+1"],"picked":"FTL","floor":31}],"player_experience":248379,"relics_obtained":[{"floor":7,"key":"Pantograph"},{"floor":9,"key":"Question Card"},{"floor":26,"key":"Shuriken"},{"floor":30,"key":"War Paint"}],"event_choices":[{"damage_healed":0,"gold_gain":0,"player_choice":"Take Damage","damage_taken":18,"relics_obtained":["Golden Idol"],"max_hp_gain":0,"max_hp_loss":0,"event_name":"Golden Idol","floor":2,"gold_loss":0},{"damage_healed":0,"gold_gain":0,"player_choice":"Rummage","damage_taken":0,"relics_obtained":["WarpedTongs"],"max_hp_gain":0,"max_hp_loss":0,"event_name":"Accursed Blacksmith","floor":8,"gold_loss":0,"cards_obtained":["Pain"]},{"damage_healed":0,"gold_gain":0,"player_choice":"Joined the Cult","damage_taken":6,"max_hp_gain":0,"max_hp_loss":0,"event_name":"Nest","floor":19,"gold_loss":0,"cards_obtained":["RitualDagger"]},{"damage_healed":0,"gold_gain":0,"player_choice":"Obtained Relic","damage_taken":0,"relics_obtained":["Boot"],"max_hp_gain":0,"max_hp_loss":0,"event_name":"Addict","floor":20,"gold_loss":85},{"damage_healed":0,"gold_gain":0,"player_choice":"Gave Potion","damage_taken":0,"relics_obtained":["Thread and Needle"],"max_hp_gain":0,"max_hp_loss":0,"event_name":"WeMeetAgain","floor":22,"gold_loss":0}],"is_beta":false,"boss_relics":[{"not_picked":["Runic Pyramid","Tiny House"],"picked":"White Beast Statue"}],"items_purged_floors":[14],"is_endless":false,"potions_floor_spawned":[1,7,10,16,18,21,24,27,28,29,31],"killed_by":"Automaton","ascension_level":1}