{"gold_per_floor":[213,226,242,13,23,23,33,33,109,109,284,284,301,120,120,223,223,233,258,258,52,52],"floor_reached":22,"playtime":1484,"items_purged":["Strike_R","Strike_R","Strike_R"],"score":269,"play_id":"6c142e04-3a70-4586-83cf-18bbf1c39808","local_time":"20190306220327","is_ascension_mode":true,"campfire_choices":[{"data":"Spot Weakness","floor":6,"key":"SMITH"},{"data":"Sword Boomerang","floor":8,"key":"SMITH"},{"data":"Armaments","floor":10,"key":"SMITH"},{"data":"Combust","floor":15,"key":"SMITH"}],"neow_cost":"NONE","seed_source_timestamp":498904240713542,"circlet_count":0,"master_deck":["Strike_R+1","Strike_R","Defend_R","Defend_R","Defend_R","Defend_R","Bash+1","Disarm","Armaments+1","Spot Weakness+1","Sword Boomerang+1","Rampage+1","Combust+1","Offering","Pommel Strike+1","Shrug It Off","Rupture"],"relics":["Burning Blood","Whetstone","Molten Egg 2","Runic Cube","Red Mask","Nunchaku"],"potions_floor_usage":[18,19,22],"damage_taken":[{"damage":6,"enemies":"Cultist","floor":1,"turns":4},{"damage":6,"enemies":"2 Louse","floor":2,"turns":3},{"damage":7,"enemies":"Jaw Worm","floor":3,"turns":5},{"damage":11,"enemies":"Red Slaver","floor":5,"turns":7},{"damage":4,"enemies":"Blue Slaver","floor":7,"turns":6},{"damage":3,"enemies":"Looter","floor":13,"turns":4},{"damage":6,"enemies":"Slime Boss","floor":16,"turns":7},{"damage":12,"enemies":"2 Thieves","floor":18,"turns":3},{"damage":56,"enemies":"Masked Bandits","floor":19,"turns":4},{"damage":30,"enemies":"Spheric Guardian","floor":22,"turns":4}],"seed_played":"-9163601978603151949","potions_obtained":[{"floor":2,"key":"Weak Potion"},{"floor":3,"key":"SneckoOil"},{"floor":16,"key":"Block Potion"}],"is_trial":false,"path_per_floor":["M","M","M","$","M","R","M","R","T","R","?","?","M","$","R","B",null,"M","?","T","$","M"],"character_chosen":"IRONCLAD","items_purchased":["Whetstone","Combust","Rupture"],"campfire_rested":0,"item_purchase_floors":[4,14,21],"current_hp_per_floor":[80,80,79,79,74,74,76,76,76,76,76,76,79,79,79,79,80,74,24,24,24,0],"gold":52,"neow_bonus":"HUNDRED_GOLD","is_prod":false,"is_daily":false,"chose_seed":false,"campfire_upgraded":4,"win_rate":0,"timestamp":1551938607,"path_taken":["M","M","M","$","M","R","M","R","T","R","?","?","?","$","R","BOSS","M","?","?","$","?"],"build_version":"2019-01-23","purchased_purges":3,"victory":false,"max_hp_per_floor":[80,80,80,80,80,80,80,80,80,80,80,80,80,80,80,80,80,80,80,80,80,80],"card_choices":[{"not_picked":["Iron Wave","Flex"],"picked":"Disarm","floor":1},{"not_picked":["Reckless Charge","True Grit"],"picked":"Armaments","floor":2},{"not_picked":["Body Slam","Heavy Blade","True Grit"],"picked":"SKIP","floor":3},{"not_picked":["Shrug It Off","Iron Wave"],"picked":"Spot Weakness","floor":5},{"not_picked":["Wild Strike","Rage"],"picked":"Sword Boomerang","floor":7},{"not_picked":["Twin Strike+1","Warcry"],"picked":"Rampage+1","floor":13},{"not_picked":["Immolate+1","Berserk"],"picked":"Offering","floor":16},{"not_picked":["True Grit","Reckless Charge+1"],"picked":"Pommel Strike+1","floor":18},{"not_picked":["Hemokinesis+1","Iron Wave+1"],"picked":"Shrug It Off","floor":19}],"player_experience":96176,"relics_obtained":[{"floor":9,"key":"Molten Egg 2"},{"floor":19,"key":"Red Mask"},{"floor":20,"key":"Nunchaku"}],"event_choices":[{"damage_healed":0,"gold_gain":175,"player_choice":"AGREE","damage_taken":0,"max_hp_gain":0,"max_hp_loss":0,"event_name":"Liars Game","floor":11,"gold_loss":0,"cards_obtained":["Doubt"]},{"cards_removed":["Doubt"],"damage_healed":0,"gold_gain":0,"player_choice":"Removed Curses","damage_taken":0,"max_hp_gain":0,"max_hp_loss":0,"event_name":"Fountain of Cleansing","floor":12,"gold_loss":0},{"damage_healed":0,"gold_gain":0,"player_choice":"Fought Bandits","damage_taken":0,"max_hp_gain":0,"max_hp_loss":0,"event_name":"Masked Bandits","floor":19,"gold_loss":0}],"is_beta":false,"boss_relics":[{"not_picked":["Calling Bell","Orrery"],"picked":"Runic Cube"}],"items_purged_floors":[4,14,21],"is_endless":false,"potions_floor_spawned":[2,3,16],"killed_by":"Spheric Guardian","ascension_level":4}