{"gold_per_floor":[119,119,138,63,83,83,113,133,133,133,144,156,85,85,85,85],"floor_reached":16,"playtime":964,"items_purged":["Decay"],"score":213,"play_id":"1761f835-176c-446a-8e87-0e7b803ecc18","local_time":"20190808142411","is_ascension_mode":true,"campfire_choices":[{"data":"Neutralize","floor":6,"key":"SMITH"},{"floor":10,"key":"REST"},{"data":"Footwork","floor":15,"key":"SMITH"}],"neow_cost":"","seed_source_timestamp":0,"circlet_count":0,"master_deck":["Strike_G","Strike_G","Strike_G","Strike_G","Strike_G","Defend_G","Defend_G","Defend_G","Defend_G","Defend_G","Survivor","Neutralize+1","Dagger Spray","Malaise","Flying Knee","Sucker Punch","Footwork+1"],"special_seed":0,"relics":["Ring of the Snake","Sling","Boot","Pantograph","FaceOfCleric"],"potions_floor_usage":[16,16],"damage_taken":[{"damage":6,"enemies":"Small Slimes","floor":1,"turns":6},{"damage":15,"enemies":"Cultist","floor":3,"turns":6},{"damage":1,"enemies":"Jaw Worm","floor":5,"turns":3},{"damage":13,"enemies":"Gremlin Nob","floor":7,"turns":4},{"damage":9,"enemies":"Looter","floor":8,"turns":4},{"damage":2,"enemies":"3 Louse","floor":11,"turns":3},{"damage":5,"enemies":"Exordium Wildlife","floor":12,"turns":3},{"damage":60,"enemies":"Slime Boss","floor":16,"turns":14}],"seed_played":"-8453364047855536906","potions_obtained":[{"floor":3,"key":"Fire Potion"},{"floor":8,"key":"Block Potion"},{"floor":12,"key":"Strength Potion"}],"is_trial":false,"path_per_floor":["M","?","M","$","M","R","E","M","T","R","M","M","$","?","R","B"],"character_chosen":"THE_SILENT","items_purchased":["Sling","Footwork"],"campfire_rested":1,"item_purchase_floors":[0,13],"current_hp_per_floor":[57,57,42,42,41,41,28,19,19,40,38,33,33,33,33,0],"gold":85,"neow_bonus":"","is_prod":false,"is_daily":false,"chose_seed":false,"campfire_upgraded":2,"win_rate":0,"timestamp":1565292251,"path_taken":["M","?","M","$","M","R","E","?","T","R","M","M","?","?","R","BOSS"],"build_version":"2019-07-17","purchased_purges":1,"victory":false,"max_hp_per_floor":[70,70,70,70,70,70,70,70,70,70,70,70,70,70,70,70],"card_choices":[{"not_picked":["Acrobatics","Poisoned Stab","Bane"],"picked":"SKIP","floor":1},{"not_picked":["Flying Knee","Prepared"],"picked":"Dagger Spray","floor":3},{"not_picked":["Deflect","Quick Slash","Blade Dance"],"picked":"SKIP","floor":5},{"not_picked":["Blade Dance","Dodge and Roll"],"picked":"Malaise","floor":7},{"not_picked":["Setup","Calculated Gamble"],"picked":"Flying Knee","floor":8},{"not_picked":["Flying Knee","Accuracy","Blade Dance"],"picked":"SKIP","floor":11},{"not_picked":["Prepared","Riddle With Holes"],"picked":"Sucker Punch","floor":12}],"player_experience":477053,"relics_obtained":[{"floor":7,"key":"Boot"},{"floor":9,"key":"Pantograph"}],"event_choices":[{"damage_healed":0,"gold_gain":0,"player_choice":"Cursed","damage_taken":0,"max_hp_gain":0,"max_hp_loss":0,"event_name":"Wheel of Change","floor":2,"gold_loss":0,"cards_obtained":["Decay"]},{"damage_healed":0,"gold_gain":0,"player_choice":"Trade","damage_taken":0,"relics_obtained":["FaceOfCleric"],"max_hp_gain":0,"max_hp_loss":0,"event_name":"FaceTrader","floor":14,"gold_loss":0}],"is_beta":false,"boss_relics":[],"items_purged_floors":[4],"is_endless":false,"potions_floor_spawned":[3,8,12],"killed_by":"Slime Boss","ascension_level":8}