{"gold_per_floor":[409,428,9,9,22,22,54,54,81,114,129,164,8,25,25,97,97,112,126,139,157,157,157,172,172,172,172,19,39,89,123,123,123],"floor_reached":33,"playtime":872,"items_purged":["Strike_B","Strike_B","Strike_B"],"score":724,"play_id":"c2230e42-ec5f-4789-a7dc-29f155259d7b","local_time":"20190622213918","is_ascension_mode":true,"campfire_choices":[{"data":"Zap","floor":6.0,"key":"SMITH"},{"floor":8.0,"key":"REST"},{"data":"Biased Cognition","floor":15.0,"key":"SMITH"},{"floor":23.0,"key":"REST"},{"floor":25.0,"key":"REST"},{"floor":27.0,"key":"REST"},{"floor":32.0,"key":"REST"}],"neow_cost":"TEN_PERCENT_HP_LOSS","seed_source_timestamp":28092566108095,"circlet_count":0,"master_deck":["AscendersBane","Defend_B","Defend_B","Defend_B","Defend_B","Zap+1","Dualcast","Genetic Algorithm","Cold Snap","FTL","FTL","Biased Cognition+1","Genetic Algorithm","FTL+1","Ball Lightning+1","All For One+1","Echo Form","Genetic Algorithm","Gash+1"],"special_seed":0,"relics":["Cracked Core","Old Coin","Singing Bowl","DataDisk","PreservedInsect","Mercury Hourglass","Molten Egg 2","Fusion Hammer","Gremlin Horn","Question Card"],"potions_floor_usage":[],"damage_taken":[{"damage":4.0,"enemies":"Jaw Worm","floor":1.0,"turns":4.0},{"damage":1.0,"enemies":"Cultist","floor":2.0,"turns":4.0},{"damage":0.0,"enemies":"Small Slimes","floor":5.0,"turns":2.0},{"damage":36.0,"enemies":"Lagavulin","floor":7.0,"turns":7.0},{"damage":3.0,"enemies":"3 Sentries","floor":10.0,"turns":4.0},{"damage":0.0,"enemies":"2 Fungi Beasts","floor":11.0,"turns":3.0},{"damage":4.0,"enemies":"Lagavulin","floor":12.0,"turns":4.0},{"damage":0.0,"enemies":"Large Slime","floor":14.0,"turns":3.0},{"damage":0.0,"enemies":"Slime Boss","floor":16.0,"turns":4.0},{"damage":7.0,"enemies":"3 Byrds","floor":18.0,"turns":3.0},{"damage":7.0,"enemies":"Chosen","floor":19.0,"turns":4.0},{"damage":32.0,"enemies":"Snake Plant","floor":20.0,"turns":3.0},{"damage":1.0,"enemies":"Centurion and Healer","floor":21.0,"turns":5.0},{"damage":8.0,"enemies":"Cultist and Chosen","floor":24.0,"turns":4.0},{"damage":0.0,"enemies":"Sentry and Sphere","floor":29.0,"turns":5.0},{"damage":0.0,"enemies":"Gremlin Leader","floor":31.0,"turns":5.0},{"damage":91,"enemies":"Champ","floor":33,"turns":10}],"seed_played":"-5323808509468388641","potions_obtained":[{"floor":2.0,"key":"Energy Potion"},{"floor":7.0,"key":"Strength Potion"},{"floor":12.0,"key":"LiquidBronze"},{"floor":14.0,"key":"LiquidBronze"}],"is_trial":false,"path_per_floor":["M","M","$","?","M","R","E","R","T","E","M","E","$","M","R","B",null,"M","M","M","M","?","R","M","R","T","R","$","M","?","E","R","B"],"character_chosen":"DEFECT","items_purchased":["Singing Bowl","FTL","Ball Lightning+1","Gash+1"],"campfire_rested":5,"item_purchase_floors":[3,3,13,28],"current_hp_per_floor":[60,59,59,59,59,59,23,42,42,39,41,37,37,37,37,37,59,54,47,17,18,18,39,33,55,55,74,74,76,76,78,78,0],"gold":123,"neow_bonus":"ONE_RARE_RELIC","is_prod":false,"is_daily":false,"chose_seed":false,"campfire_upgraded":2,"win_rate":0,"timestamp":1561232358,"path_taken":["M","M","$","?","M","R","E","R","T","E","?","E","?","M","R","BOSS","M","?","M","M","?","R","M","R","T","R","$","?","?","E","R","BOSS"],"build_version":"2019-06-21","purchased_purges":3,"victory":false,"max_hp_per_floor":[64,64,64,64,64,64,64,64,64,64,66,66,66,66,66,66,66,68,68,70,72,72,72,74,74,74,74,74,76,76,78,78,78],"card_choices":[{"not_picked":["Cold Snap","Streamline"],"picked":"Genetic Algorithm","floor":1.0},{"not_picked":["Rebound","White Noise"],"picked":"Cold Snap","floor":2.0},{"not_picked":["Coolheaded","Tempest"],"picked":"FTL","floor":5.0},{"not_picked":["Static Discharge","Sunder"],"picked":"Biased Cognition","floor":7.0},{"not_picked":["Compile Driver","Rip and Tear"],"picked":"Genetic Algorithm","floor":10.0},{"not_picked":["Rebound","Hello World","Go for the Eyes"],"picked":"Singing Bowl","floor":11.0},{"not_picked":["Beam Cell","Compile Driver"],"picked":"FTL","floor":12.0},{"not_picked":["Turbo","Streamline+1"],"picked":"All For One+1","floor":14.0},{"not_picked":["Fission","Biased Cognition"],"picked":"Echo Form","floor":16.0},{"not_picked":["Reprogram","Steam","Conserve Battery"],"picked":"Singing Bowl","floor":18.0},{"not_picked":["Go for the Eyes+1","Undo"],"picked":"Genetic Algorithm","floor":19.0},{"not_picked":["Barrage+1","Hologram","Turbo"],"picked":"Singing Bowl","floor":20.0},{"not_picked":["Chaos","Recycle","Sunder+1"],"picked":"Singing Bowl","floor":21.0},{"not_picked":["Go for the Eyes+1","Melter+1","Hologram"],"picked":"Singing Bowl","floor":24.0},{"not_picked":["Redo","Loop","Steam Power"],"picked":"Singing Bowl","floor":29.0},{"not_picked":["Leap+1","Loop","Lockon+1"],"picked":"Singing Bowl","floor":31.0}],"player_experience":1762347,"relics_obtained":[{"floor":7.0,"key":"DataDisk"},{"floor":9.0,"key":"PreservedInsect"},{"floor":10.0,"key":"Mercury Hourglass"},{"floor":12.0,"key":"Molten Egg 2"},{"floor":26.0,"key":"Gremlin Horn"},{"floor":31.0,"key":"Question Card"}],"event_choices":[{"cards_removed":["Strike_B"],"damage_healed":0.0,"max_hp_gain":0.0,"max_hp_loss":0.0,"gold_gain":0.0,"event_name":"Purifier","player_choice":"Purged","floor":4.0,"gold_loss":0.0,"damage_taken":0.0},{"damage_healed":0.0,"max_hp_gain":0.0,"max_hp_loss":0.0,"gold_gain":0.0,"event_name":"Lab","player_choice":"Got Potions","floor":22.0,"gold_loss":0.0,"damage_taken":0.0},{"damage_healed":0.0,"max_hp_gain":0.0,"max_hp_loss":0.0,"gold_gain":50.0,"event_name":"Nest","player_choice":"Stole From Cult","floor":30.0,"gold_loss":0.0,"damage_taken":0.0}],"is_beta":true,"boss_relics":[{"not_picked":["Philosopher\u0027s Stone","FrozenCore"],"picked":"Fusion Hammer"}],"items_purged_floors":[3,13,28],"is_endless":false,"potions_floor_spawned":[2,7,12,14,19,24,29,31],"killed_by":"Champ","ascension_level":20}