{"gold_per_floor":[116,127,144,144,144,144,171,171,195,195,207,217,217,228,228,332,332,332,332,257,257,257,257,257,257,257,257,257,257,257,257,257,257,257,257,257,257,257,157,157,67,67,67,67,67,67,67,67,67,67],"floor_reached":51,"playtime":3909,"items_purged":["Strike_G","Strike_G"],"score":799,"play_id":"66e814d6-dc71-4559-8f82-ff42dc5e6721","local_time":"20190801221759","is_ascension_mode":true,"campfire_choices":[{"data":"Bouncing Flask","floor":6.0,"key":"SMITH"},{"data":"Backflip","floor":10.0,"key":"SMITH"},{"floor":13.0,"key":"REST"},{"floor":15.0,"key":"REST"},{"floor":23.0,"key":"REST"},{"data":"Backflip","floor":25.0,"key":"SMITH"},{"floor":32.0,"key":"REST"},{"data":"Well Laid Plans","floor":40.0,"key":"SMITH"},{"floor":44,"key":"DIG"},{"floor":46,"key":"DIG"},{"floor":49,"key":"REST"}],"neow_cost":"NONE","seed_source_timestamp":236184193852800,"circlet_count":0,"master_deck":["Strike_G","Strike_G+1","Defend_G","Defend_G","Defend_G","Defend_G+1","Defend_G","Survivor","Neutralize+1","Backflip+1","Deadly Poison+1","Bouncing Flask+1","Dash+1","Crippling Poison","Grand Finale","Footwork+1","Catalyst+1","Backflip+1","Well Laid Plans+1","Dodge and Roll+1","PiercingWail+1","Catalyst+1","Prepared+1"],"special_seed":0,"relics":["Ring of the Snake","Potion Belt","Art of War","Omamori","Ectoplasm","Regal Pillow","Shovel","Oddly Smooth Stone","Philosopher\u0027s Stone","Paper Crane","Juzu Bracelet","Orichalcum"],"potions_floor_usage":[50],"damage_taken":[{"damage":0.0,"enemies":"Small Slimes","floor":1.0,"turns":3.0},{"damage":0.0,"enemies":"Jaw Worm","floor":2.0,"turns":4.0},{"damage":4.0,"enemies":"2 Louse","floor":3.0,"turns":3.0},{"damage":25.0,"enemies":"Gremlin Nob","floor":7.0,"turns":4.0},{"damage":12.0,"enemies":"Gremlin Gang","floor":11.0,"turns":4.0},{"damage":0.0,"enemies":"Blue Slaver","floor":12.0,"turns":4.0},{"damage":14.0,"enemies":"Large Slime","floor":14.0,"turns":5.0},{"damage":33.0,"enemies":"Slime Boss","floor":16.0,"turns":7.0},{"damage":9.0,"enemies":"3 Byrds","floor":18.0,"turns":5.0},{"damage":0.0,"enemies":"Spheric Guardian","floor":19.0,"turns":3.0},{"damage":30.0,"enemies":"Centurion and Healer","floor":21.0,"turns":7.0},{"damage":12.0,"enemies":"Snake Plant","floor":22.0,"turns":4.0},{"damage":1.0,"enemies":"Chosen and Byrds","floor":24.0,"turns":4.0},{"damage":16.0,"enemies":"Slavers","floor":27.0,"turns":6.0},{"damage":5.0,"enemies":"Snecko","floor":28.0,"turns":5.0},{"damage":2.0,"enemies":"Book of Stabbing","floor":29.0,"turns":4.0},{"damage":10.0,"enemies":"Centurion and Healer","floor":30.0,"turns":6.0},{"damage":5.0,"enemies":"Champ","floor":33.0,"turns":9.0},{"damage":0.0,"enemies":"3 Shapes","floor":35.0,"turns":4.0},{"damage":0.0,"enemies":"3 Darklings","floor":36.0,"turns":6.0},{"damage":12.0,"enemies":"Transient","floor":38.0,"turns":5.0},{"damage":11,"enemies":"Writhing Mass","floor":45,"turns":3},{"damage":0,"enemies":"3 Darklings","floor":48,"turns":5},{"damage":47,"enemies":"Donu and Deca","floor":50,"turns":13}],"seed_played":"7039183701398582788","potions_obtained":[{"floor":2.0,"key":"Explosive Potion"},{"floor":7.0,"key":"Swift Potion"},{"floor":12.0,"key":"Weak Potion"},{"floor":14.0,"key":"AttackPotion"},{"floor":16.0,"key":"FearPotion"},{"floor":21.0,"key":"Swift Potion"},{"floor":22.0,"key":"Block Potion"},{"floor":30.0,"key":"SteroidPotion"},{"floor":48,"key":"Weak Potion"}],"is_trial":false,"path_per_floor":["M","M","M","?","?","R","E","?","T","R","M","M","R","M","R","B",null,"M","M","$","M","M","R","M","R","T","E","M","E","M","?","R","B",null,"M","M","?","M","$","R","?","$","T","R","M","R","$","M","R","B",null],"character_chosen":"THE_SILENT","items_purchased":[],"campfire_rested":5,"item_purchase_floors":[],"current_hp_per_floor":[70,70,66,66,52,52,27,27,27,27,15,15,36,22,43,10,70,61,61,61,31,19,40,39,39,39,23,18,16,6,6,42,37,70,70,70,70,58,58,58,58,58,58,58,47,47,47,47,70,23],"gold":67,"neow_bonus":"RANDOM_COMMON_RELIC","is_prod":false,"is_daily":false,"chose_seed":false,"campfire_upgraded":4,"win_rate":0,"timestamp":1564712279,"path_taken":["M","M","M","?","?","R","E","?","T","R","?","M","R","M","R","BOSS","M","M","$","M","M","R","M","R","T","E","M","E","M","?","R","BOSS","M","M","?","M","?","R","?","$","T","R","M","R","$","M","R","BOSS"],"build_version":"2019-07-18","purchased_purges":2,"victory":true,"max_hp_per_floor":[70,70,70,70,70,70,70,70,70,70,70,70,70,70,70,70,70,70,70,70,70,70,70,70,70,70,70,70,70,70,70,70,70,70,70,70,70,70,70,70,70,70,70,70,70,70,70,70,70,70],"card_choices":[{"not_picked":["Sucker Punch","Escape Plan"],"picked":"Backflip","floor":1.0},{"not_picked":["Terror","Distraction"],"picked":"Deadly Poison","floor":2.0},{"not_picked":["Deflect","Dodge and Roll"],"picked":"Bouncing Flask","floor":3.0},{"not_picked":["Underhanded Strike","Deadly Poison"],"picked":"Dash","floor":7.0},{"not_picked":["PiercingWail","All Out Attack","Deadly Poison"],"picked":"SKIP","floor":11.0},{"not_picked":["Blade Dance","Heel Hook"],"picked":"Crippling Poison","floor":12.0},{"not_picked":["Deadly Poison","Underhanded Strike","Poisoned Stab"],"picked":"SKIP","floor":14.0},{"not_picked":["Unload","A Thousand Cuts"],"picked":"Grand Finale","floor":16.0},{"not_picked":["Flying Knee","Riddle With Holes","Underhanded Strike"],"picked":"SKIP","floor":18.0},{"not_picked":["Outmaneuver","Acrobatics"],"picked":"Footwork+1","floor":19.0},{"not_picked":["Accuracy","Quick Slash","Caltrops"],"picked":"SKIP","floor":21.0},{"not_picked":["Underhanded Strike","Night Terror"],"picked":"Catalyst+1","floor":22.0},{"not_picked":["Poisoned Stab","Cloak And Dagger+1"],"picked":"Backflip","floor":24.0},{"not_picked":["Accuracy+1","Expertise","Deflect"],"picked":"SKIP","floor":27.0},{"not_picked":["Unload","Backstab"],"picked":"Well Laid Plans","floor":28.0},{"not_picked":["Sucker Punch+1","Bane","Reflex"],"picked":"SKIP","floor":29.0},{"not_picked":["Deflect","Dagger Spray","Masterful Stab"],"picked":"SKIP","floor":30.0},{"not_picked":["Skewer+1","Outmaneuver+1"],"picked":"Dodge and Roll+1","floor":35.0},{"not_picked":["Underhanded Strike+1","Expertise"],"picked":"PiercingWail+1","floor":36.0},{"not_picked":["Sucker Punch","Flying Knee+1","Leg Sweep+1"],"picked":"SKIP","floor":38.0},{"not_picked":["Flechettes","Deflect+1"],"picked":"Prepared+1","floor":45},{"not_picked":["Underhanded Strike","Endless Agony","Outmaneuver+1"],"picked":"SKIP","floor":48}],"player_experience":285271,"relics_obtained":[{"floor":7.0,"key":"Art of War"},{"floor":9.0,"key":"Omamori"},{"floor":26.0,"key":"Regal Pillow"},{"floor":27.0,"key":"Shovel"},{"floor":29.0,"key":"Oddly Smooth Stone"},{"floor":43,"key":"Paper Crane"},{"floor":44,"key":"Juzu Bracelet"},{"floor":46,"key":"Orichalcum"}],"event_choices":[{"damage_healed":0.0,"max_hp_gain":0.0,"max_hp_loss":0.0,"gold_gain":0.0,"event_name":"Living Wall","player_choice":"Grow","floor":4.0,"gold_loss":0.0,"damage_taken":0.0,"cards_upgraded":["Neutralize"]},{"damage_healed":0.0,"max_hp_gain":0.0,"max_hp_loss":0.0,"gold_gain":0.0,"event_name":"Shining Light","player_choice":"Entered Light","floor":5.0,"gold_loss":0.0,"damage_taken":14.0,"cards_upgraded":["Defend_G","Strike_G"]},{"damage_healed":0.0,"max_hp_gain":0.0,"max_hp_loss":0.0,"gold_gain":0.0,"event_name":"Accursed Blacksmith","player_choice":"Forge","floor":8.0,"gold_loss":0.0,"damage_taken":0.0,"cards_upgraded":["Dash"]},{"damage_healed":0.0,"max_hp_gain":0.0,"max_hp_loss":0.0,"gold_gain":0.0,"event_name":"Cursed Tome","player_choice":"Ignored","floor":31.0,"gold_loss":0.0,"damage_taken":0.0},{"damage_healed":0.0,"max_hp_gain":0.0,"max_hp_loss":0.0,"gold_gain":0.0,"event_name":"Duplicator","player_choice":"Copied","floor":37.0,"gold_loss":0.0,"damage_taken":0.0,"cards_obtained":["Catalyst"]},{"cards_removed":["Strike_G"],"damage_healed":0,"gold_gain":0,"player_choice":"Upgrade and Remove","damage_taken":0,"max_hp_gain":0,"max_hp_loss":0,"event_name":"Designer","floor":41,"gold_loss":90,"cards_upgraded":["Deadly Poison"]}],"is_beta":true,"boss_relics":[{"not_picked":["Snecko Eye","Astrolabe"],"picked":"Ectoplasm"},{"not_picked":["HoveringKite","Busted Crown"],"picked":"Philosopher\u0027s Stone"}],"items_purged_floors":[20,39],"is_endless":false,"potions_floor_spawned":[2,7,12,14,16,21,22,27,30,48],"ascension_level":4}