{"gold_per_floor":[18,29,29,49,49,75,75,110,110,110],"floor_reached":10,"playtime":313,"items_purged":[],"score":152,"play_id":"480119c7-6013-4c83-a31f-64816749731b","local_time":"20190811170352","is_ascension_mode":true,"campfire_choices":[{"floor":7.0,"key":"REST"}],"neow_cost":"NO_GOLD","seed_source_timestamp":17453464780619,"circlet_count":0,"master_deck":["AscendersBane","Strike_B","Strike_B","Strike_B","Strike_B+1","Defend_B","Defend_B","Defend_B","Defend_B","Zap+1","Dualcast","Darkness","Coolheaded+1","Gash","Cold Snap","Multi-Cast"],"special_seed":0,"relics":["Cracked Core","The Courier","Matryoshka","Oddly Smooth Stone","Question Card"],"potions_floor_usage":[],"damage_taken":[{"damage":4.0,"enemies":"Jaw Worm","floor":1.0,"turns":4.0},{"damage":1.0,"enemies":"2 Louse","floor":2.0,"turns":3.0},{"damage":11.0,"enemies":"Small Slimes","floor":4.0,"turns":3.0},{"damage":21.0,"enemies":"Lagavulin","floor":6.0,"turns":8.0},{"damage":15.0,"enemies":"3 Sentries","floor":8.0,"turns":9.0},{"damage":28,"enemies":"Lagavulin","floor":10,"turns":8}],"seed_played":"5490252561238751609","potions_obtained":[{"floor":2.0,"key":"PowerPotion"},{"floor":4.0,"key":"Ancient Potion"}],"is_trial":false,"path_per_floor":["M","M","?","M","?","E","R","E","T","E"],"character_chosen":"DEFECT","items_purchased":[],"campfire_rested":1,"item_purchase_floors":[],"current_hp_per_floor":[74,73,73,62,36,15,40,25,25,0],"gold":110,"neow_bonus":"TWENTY_PERCENT_HP_BONUS","is_prod":false,"is_daily":false,"chose_seed":false,"campfire_upgraded":0,"win_rate":0,"timestamp":1565535832,"path_taken":["M","M","?","M","?","E","R","E","T","E"],"build_version":"2019-07-18","purchased_purges":0,"victory":false,"max_hp_per_floor":[85,85,85,85,85,85,85,85,85,85],"card_choices":[{"not_picked":["Stack","Doom and Gloom"],"picked":"Darkness","floor":1.0},{"not_picked":["Steam","Redo"],"picked":"Coolheaded","floor":2.0},{"not_picked":["Beam Cell","Coolheaded"],"picked":"Gash","floor":4.0},{"not_picked":["Chill","Beam Cell"],"picked":"Cold Snap","floor":6.0},{"not_picked":["Streamline","Aggregate"],"picked":"Multi-Cast","floor":8.0}],"player_experience":1984624,"relics_obtained":[{"floor":6.0,"key":"The Courier"},{"floor":8.0,"key":"Matryoshka"},{"floor":9.0,"key":"Oddly Smooth Stone"},{"floor":9.0,"key":"Question Card"}],"event_choices":[{"damage_healed":0.0,"max_hp_gain":0.0,"max_hp_loss":0.0,"gold_gain":0.0,"event_name":"Living Wall","player_choice":"Grow","floor":3.0,"gold_loss":0.0,"damage_taken":0.0,"cards_upgraded":["Zap"]},{"damage_healed":0.0,"max_hp_gain":0.0,"max_hp_loss":0.0,"gold_gain":0.0,"event_name":"Shining Light","player_choice":"Entered Light","floor":5.0,"gold_loss":0.0,"damage_taken":26.0,"cards_upgraded":["Strike_B","Coolheaded"]}],"is_beta":true,"boss_relics":[],"items_purged_floors":[],"is_endless":false,"potions_floor_spawned":[2,4],"killed_by":"Lagavulin","ascension_level":20}