{"gold_per_floor":[112,112,128,141,5,5,35,35,61,79,79,103,141,37,37,128,128,108,129,129,201,201],"floor_reached":22,"playtime":2320,"items_purged":["Strike_R"],"score":413,"play_id":"6ab98ea9-b89f-49f0-97aa-cc205b52d7ea","local_time":"20190724143117","is_ascension_mode":true,"campfire_choices":[{"data":"Sever Soul","floor":6.0,"key":"SMITH"},{"data":"Shockwave","floor":8.0,"key":"SMITH"},{"data":"True Grit","floor":15.0,"key":"SMITH"}],"neow_cost":"TEN_PERCENT_HP_LOSS","seed_source_timestamp":399866587792539,"circlet_count":0,"master_deck":["AscendersBane","Defend_R","Defend_R","Defend_R","Defend_R","Bash+1","Heavy Blade","Whirlwind","Reaper","Sever Soul+1","Shockwave+1","Iron Wave","Shockwave","Limit Break","True Grit+1","Berserk","Shrug It Off","Bite","Bite","Bite","Bite","Bite"],"special_seed":0,"relics":["Burning Blood","Champion Belt","Bag of Marbles","Omamori","Golden Idol","Regal Pillow","Eternal Feather","The Courier"],"potions_floor_usage":[18,22,22],"damage_taken":[{"damage":4.0,"enemies":"Jaw Worm","floor":1.0,"turns":6.0},{"damage":5.0,"enemies":"Cultist","floor":3.0,"turns":4.0},{"damage":3.0,"enemies":"2 Louse","floor":4.0,"turns":3.0},{"damage":35.0,"enemies":"3 Sentries","floor":7.0,"turns":6.0},{"damage":9.0,"enemies":"Looter","floor":10.0,"turns":3.0},{"damage":1.0,"enemies":"2 Fungi Beasts","floor":12.0,"turns":4.0},{"damage":10.0,"enemies":"Lagavulin","floor":13.0,"turns":6.0},{"damage":42.0,"enemies":"The Guardian","floor":16.0,"turns":14.0},{"damage":22,"enemies":"2 Thieves","floor":18,"turns":4},{"damage":25,"enemies":"Chosen","floor":19,"turns":5},{"damage":42,"enemies":"Snake Plant","floor":22,"turns":5}],"seed_played":"-3037160072077590128","potions_obtained":[{"floor":7.0,"key":"GamblersBrew"},{"floor":12.0,"key":"Energy Potion"},{"floor":13.0,"key":"Block Potion"},{"floor":16.0,"key":"Poison Potion"},{"floor":18,"key":"SneckoOil"}],"is_trial":false,"path_per_floor":["M","?","M","M","$","R","E","R","T","M","?","M","E","$","R","B",null,"M","M","?","T","M"],"character_chosen":"IRONCLAD","items_purchased":["Strength Potion","Sever Soul","True Grit"],"campfire_rested":0,"item_purchase_floors":[5,5,14],"current_hp_per_floor":[68,68,68,68,68,68,39,39,39,40,40,49,45,45,45,9,53,37,18,18,18,0],"gold":201,"neow_bonus":"ONE_RARE_RELIC","is_prod":false,"is_daily":false,"chose_seed":false,"campfire_upgraded":3,"win_rate":0,"timestamp":1563967877,"path_taken":["M","?","M","M","$","R","E","R","T","M","?","M","E","$","R","BOSS","M","M","?","?","M"],"build_version":"2019-07-17","purchased_purges":1,"victory":false,"max_hp_per_floor":[68,68,68,68,68,68,68,68,68,68,68,68,68,68,68,68,68,68,68,47,47,47],"card_choices":[{"not_picked":["Flex","Intimidate"],"picked":"Heavy Blade","floor":1.0},{"not_picked":["Flex","Intimidate"],"picked":"Whirlwind","floor":3.0},{"not_picked":["Searing Blow","Havoc"],"picked":"Reaper","floor":4.0},{"not_picked":["Wild Strike","Pommel Strike"],"picked":"Shockwave","floor":7.0},{"not_picked":["Infernal Blade","Clothesline"],"picked":"Iron Wave","floor":10.0},{"not_picked":["Sword Boomerang","Body Slam"],"picked":"Shockwave","floor":12.0},{"not_picked":["Feel No Pain","Shrug It Off"],"picked":"Limit Break","floor":13.0},{"not_picked":["Brutality","Fiend Fire"],"picked":"Berserk","floor":16.0},{"not_picked":["Flex","Infernal Blade"],"picked":"Shrug It Off","floor":18},{"not_picked":["Havoc","Whirlwind","Thunderclap"],"picked":"SKIP","floor":19}],"player_experience":948249,"relics_obtained":[{"floor":7.0,"key":"Bag of Marbles"},{"floor":9.0,"key":"Omamori"},{"floor":13.0,"key":"Regal Pillow"},{"floor":21,"key":"The Courier"}],"event_choices":[{"damage_healed":0.0,"max_hp_gain":0.0,"max_hp_loss":0.0,"gold_gain":0.0,"event_name":"Living Wall","player_choice":"Grow","floor":2.0,"gold_loss":0.0,"damage_taken":0.0,"cards_upgraded":["Bash"]},{"damage_healed":0.0,"max_hp_gain":0.0,"max_hp_loss":0.0,"gold_gain":0.0,"event_name":"Golden Idol","player_choice":"Take Wound","floor":11.0,"gold_loss":0.0,"damage_taken":0.0,"relics_obtained":["Golden Idol"],"cards_obtained":["Injury"]},{"damage_healed":0,"gold_gain":0,"player_choice":"Became a vampire","damage_taken":0,"max_hp_gain":0,"max_hp_loss":21,"event_name":"Vampires","floor":20,"gold_loss":0,"cards_obtained":["Bite","Bite","Bite","Bite","Bite"]}],"is_beta":false,"boss_relics":[{"not_picked":["Orrery","Ectoplasm"],"picked":"Eternal Feather"}],"items_purged_floors":[14],"is_endless":false,"potions_floor_spawned":[7,12,13,16,18],"killed_by":"Snake Plant","ascension_level":20}