{"gold_per_floor":[217,217,236,253,269,269,52,52,52,79,100,100],"floor_reached":12,"playtime":245,"items_purged":[],"score":156,"play_id":"7f4d5b9c-91a2-497c-9812-f563fcbf35d5","local_time":"20190727200813","is_ascension_mode":true,"campfire_choices":[{"floor":6.0,"key":"REST"},{"data":"Zap","floor":8.0,"key":"SMITH"}],"neow_cost":"NONE","seed_source_timestamp":23408052579815,"circlet_count":0,"master_deck":["AscendersBane","Strike_B","Strike_B","Strike_B","Strike_B","Defend_B","Defend_B","Defend_B","Defend_B","Zap+1","Dualcast","Ball Lightning","Reinforced Body","Ball Lightning","FTL","Static Discharge"],"special_seed":0,"relics":["Cracked Core","Peace Pipe","Oddly Smooth Stone","Toxic Egg 2","Meat on the Bone","Odd Mushroom"],"potions_floor_usage":[],"damage_taken":[{"damage":1.0,"enemies":"Cultist","floor":1.0,"turns":3.0},{"damage":0.0,"enemies":"2 Louse","floor":3.0,"turns":2.0},{"damage":12.0,"enemies":"Small Slimes","floor":4.0,"turns":3.0},{"damage":11.0,"enemies":"Blue Slaver","floor":5.0,"turns":3.0},{"damage":12.0,"enemies":"Lagavulin","floor":10.0,"turns":6.0},{"damage":22.0,"enemies":"The Mushroom Lair","floor":11.0,"turns":3.0},{"damage":34,"enemies":"3 Sentries","floor":12,"turns":4}],"seed_played":"-8463052574952828702","potions_obtained":[{"floor":4.0,"key":"Poison Potion"}],"is_trial":false,"path_per_floor":["M","?","M","M","M","R","$","R","T","E","?","E"],"character_chosen":"DEFECT","items_purchased":["Oddly Smooth Stone","Fire Potion"],"campfire_rested":1,"item_purchase_floors":[7,7],"current_hp_per_floor":[63,52,52,40,29,50,50,50,50,38,28,0],"gold":100,"neow_bonus":"HUNDRED_GOLD","is_prod":false,"is_daily":false,"chose_seed":false,"campfire_upgraded":1,"win_rate":0,"timestamp":1564250893,"path_taken":["M","?","M","M","M","R","$","R","T","E","?","E"],"build_version":"2019-07-18","purchased_purges":0,"victory":false,"max_hp_per_floor":[71,71,71,71,71,71,71,71,71,71,71,71],"card_choices":[{"not_picked":["Turbo","Rebound"],"picked":"Ball Lightning","floor":1.0},{"not_picked":["Redo","Blizzard"],"picked":"Reinforced Body","floor":3.0},{"not_picked":["Streamline","Rainbow"],"picked":"Ball Lightning","floor":4.0},{"not_picked":["Streamline","Melter"],"picked":"FTL","floor":5.0},{"not_picked":["Consume+1","Scrape"],"picked":"Static Discharge","floor":10.0}],"player_experience":1928373,"relics_obtained":[{"floor":9.0,"key":"Toxic Egg 2"},{"floor":10.0,"key":"Meat on the Bone"},{"floor":11.0,"key":"Odd Mushroom"}],"event_choices":[{"damage_healed":0.0,"max_hp_gain":0.0,"max_hp_loss":0.0,"gold_gain":0.0,"event_name":"Scrap Ooze","player_choice":"Success","floor":2.0,"gold_loss":0.0,"damage_taken":11.0,"relics_obtained":["Peace Pipe"]},{"damage_healed":0.0,"max_hp_gain":0.0,"max_hp_loss":0.0,"gold_gain":0.0,"event_name":"Mushrooms","player_choice":"Fought Mushrooms","floor":11.0,"gold_loss":0.0,"damage_taken":0.0}],"is_beta":true,"boss_relics":[],"items_purged_floors":[],"is_endless":false,"potions_floor_spawned":[4],"killed_by":"3 Sentries","ascension_level":20}