{"gold_per_floor":[111,36,36,36,36,36,56,56,56,67,98,98,48,83,83,182,182,195,115,135,146,160,160,193,73,96,96,96,129,143,170,170,170],"floor_reached":33,"playtime":1758,"items_purged":["Strike_R","Strike_R","Strike_R"],"score":469,"play_id":"213af002-459b-472b-8bbc-8a80e9850165","local_time":"20190621104533","is_ascension_mode":true,"campfire_choices":[{"data":"Hemokinesis","floor":6,"key":"SMITH"},{"data":"Bash","floor":8,"key":"SMITH"},{"data":"Cleave","floor":12,"key":"SMITH"},{"floor":15,"key":"REST"},{"data":"Shockwave","floor":23,"key":"SMITH"},{"data":"Reaper","floor":28,"key":"SMITH"},{"data":"Clothesline","floor":32,"key":"SMITH"}],"neow_cost":"","seed_source_timestamp":737533579287200,"circlet_count":0,"master_deck":["Strike_R","Defend_R+1","Defend_R+1","Defend_R","Bash+1","Shrug It Off","Hemokinesis+1","Cleave+1","Ghostly Armor","Reaper+1","Shockwave+1","Clothesline+1"],"relics":["Burning Blood","Magic Flower","The Courier","Sundial","Happy Flower","Coffee Dripper","Strawberry","Bag of Marbles","Omamori","Red Mask"],"potions_floor_usage":[11,24,33],"damage_taken":[{"damage":3,"enemies":"2 Louse","floor":1,"turns":3},{"damage":2,"enemies":"Jaw Worm","floor":7,"turns":3},{"damage":2,"enemies":"Small Slimes","floor":10,"turns":2},{"damage":23,"enemies":"Lagavulin","floor":11,"turns":6},{"damage":25,"enemies":"3 Sentries","floor":14,"turns":9},{"damage":51,"enemies":"Hexaghost","floor":16,"turns":10},{"damage":8,"enemies":"Spheric Guardian","floor":18,"turns":4},{"damage":16,"enemies":"2 Thieves","floor":20,"turns":4},{"damage":32,"enemies":"Sentry and Sphere","floor":21,"turns":6},{"damage":10,"enemies":"3 Cultists","floor":22,"turns":5},{"damage":11,"enemies":"Slavers","floor":24,"turns":7},{"damage":69,"enemies":"Gremlin Leader","floor":29,"turns":7},{"damage":3,"enemies":"Snecko","floor":30,"turns":4},{"damage":29,"enemies":"Masked Bandits","floor":31,"turns":5},{"damage":64,"enemies":"Champ","floor":33,"turns":13}],"seed_played":"-5282335106186780555","potions_obtained":[{"floor":10,"key":"SkillPotion"},{"floor":16,"key":"SmokeBomb"},{"floor":20,"key":"GamblersBrew"},{"floor":22,"key":"Fire Potion"},{"floor":29,"key":"Dexterity Potion"}],"is_trial":false,"path_per_floor":["M","$","?","?","?","R","M","R","T","M","E","R","?","E","R","B",null,"M","$","M","M","M","R","E","$","T","?","R","E","M","?","R","B"],"character_chosen":"IRONCLAD","items_purchased":["Shrug It Off","Clothesline"],"campfire_rested":1,"item_purchase_floors":[0,25],"current_hp_per_floor":[78,78,62,55,55,55,62,62,62,69,55,55,55,39,63,21,80,80,80,73,56,73,73,85,85,85,85,85,40,57,52,52,0],"gold":170,"neow_bonus":"","is_prod":false,"is_daily":false,"chose_seed":false,"campfire_upgraded":6,"win_rate":0,"timestamp":1561131933,"path_taken":["M","$","?","?","?","R","?","R","T","M","E","R","?","E","R","BOSS","M","$","M","M","M","R","E","$","T","?","R","E","M","?","R","BOSS"],"build_version":"2019-01-23","purchased_purges":3,"victory":false,"max_hp_per_floor":[80,80,80,80,80,80,80,80,80,80,80,80,80,80,80,80,80,80,80,80,80,80,80,87,87,87,87,87,87,87,87,87,87],"card_choices":[{"not_picked":["Combust","Iron Wave"],"picked":"Hemokinesis","floor":1},{"not_picked":["Iron Wave","Heavy Blade","Shrug It Off"],"picked":"SKIP","floor":7},{"not_picked":["Ghostly Armor","Headbutt"],"picked":"Cleave","floor":10},{"not_picked":["Headbutt","True Grit"],"picked":"Ghostly Armor","floor":11},{"not_picked":["Bludgeon","Sword Boomerang","Cleave"],"picked":"SKIP","floor":14},{"not_picked":["Feed","Barricade"],"picked":"Reaper","floor":16},{"not_picked":["Entrench","Searing Blow","Iron Wave"],"picked":"SKIP","floor":18},{"not_picked":["Thunderclap","Evolve","Shrug It Off"],"picked":"SKIP","floor":20},{"not_picked":["True Grit","Clash"],"picked":"Shockwave","floor":21},{"not_picked":["Dropkick","Twin Strike","Havoc"],"picked":"SKIP","floor":22},{"not_picked":["Havoc","Anger","Twin Strike"],"picked":"SKIP","floor":24},{"not_picked":["Dual Wield+1","Blood for Blood","Intimidate"],"picked":"SKIP","floor":29},{"not_picked":["Second Wind","Cleave","Whirlwind"],"picked":"SKIP","floor":30}],"player_experience":359548,"relics_obtained":[{"floor":9,"key":"The Courier"},{"floor":11,"key":"Sundial"},{"floor":14,"key":"Happy Flower"},{"floor":24,"key":"Strawberry"},{"floor":26,"key":"Bag of Marbles"},{"floor":29,"key":"Omamori"},{"floor":31,"key":"Red Mask"}],"event_choices":[{"damage_healed":0,"gold_gain":0,"player_choice":"Entered Light","damage_taken":16,"max_hp_gain":0,"max_hp_loss":0,"event_name":"Shining Light","floor":3,"gold_loss":0,"cards_upgraded":["Defend_R","Defend_R"]},{"cards_removed":["Defend_R"],"damage_healed":0,"gold_gain":0,"player_choice":"Card Removal","damage_taken":7,"max_hp_gain":0,"max_hp_loss":0,"event_name":"Golden Wing","floor":4,"gold_loss":0},{"damage_healed":0,"gold_gain":0,"player_choice":"Fled","damage_taken":0,"max_hp_gain":0,"max_hp_loss":0,"event_name":"Scrap Ooze","floor":5,"gold_loss":0},{"cards_removed":["Strike_R"],"damage_healed":0,"gold_gain":0,"player_choice":"Card Removal","damage_taken":0,"max_hp_gain":0,"max_hp_loss":0,"event_name":"The Cleric","floor":13,"gold_loss":50},{"damage_healed":0,"gold_gain":0,"player_choice":"Ignored","damage_taken":0,"max_hp_gain":0,"max_hp_loss":0,"event_name":"Ghosts","floor":27,"gold_loss":0},{"damage_healed":0,"gold_gain":0,"player_choice":"Fought Bandits","damage_taken":0,"max_hp_gain":0,"max_hp_loss":0,"event_name":"Masked Bandits","floor":31,"gold_loss":0}],"is_beta":false,"boss_relics":[{"not_picked":["Snecko Eye","Lizard Tail"],"picked":"Coffee Dripper"}],"items_purged_floors":[2,19,25],"is_endless":false,"potions_floor_spawned":[10,16,20,22,29],"killed_by":"Champ","ascension_level":4}