{"gold_per_floor":[115,129,143,155,155,155,182,182,206,206,226,261,279,311,311,385,385,403,89,104,119,139,170,198,225,299,333,360,372,397,81,81,153,153,165,182,404,458,29,29],"floor_reached":40,"playtime":1400,"items_purged":["Strike_B"],"score":1161,"play_id":"52239d97-b045-482b-9a2d-cc00d3c2e099","local_time":"20190614010341","is_ascension_mode":true,"campfire_choices":[{"data":"Cold Snap","floor":6.0,"key":"SMITH"},{"data":"Compile Driver","floor":8.0,"key":"SMITH"},{"data":"Go for the Eyes","floor":10.0,"key":"SMITH"},{"data":"Hyperbeam","floor":15.0,"key":"SMITH"},{"data":"Coolheaded","floor":29,"key":"SMITH"},{"data":"Sunder","floor":32,"key":"SMITH"}],"neow_cost":"TEN_PERCENT_HP_LOSS","seed_source_timestamp":21586755981061,"circlet_count":0,"master_deck":["AscendersBane","Defend_B","Dualcast","Cold Snap+1","Defragment+1","Go for the Eyes+1","Glacier","Compile Driver+1","BootSequence","Hyperbeam+1","Conserve Battery","Echo Form","Sweeping Beam","Self Repair","Sunder+1","Turbo","Compile Driver+1","Sweeping Beam","Gash","Coolheaded+1","Undo","All For One","Sweeping Beam+1","Aggregate+1","Beam Cell+1","Conserve Battery","FTL","Gash"],"special_seed":0,"relics":["Cracked Core","Dream Catcher","PreservedInsect","Ancient Tea Set","Bronze Scales","Empty Cage","Mummified Hand","Red Mask","Cables","Shuriken","MawBank","Pantograph","Astrolabe","FossilizedHelix","MealTicket"],"potions_floor_usage":[23,24,25,33,38,40,40],"damage_taken":[{"damage":0.0,"enemies":"2 Louse","floor":1.0,"turns":2.0},{"damage":0.0,"enemies":"Cultist","floor":2.0,"turns":3.0},{"damage":10.0,"enemies":"Jaw Worm","floor":3.0,"turns":3.0},{"damage":0.0,"enemies":"2 Fungi Beasts","floor":4.0,"turns":2.0},{"damage":14.0,"enemies":"Gremlin Nob","floor":7.0,"turns":7.0},{"damage":0.0,"enemies":"Blue Slaver","floor":11.0,"turns":4.0},{"damage":9.0,"enemies":"3 Sentries","floor":12.0,"turns":6.0},{"damage":0.0,"enemies":"3 Louse","floor":13.0,"turns":1.0},{"damage":0.0,"enemies":"Lagavulin","floor":14.0,"turns":6.0},{"damage":0.0,"enemies":"The Guardian","floor":16.0,"turns":13.0},{"damage":2.0,"enemies":"2 Thieves","floor":18.0,"turns":2.0},{"damage":13.0,"enemies":"3 Byrds","floor":20.0,"turns":4.0},{"damage":14.0,"enemies":"3 Cultists","floor":21.0,"turns":4.0},{"damage":5.0,"enemies":"Snecko","floor":22.0,"turns":7.0},{"damage":37,"enemies":"Book of Stabbing","floor":23,"turns":5},{"damage":0,"enemies":"Masked Bandits","floor":24,"turns":2},{"damage":0,"enemies":"Gremlin Leader","floor":25,"turns":5},{"damage":6,"enemies":"Slavers","floor":27,"turns":2},{"damage":13,"enemies":"Sentry and Sphere","floor":28,"turns":4},{"damage":1,"enemies":"Shelled Parasite and Fungi","floor":30,"turns":5},{"damage":3,"enemies":"Automaton","floor":33,"turns":11},{"damage":12,"enemies":"3 Shapes","floor":35,"turns":7},{"damage":21,"enemies":"3 Darklings","floor":36,"turns":4},{"damage":46,"enemies":"2 Orb Walkers","floor":38,"turns":5},{"damage":27,"enemies":"Giant Head","floor":40,"turns":7}],"seed_played":"-8580751453122940344","potions_obtained":[{"floor":3.0,"key":"Explosive Potion"},{"floor":4.0,"key":"EssenceOfSteel"},{"floor":11.0,"key":"AttackPotion"},{"floor":12.0,"key":"Dexterity Potion"},{"floor":13.0,"key":"Fire Potion"},{"floor":20.0,"key":"Dexterity Potion"},{"floor":21.0,"key":"GamblersBrew"},{"floor":23,"key":"Regen Potion"},{"floor":24,"key":"EssenceOfSteel"},{"floor":25,"key":"Poison Potion"}],"is_trial":false,"path_per_floor":["M","M","M","M","?","R","E","R","T","R","M","E","M","E","R","B",null,"M","$","M","M","M","E","?","E","T","E","M","R","M","$","R","B",null,"M","M","?","?","$","E"],"character_chosen":"DEFECT","items_purchased":["Self Repair","Fruit Juice","Regen Potion","Pantograph","Undo","AttackPotion","AttackPotion","FTL","Gash","MealTicket"],"campfire_rested":0,"item_purchase_floors":[19,19,19,31,31,39,39,39,39,39],"current_hp_per_floor":[64,64,54,54,54,54,40,40,40,40,40,31,31,31,31,31,56,54,59,67,53,62,32,37,44,44,38,32,32,38,38,38,69,69,64,50,50,11,11,0],"gold":29,"neow_bonus":"REMOVE_TWO","is_prod":false,"is_daily":false,"chose_seed":false,"campfire_upgraded":6,"win_rate":0,"timestamp":1560467021,"path_taken":["M","M","M","M","?","R","E","R","T","R","M","E","M","E","R","BOSS","M","$","M","?","M","E","?","E","T","E","M","R","M","$","R","BOSS","M","M","?","?","$","E"],"build_version":"2019-06-12","purchased_purges":1,"victory":false,"max_hp_per_floor":[64,64,64,64,64,64,64,64,64,64,64,64,64,64,64,64,64,64,69,69,69,69,69,69,69,69,69,69,69,69,69,69,69,69,69,69,69,69,69,69],"card_choices":[{"not_picked":["Hologram","Stack"],"picked":"Cold Snap","floor":1.0},{"not_picked":["Go for the Eyes","Gash"],"picked":"Defragment","floor":2.0},{"not_picked":["Lockon","Steam"],"picked":"Go for the Eyes","floor":3.0},{"not_picked":["Compile Driver","Tempest"],"picked":"Glacier","floor":4.0},{"not_picked":["Turbo","Meteor Strike"],"picked":"Compile Driver","floor":7.0},{"not_picked":["Stack","Blizzard"],"picked":"BootSequence","floor":11.0},{"not_picked":["Storm","Turbo"],"picked":"Hyperbeam","floor":12.0},{"not_picked":["Rebound","Redo","Gash"],"picked":"SKIP","floor":13.0},{"not_picked":["Barrage","Rebound"],"picked":"Conserve Battery","floor":14.0},{"not_picked":["Seek","Core Surge"],"picked":"Echo Form","floor":16.0},{"not_picked":["Turbo","Conserve Battery+1"],"picked":"Sweeping Beam","floor":18.0},{"not_picked":["Cold Snap+1","Hologram"],"picked":"Sunder","floor":20.0},{"not_picked":["Redo","Loop"],"picked":"Turbo","floor":21.0},{"not_picked":["Go for the Eyes","Conserve Battery"],"picked":"Compile Driver+1","floor":22.0},{"not_picked":["Conserve Battery","Steam+1"],"picked":"Sweeping Beam","floor":23},{"not_picked":["Coolheaded","Machine Learning"],"picked":"Gash","floor":25},{"not_picked":["Steam","Go for the Eyes","Storm"],"picked":"SKIP","floor":27},{"not_picked":["Ball Lightning","Doom and Gloom+1"],"picked":"Coolheaded","floor":28},{"not_picked":["Redo","Hologram","Consume"],"picked":"SKIP","floor":30},{"not_picked":["Multi-Cast","Machine Learning"],"picked":"All For One","floor":33},{"not_picked":["Turbo","Rebound"],"picked":"Conserve Battery","floor":35},{"not_picked":["Steam","Sweeping Beam","Leap"],"picked":"SKIP","floor":36}],"player_experience":1716631,"relics_obtained":[{"floor":7.0,"key":"Dream Catcher"},{"floor":9.0,"key":"PreservedInsect"},{"floor":12.0,"key":"Ancient Tea Set"},{"floor":14.0,"key":"Bronze Scales"},{"floor":23,"key":"Mummified Hand"},{"floor":24,"key":"Red Mask"},{"floor":25,"key":"Cables"},{"floor":26,"key":"Shuriken"},{"floor":27,"key":"MawBank"},{"floor":38,"key":"FossilizedHelix"}],"event_choices":[{"damage_healed":0.0,"max_hp_gain":0.0,"max_hp_loss":0.0,"gold_gain":0.0,"event_name":"Upgrade Shrine","player_choice":"Upgraded","floor":5.0,"gold_loss":0.0,"damage_taken":0.0,"cards_upgraded":["Defragment"]},{"damage_healed":0,"gold_gain":0,"player_choice":"Fought Bandits","damage_taken":0,"max_hp_gain":0,"max_hp_loss":0,"event_name":"Masked Bandits","floor":24,"gold_loss":0},{"damage_healed":0,"gold_gain":222,"player_choice":"Wore Mask","damage_taken":0,"max_hp_gain":0,"max_hp_loss":0,"event_name":"Tomb of Lord Red Mask","floor":37,"gold_loss":0},{"damage_healed":0,"gold_gain":0,"player_choice":"Fight","damage_taken":0,"max_hp_gain":0,"max_hp_loss":0,"event_name":"Mysterious Sphere","floor":38,"gold_loss":0}],"is_beta":true,"boss_relics":[{"not_picked":["White Beast Statue","FrozenCore"],"picked":"Empty Cage"},{"not_picked":["Calling Bell","Velvet Choker"],"picked":"Astrolabe"}],"items_purged_floors":[19],"is_endless":false,"potions_floor_spawned":[3,4,11,12,13,20,21,23,24,25],"killed_by":"Giant Head","ascension_level":20}