{"gold_per_floor":[111,111,126,27,27,52,52,52,79,95,95,110,110,110],"floor_reached":14,"playtime":1029,"items_purged":["Strike_Br"],"score":123,"play_id":"46044c84-c977-4de2-9526-b057ce07d9c5","local_time":"20190727022627","is_ascension_mode":false,"campfire_choices":[{"data":"Echoward","floor":7,"key":"SMITH"},{"data":"ReapSow","floor":11,"key":"SMITH"}],"neow_cost":"NONE","seed_source_timestamp":19563972350546,"circlet_count":0,"master_deck":["Strike_Br","Strike_Br","Strike_Br","Defend_Br","Defend_Br","Defend_Br","SecondHand","PatternShift","Echoward+1","ReapSow+4","BiteCommand","Facsimile","ResonantCall"],"relics":["Chronometer","NeowsBlessing","Ornamental Fan","Blood Vial"],"potions_floor_usage":[13,13,13],"damage_taken":[{"damage":0,"enemies":"2 Louse","floor":1,"turns":1},{"damage":0,"enemies":"Jaw Worm","floor":3,"turns":1},{"damage":0,"enemies":"Lagavulin","floor":6,"turns":3},{"damage":5,"enemies":"Small Slimes","floor":10,"turns":6},{"damage":15,"enemies":"Looter","floor":12,"turns":4},{"damage":39,"enemies":"Gremlin Nob","floor":13,"turns":5},{"damage":0,"enemies":"Large Slime","floor":14,"turns":1}],"seed_played":"-5559917975234089419","potions_obtained":[{"floor":1,"key":"HastePotion"},{"floor":12,"key":"EntropicBrew"}],"is_trial":false,"path_per_floor":["M","?","M","$","?","E","R","$","T","M","R","M","E","M"],"character_chosen":"CHRONO_CLASS","items_purchased":["BiteCommand"],"campfire_rested":0,"item_purchase_floors":[4],"current_hp_per_floor":[65,70,70,70,63,63,63,63,63,66,66,59,22,24],"gold":110,"neow_bonus":"THREE_ENEMY_KILL","is_prod":false,"is_daily":false,"chose_seed":false,"campfire_upgraded":2,"win_rate":0.0,"timestamp":1564161987,"path_taken":["M","?","M","$","?","E","R","$","T","M","R","M","E","M"],"build_version":"2019-07-17","purchased_purges":1,"victory":false,"max_hp_per_floor":[65,70,70,70,70,70,70,70,70,70,70,70,70,70],"card_choices":[{"not_picked":["LockedBlood","LockedThread"],"picked":"Echoward","floor":1},{"not_picked":["WindUp","Engulf"],"picked":"ReapSow","floor":3},{"not_picked":["ShortSighted","LockedMedicine"],"picked":"Facsimile","floor":6},{"not_picked":["PrimeTime","LockedWarPaint"],"picked":"ResonantCall","floor":10},{"not_picked":["LockedUrn","OverTime","BlueShift"],"picked":"SKIP","floor":12}],"player_experience":163519,"relics_obtained":[{"floor":6,"key":"Ornamental Fan"},{"floor":9,"key":"Blood Vial"}],"event_choices":[{"damage_healed":0,"gold_gain":0,"player_choice":"Donut","damage_taken":0,"max_hp_gain":5,"max_hp_loss":0,"event_name":"Big Fish","floor":2,"gold_loss":0},{"cards_removed":["Defend_Br"],"damage_healed":0,"gold_gain":0,"player_choice":"Card Removal","damage_taken":7,"max_hp_gain":0,"max_hp_loss":0,"event_name":"Golden Wing","floor":5,"gold_loss":0}],"is_beta":false,"boss_relics":[],"items_purged_floors":[4],"is_endless":false,"potions_floor_spawned":[1,12],"killed_by":"Large Slime","ascension_level":0}