{"gold_per_floor":[110,120,45,61,61,61,88,88,88,88,105,119,144,27,27,101,101,113,113,126,145,177,206,238,128,128,128],"floor_reached":27,"playtime":813,"items_purged":["Defend_B"],"score":522,"play_id":"c632401f-0105-462b-bfe4-1826f3af1b3f","local_time":"20190810233138","is_ascension_mode":true,"campfire_choices":[{"data":"Zap","floor":6.0,"key":"SMITH"},{"data":"Hologram","floor":8.0,"key":"SMITH"},{"data":"Ball Lightning","floor":10.0,"key":"SMITH"},{"data":"Defragment","floor":15,"key":"SMITH"}],"neow_cost":"NONE","seed_source_timestamp":27006292344975,"circlet_count":0,"master_deck":["AscendersBane","Strike_B","Strike_B","Defend_B+1","Defend_B+1","Defend_B","Zap+1","Dualcast","Ball Lightning+1","Hologram+1","Glacier","Coolheaded","Compile Driver","Defragment+1","Biased Cognition","Capacitor","Chill","Chill+1","Defragment+1"],"special_seed":0,"relics":["Cracked Core","NeowsBlessing","Symbiotic Virus","Singing Bowl","WingedGreaves","Philosopher\u0027s Stone","Red Mask","Sundial","The Courier","Bottled Lightning"],"potions_floor_usage":[16,16,23,23,24],"damage_taken":[{"damage":0.0,"enemies":"Cultist","floor":1.0,"turns":1.0},{"damage":0.0,"enemies":"Small Slimes","floor":2.0,"turns":1.0},{"damage":0.0,"enemies":"2 Louse","floor":4.0,"turns":1.0},{"damage":12.0,"enemies":"3 Sentries","floor":7.0,"turns":8.0},{"damage":0.0,"enemies":"2 Fungi Beasts","floor":11.0,"turns":2.0},{"damage":0.0,"enemies":"Gremlin Gang","floor":12.0,"turns":4.0},{"damage":11,"enemies":"Gremlin Nob","floor":13,"turns":3},{"damage":10,"enemies":"Hexaghost","floor":16,"turns":9},{"damage":6,"enemies":"Shell Parasite","floor":18,"turns":5},{"damage":0,"enemies":"Chosen","floor":20,"turns":3},{"damage":0,"enemies":"Snecko","floor":21,"turns":4},{"damage":8,"enemies":"Masked Bandits","floor":22,"turns":6},{"damage":24,"enemies":"Gremlin Leader","floor":23,"turns":6},{"damage":21,"enemies":"Book of Stabbing","floor":24,"turns":6},{"damage":15,"enemies":"Slavers","floor":27,"turns":5}],"seed_played":"2071240951174591473","potions_obtained":[{"floor":1.0,"key":"Swift Potion"},{"floor":11.0,"key":"SkillPotion"},{"floor":13,"key":"Fire Potion"},{"floor":16,"key":"Energy Potion"},{"floor":18,"key":"FocusPotion"},{"floor":21,"key":"Fire Potion"},{"floor":23,"key":"AttackPotion"}],"is_trial":false,"path_per_floor":["M","M","?","M","?","R","E","R","T","R","M","M","E","$","R","B",null,"M","?","M","M","?","E","E","?","T","E"],"character_chosen":"DEFECT","items_purchased":["Defragment"],"campfire_rested":0,"item_purchase_floors":[14],"current_hp_per_floor":[64,64,64,64,43,43,31,31,31,31,33,33,24,24,24,14,60,56,56,56,56,50,28,7,7,7,0],"gold":128,"neow_bonus":"THREE_ENEMY_KILL","is_prod":false,"is_daily":false,"chose_seed":false,"campfire_upgraded":4,"win_rate":0,"timestamp":1565472698,"path_taken":["M","?","?","M","?","R","E","R","T","R","M","M","E","$","R","BOSS","M","?","M","M","?","E","E","?","T","E"],"build_version":"2019-07-18","purchased_purges":1,"victory":false,"max_hp_per_floor":[71,71,71,71,71,71,71,71,71,71,73,73,75,75,75,75,75,77,77,77,77,79,81,81,81,81,81],"card_choices":[{"not_picked":["Melter","Redo"],"picked":"Ball Lightning","floor":1.0},{"not_picked":["Hello World","Chaos"],"picked":"Hologram","floor":2.0},{"not_picked":["Steam","Recycle"],"picked":"Glacier","floor":4.0},{"not_picked":["Gash","Sunder"],"picked":"Coolheaded","floor":7.0},{"not_picked":["Lockon","Turbo","Capacitor"],"picked":"Singing Bowl","floor":11.0},{"not_picked":["Conserve Battery","Glacier"],"picked":"Compile Driver","floor":12.0},{"not_picked":["Storm","Melter","Streamline"],"picked":"Singing Bowl","floor":13},{"not_picked":["Echo Form","Seek"],"picked":"Biased Cognition","floor":16},{"not_picked":["Turbo","Gash+1","Rip and Tear"],"picked":"Singing Bowl","floor":18},{"not_picked":["Storm","Ball Lightning"],"picked":"Chill","floor":20},{"not_picked":["Go for the Eyes","Streamline"],"picked":"Chill+1","floor":21},{"not_picked":["Hologram","Gash","Cold Snap"],"picked":"Singing Bowl","floor":22},{"not_picked":["Cold Snap","Steam","Turbo"],"picked":"Singing Bowl","floor":23},{"not_picked":["Thunder Strike","Barrage"],"picked":"Defragment","floor":24}],"player_experience":1977043,"relics_obtained":[{"floor":7.0,"key":"Symbiotic Virus"},{"floor":9.0,"key":"Singing Bowl"},{"floor":13,"key":"WingedGreaves"},{"floor":22,"key":"Red Mask"},{"floor":23,"key":"Sundial"},{"floor":24,"key":"The Courier"},{"floor":26,"key":"Bottled Lightning"}],"event_choices":[{"cards_removed":["Strike_B"],"damage_healed":0.0,"max_hp_gain":0.0,"max_hp_loss":0.0,"gold_gain":0.0,"event_name":"The Cleric","player_choice":"Card Removal","floor":3.0,"gold_loss":75.0,"damage_taken":0.0},{"damage_healed":0.0,"max_hp_gain":0.0,"max_hp_loss":0.0,"gold_gain":0.0,"event_name":"Shining Light","player_choice":"Entered Light","floor":5.0,"gold_loss":0.0,"damage_taken":21.0,"cards_upgraded":["Defend_B","Defend_B"]},{"damage_healed":0,"gold_gain":0,"player_choice":"Read","damage_taken":0,"max_hp_gain":0,"max_hp_loss":0,"event_name":"The Library","floor":19,"gold_loss":0,"cards_obtained":["Capacitor"]},{"damage_healed":0,"gold_gain":0,"player_choice":"Fought Bandits","damage_taken":0,"max_hp_gain":0,"max_hp_loss":0,"event_name":"Masked Bandits","floor":22,"gold_loss":0},{"cards_removed":["Strike_B"],"damage_healed":0,"gold_gain":0,"player_choice":"Upgrade and Remove","damage_taken":0,"max_hp_gain":0,"max_hp_loss":0,"event_name":"Designer","floor":25,"gold_loss":110,"cards_upgraded":["Defragment"]}],"is_beta":true,"boss_relics":[{"not_picked":["White Beast Statue","Black Star"],"picked":"Philosopher\u0027s Stone"}],"items_purged_floors":[14],"is_endless":false,"potions_floor_spawned":[1,11,13,16,18,21,23],"killed_by":"Slavers","ascension_level":20}