{"gold_per_floor":[109,127,127,40,40,71,71,103,103,122,142,153,153,153,153,153],"floor_reached":16,"playtime":352,"items_purged":[],"score":270,"play_id":"08cd7768-ecc4-4f5f-9613-8e1300a2e920","local_time":"20190807114503","is_ascension_mode":true,"campfire_choices":[{"data":"Zap","floor":7.0,"key":"SMITH"},{"data":"Defragment","floor":15,"key":"SMITH"}],"neow_cost":"NONE","seed_source_timestamp":13881893766754,"circlet_count":0,"master_deck":["AscendersBane","Strike_B","Strike_B","Strike_B","Strike_B","Defend_B+1","Defend_B","Defend_B","Zap+1","Dualcast","BootSequence","Ball Lightning+1","All For One","Steam","Defragment+1","Parasite"],"special_seed":0,"relics":["Cracked Core","NeowsBlessing","WingedGreaves","Girya","Golden Idol"],"potions_floor_usage":[12],"damage_taken":[{"damage":0.0,"enemies":"Cultist","floor":1.0,"turns":1.0},{"damage":0.0,"enemies":"Small Slimes","floor":2.0,"turns":1.0},{"damage":0.0,"enemies":"Gremlin Nob","floor":6.0,"turns":1.0},{"damage":9.0,"enemies":"3 Sentries","floor":8.0,"turns":7.0},{"damage":0,"enemies":"2 Louse","floor":10,"turns":2},{"damage":11,"enemies":"Looter","floor":11,"turns":3},{"damage":3,"enemies":"Blue Slaver","floor":12,"turns":2},{"damage":37,"enemies":"The Guardian","floor":16,"turns":6}],"seed_played":"-7080382107106052662","potions_obtained":[{"floor":1.0,"key":"SkillPotion"},{"floor":2.0,"key":"EssenceOfSteel"},{"floor":11,"key":"Poison Potion"}],"is_trial":false,"path_per_floor":["M","M","?","$","?","E","R","E","T","M","M","M","?","?","R","B"],"character_chosen":"DEFECT","items_purchased":["All For One"],"campfire_rested":0,"item_purchase_floors":[4],"current_hp_per_floor":[64,64,43,43,43,43,43,34,34,34,23,20,20,36,36,0],"gold":153,"neow_bonus":"THREE_ENEMY_KILL","is_prod":false,"is_daily":false,"chose_seed":false,"campfire_upgraded":2,"win_rate":0,"timestamp":1565145903,"path_taken":["M","M","?","$","?","E","R","E","T","M","?","M","?","?","R","BOSS"],"build_version":"2019-07-17","purchased_purges":0,"victory":false,"max_hp_per_floor":[71,71,71,71,71,71,71,71,71,71,71,71,64,64,64,64],"card_choices":[{"not_picked":["Tempest","Steam"],"picked":"BootSequence","floor":1.0},{"not_picked":["Leap","Conserve Battery"],"picked":"Ball Lightning","floor":2.0},{"not_picked":["Ball Lightning","Consume"],"picked":"Steam","floor":6.0},{"not_picked":["Reinforced Body","Double Energy"],"picked":"Defragment","floor":8.0},{"not_picked":["Stack","Rip and Tear","Hello World"],"picked":"SKIP","floor":10},{"not_picked":["Storm","Leap","Fusion"],"picked":"SKIP","floor":11},{"not_picked":["Storm","Leap","Fusion"],"picked":"SKIP","floor":11},{"not_picked":["Chaos","Consume","Storm"],"picked":"SKIP","floor":12}],"player_experience":286272,"relics_obtained":[{"floor":6.0,"key":"WingedGreaves"},{"floor":8.0,"key":"Girya"}],"event_choices":[{"damage_healed":0.0,"max_hp_gain":0.0,"max_hp_loss":0.0,"gold_gain":0.0,"event_name":"Shining Light","player_choice":"Entered Light","floor":3.0,"gold_loss":0.0,"damage_taken":21.0,"cards_upgraded":["Defend_B","Ball Lightning"]},{"cards_removed":["Defend_B"],"damage_healed":0.0,"max_hp_gain":0.0,"max_hp_loss":0.0,"gold_gain":0.0,"event_name":"Bonfire Elementals","player_choice":"Offered Basic","floor":5.0,"gold_loss":0.0,"damage_taken":0.0},{"damage_healed":0,"gold_gain":0,"player_choice":"Lose Max HP","damage_taken":0,"relics_obtained":["Golden Idol"],"max_hp_gain":0,"max_hp_loss":7,"event_name":"Golden Idol","floor":13,"gold_loss":0},{"damage_healed":16,"gold_gain":0,"player_choice":"Healed and dodged fight","damage_taken":0,"max_hp_gain":0,"max_hp_loss":0,"event_name":"Mushrooms","floor":14,"gold_loss":0,"cards_obtained":["Parasite"]}],"is_beta":false,"boss_relics":[],"items_purged_floors":[],"is_endless":false,"potions_floor_spawned":[1,2,11],"killed_by":"The Guardian","ascension_level":20}