{"gold_per_floor":[117,20,34,52,52,79,79,4,4,31,31,31,66,90,90,90],"floor_reached":16,"playtime":305,"items_purged":["Strike_B"],"score":207,"play_id":"85096d53-1d01-47bc-8ff3-e93c7a56fd84","local_time":"20190720004742","is_ascension_mode":true,"campfire_choices":[{"data":"Chill","floor":7,"key":"SMITH"},{"data":"Loop","floor":11,"key":"SMITH"},{"data":"Barrage","floor":15,"key":"SMITH"}],"neow_cost":"NONE","seed_source_timestamp":122456562291748,"circlet_count":0,"master_deck":["AscendersBane","Strike_B","Strike_B","Defend_B","Defend_B","Defend_B","Defend_B","Zap","Dualcast","Cold Snap","Ball Lightning","Electrodynamics","Capacitor","Chill+1","Loop+1","Barrage+1","Fusion"],"relics":["Cracked Core","NeowsBlessing","Omamori","Question Card","Meat on the Bone","Golden Idol","Ornamental Fan"],"potions_floor_usage":[6,10,16,16],"damage_taken":[{"damage":0,"enemies":"Cultist","floor":1,"turns":1},{"damage":0,"enemies":"2 Louse","floor":3,"turns":1},{"damage":0,"enemies":"Jaw Worm","floor":4,"turns":1},{"damage":8,"enemies":"3 Sentries","floor":6,"turns":3},{"damage":22,"enemies":"Gremlin Nob","floor":10,"turns":4},{"damage":12,"enemies":"Lagavulin","floor":13,"turns":7},{"damage":13,"enemies":"Looter","floor":14,"turns":3},{"damage":31,"enemies":"Slime Boss","floor":16,"turns":6}],"seed_played":"6522933398915361196","potions_obtained":[{"floor":3,"key":"Explosive Potion"},{"floor":6,"key":"Dexterity Potion"},{"floor":14,"key":"SpeedPotion"}],"is_trial":false,"path_per_floor":["M","$","M","M","?","E","R","$","T","E","R","?","E","M","R","B"],"character_chosen":"DEFECT","items_purchased":["Ball Lightning","AttackPotion"],"campfire_rested":0,"item_purchase_floors":[2,2],"current_hp_per_floor":[64,64,64,64,57,49,49,49,49,27,27,27,27,26,26,0],"gold":90,"neow_bonus":"THREE_ENEMY_KILL","is_prod":false,"is_daily":false,"chose_seed":false,"campfire_upgraded":3,"win_rate":0,"timestamp":1563576462,"path_taken":["M","?","M","?","?","E","R","?","T","E","R","?","E","M","R","BOSS"],"build_version":"2019-07-18","purchased_purges":1,"victory":false,"max_hp_per_floor":[71,71,71,71,71,71,71,71,71,71,71,64,64,64,64,64],"card_choices":[{"not_picked":["Gash","Turbo"],"picked":"Cold Snap","floor":1},{"not_picked":["Sweeping Beam","Cold Snap"],"picked":"Electrodynamics","floor":3},{"not_picked":["Beam Cell","Sunder"],"picked":"Capacitor","floor":4},{"not_picked":["Skim","Barrage"],"picked":"Chill","floor":6},{"not_picked":["Sweeping Beam","Barrage","Skim"],"picked":"Loop","floor":10},{"not_picked":["Skim","Blizzard","Chill"],"picked":"Barrage","floor":13},{"not_picked":["Tempest","Turbo","Aggregate"],"picked":"Fusion","floor":14}],"player_experience":1903363,"relics_obtained":[{"floor":6,"key":"Omamori"},{"floor":9,"key":"Question Card"},{"floor":10,"key":"Meat on the Bone"},{"floor":13,"key":"Ornamental Fan"}],"event_choices":[{"cards_removed":["Strike_B"],"damage_healed":0,"gold_gain":0,"player_choice":"Card Removal","damage_taken":7,"max_hp_gain":0,"max_hp_loss":0,"event_name":"Golden Wing","floor":5,"gold_loss":0},{"damage_healed":0,"gold_gain":0,"player_choice":"Lose Max HP","damage_taken":0,"relics_obtained":["Golden Idol"],"max_hp_gain":0,"max_hp_loss":7,"event_name":"Golden Idol","floor":12,"gold_loss":0}],"is_beta":true,"boss_relics":[],"items_purged_floors":[8],"is_endless":false,"potions_floor_spawned":[3,6,14],"killed_by":"Slime Boss","ascension_level":15}