{"gold_per_floor":[110,110,122,134,165,202,228,271,310,332,378,390,402],"floor_reached":13,"playtime":297,"items_purged":[],"score":306,"play_id":"17a9406b-8882-4a3b-91a9-5aa368cd7a40","local_time":"20190727201320","is_ascension_mode":true,"campfire_choices":[],"neow_cost":"NONE","seed_source_timestamp":23674862472265,"circlet_count":0,"master_deck":["AscendersBane","Strike_B","Strike_B","Strike_B","Strike_B","Defend_B","Defend_B","Defend_B","Defend_B","Zap","Dualcast","Sweeping Beam","Sunder","Conserve Battery","Self Repair","Coolheaded","Hologram","Fission+1"],"relics":["Cracked Core","NeowsBlessing","MawBank","Boot","Pen Nib","Lantern","Juzu Bracelet"],"potions_floor_usage":[8,11,11],"damage_taken":[{"damage":0,"enemies":"Jaw Worm","floor":1,"turns":1},{"damage":0,"enemies":"Small Slimes","floor":5,"turns":1},{"damage":0,"enemies":"Gremlin Nob","floor":6,"turns":1},{"damage":1,"enemies":"2 Louse","floor":7,"turns":2},{"damage":46,"enemies":"3 Sentries","floor":8,"turns":8},{"damage":8,"enemies":"Gremlin Gang","floor":10,"turns":3},{"damage":0,"enemies":"Gremlin Nob","floor":11,"turns":4},{"damage":15,"enemies":"3 Sentries","floor":13,"turns":4}],"seed_played":"-1650119916543976011","potions_obtained":[{"floor":1,"key":"Strength Potion"},{"floor":5,"key":"PowerPotion"},{"floor":8,"key":"Weak Potion"}],"is_trial":false,"path_per_floor":["M","?","?","$","M","E","M","E","T","M","E","?","E"],"character_chosen":"DEFECT","items_purchased":[],"campfire_rested":0,"item_purchase_floors":[],"current_hp_per_floor":[64,64,57,57,57,57,56,17,17,9,9,9,0],"gold":402,"neow_bonus":"THREE_ENEMY_KILL","is_prod":false,"is_daily":false,"chose_seed":false,"campfire_upgraded":0,"win_rate":0,"timestamp":1564251200,"path_taken":["M","?","?","$","M","E","M","E","T","M","E","?","E"],"build_version":"2019-07-18","purchased_purges":0,"victory":false,"max_hp_per_floor":[71,71,71,71,71,71,71,71,71,71,71,71,71],"card_choices":[{"not_picked":["Scrape","Go for the Eyes"],"picked":"Sweeping Beam","floor":1},{"not_picked":["Hologram","Reinforced Body"],"picked":"Sunder","floor":5},{"not_picked":["Darkness","Barrage"],"picked":"Conserve Battery","floor":6},{"not_picked":["Fusion","Redo"],"picked":"Self Repair","floor":7},{"not_picked":["Fusion","Compile Driver"],"picked":"Coolheaded","floor":8},{"not_picked":["Cold Snap","Doom and Gloom"],"picked":"Hologram","floor":10},{"not_picked":["Self Repair","Consume"],"picked":"Fission","floor":11}],"player_experience":1928618,"relics_obtained":[{"floor":6,"key":"Boot"},{"floor":8,"key":"Pen Nib"},{"floor":9,"key":"Lantern"},{"floor":11,"key":"Juzu Bracelet"}],"event_choices":[{"damage_healed":0,"gold_gain":0,"player_choice":"Box","damage_taken":0,"relics_obtained":["MawBank"],"max_hp_gain":0,"max_hp_loss":0,"event_name":"Big Fish","floor":2,"gold_loss":0,"cards_obtained":["Regret"]},{"cards_removed":["Regret"],"damage_healed":0,"gold_gain":0,"player_choice":"Card Removal","damage_taken":7,"max_hp_gain":0,"max_hp_loss":0,"event_name":"Golden Wing","floor":3,"gold_loss":0},{"damage_healed":0,"gold_gain":0,"player_choice":"Upgraded","damage_taken":0,"max_hp_gain":0,"max_hp_loss":0,"event_name":"Upgrade Shrine","floor":12,"gold_loss":0,"cards_upgraded":["Fission"]}],"is_beta":true,"boss_relics":[],"items_purged_floors":[],"is_endless":false,"potions_floor_spawned":[1,5,8,10],"killed_by":"3 Sentries","ascension_level":20}