{"gold_per_floor":[119,149,149,162,181,181,210,259,259,42,42,60,90,105,105,184,234,253,178,203,253,74,108,108,108,108,125,125,125,152,169,169,244,244,262,83,83,94,170,170,202,214,214,247,261,289,299,311,311,311,311,311,311,52,85,85],"floor_reached":61,"playtime":1770,"items_purged":["Strike_G","Strike_G","Strike_G","Defend_G"],"score":3566,"play_id":"efcd80d1-0dc0-42d2-82f7-e15b2ce14de1","local_time":"20190808161050","is_ascension_mode":true,"campfire_choices":[{"data":"Flechettes","floor":6.0,"key":"SMITH"},{"floor":11.0,"key":"REST"},{"floor":15.0,"key":"REST"},{"data":"Acrobatics","floor":24.0,"key":"SMITH"},{"data":"Tactician","floor":28.0,"key":"SMITH"},{"data":"Strike_G","floor":32.0,"key":"PURGE"},{"data":"Phantasmal Killer","floor":44.0,"key":"PURGE"},{"floor":53.0,"key":"RECALL"},{"data":"Defend_G","floor":57.0,"key":"PURGE"}],"neow_cost":"NONE","seed_source_timestamp":181396032509480,"circlet_count":0,"master_deck":["AscendersBane","Defend_G","Defend_G+1","Defend_G","Survivor","Neutralize+1","Flechettes+1","Calculated Gamble+1","PiercingWail","Grand Finale+1","Acrobatics","Tactician+1","Acrobatics+1","Backflip","Acrobatics+1","Concentrate+1"],"special_seed":0,"relics":["Ring of the Snake","NeowsBlessing","Tiny Chest","Regal Pillow","Bag of Preparation","Sundial","Medical Kit","Ornamental Fan","Tiny House","Red Mask","Mummified Hand","Meat on the Bone","Peace Pipe","Black Star","Frozen Egg 2","Shuriken","Tough Bandages","Centennial Puzzle","Whetstone","PreservedInsect","Mercury Hourglass","Art of War","Orichalcum","Du-Vu Doll"],"potions_floor_usage":[60],"damage_taken":[{"damage":0.0,"enemies":"2 Louse","floor":1.0,"turns":2.0},{"damage":0.0,"enemies":"Jaw Worm","floor":4.0,"turns":1.0},{"damage":0.0,"enemies":"Small Slimes","floor":5.0,"turns":1.0},{"damage":40.0,"enemies":"3 Sentries","floor":7.0,"turns":12.0},{"damage":1.0,"enemies":"Blue Slaver","floor":12.0,"turns":4.0},{"damage":28.0,"enemies":"Lagavulin","floor":13.0,"turns":6.0},{"damage":0.0,"enemies":"2 Fungi Beasts","floor":14.0,"turns":3.0},{"damage":38.0,"enemies":"Slime Boss","floor":16.0,"turns":11.0},{"damage":0.0,"enemies":"Spheric Guardian","floor":18.0,"turns":2.0},{"damage":17.0,"enemies":"Masked Bandits","floor":20.0,"turns":8.0},{"damage":0.0,"enemies":"Book of Stabbing","floor":23.0,"turns":2.0},{"damage":8.0,"enemies":"Chosen","floor":27.0,"turns":4.0},{"damage":0.0,"enemies":"Slavers","floor":30.0,"turns":1.0},{"damage":2.0,"enemies":"Shelled Parasite and Fungi","floor":31.0,"turns":2.0},{"damage":0.0,"enemies":"Collector","floor":33.0,"turns":4.0},{"damage":0.0,"enemies":"Orb Walker","floor":39.0,"turns":2.0},{"damage":0.0,"enemies":"3 Darklings","floor":42.0,"turns":4.0},{"damage":0.0,"enemies":"Giant Head","floor":45.0,"turns":2.0},{"damage":0.0,"enemies":"Jaw Worm Horde","floor":46.0,"turns":3.0},{"damage":0.0,"enemies":"Reptomancer","floor":48.0,"turns":1.0},{"damage":0.0,"enemies":"Spire Growth","floor":49.0,"turns":2.0},{"damage":0.0,"enemies":"Nemesis","floor":50.0,"turns":1.0},{"damage":0.0,"enemies":"Sphere and 2 Shapes","floor":51.0,"turns":1.0},{"damage":0.0,"enemies":"4 Shapes","floor":52.0,"turns":1.0},{"damage":0.0,"enemies":"Awakened One","floor":54.0,"turns":4.0},{"damage":0.0,"enemies":"Donu and Deca","floor":55.0,"turns":1.0},{"damage":0.0,"enemies":"Shield and Spear","floor":59.0,"turns":1.0},{"damage":0,"enemies":"The Heart","floor":60,"turns":4}],"seed_played":"7654001181315351807","potions_obtained":[{"floor":1.0,"key":"Energy Potion"},{"floor":7.0,"key":"PowerPotion"},{"floor":13.0,"key":"AttackPotion"},{"floor":16.0,"key":"SteroidPotion"},{"floor":17.0,"key":"SpeedPotion"},{"floor":30.0,"key":"PowerPotion"},{"floor":33.0,"key":"SpeedPotion"},{"floor":39.0,"key":"Swift Potion"}],"is_trial":false,"path_per_floor":["M","?","?","M","M","R","E","T","T","$","R","M","E","M","R","B",null,"M","$","?","?","$","E","R","T","T","M","R","?","E","M","R","B",null,"M","$","?","M","T","R","E","M","T","E","M","E","M","M","R","B","B",null,"R","$","E","B",null],"character_chosen":"THE_SILENT","items_purchased":["Medical Kit","GamblersBrew","Acrobatics","EntropicBrew"],"campfire_rested":2,"item_purchase_floors":[10,22,40,58],"current_hp_per_floor":[59,48,41,41,41,41,1,1,1,1,35,34,6,6,40,2,55,55,55,38,38,38,38,38,38,38,42,42,42,42,40,40,40,71,71,71,71,71,71,71,71,71,71,71,71,71,71,71,71,71,71,71,71,71,71,71],"gold":85,"neow_bonus":"THREE_ENEMY_KILL","is_prod":false,"is_daily":false,"chose_seed":false,"campfire_upgraded":3,"win_rate":0,"timestamp":1565248250,"path_taken":["M","?","?","M","?","R","E","?","T","$","R","M","E","M","R","BOSS","BOSS","M","$","?","?","$","E","R","?","T","M","R","?","E","M","R","BOSS","M","$","?","?","?","R","E","M","T","E","M","E","M","?","R","BOSS","BOSS","R","$","E","BOSS"],"build_version":"2019-07-17","purchased_purges":4,"victory":true,"max_hp_per_floor":[66,66,66,66,66,66,66,66,66,66,66,66,66,66,66,66,71,71,71,71,71,71,71,71,71,71,71,71,71,71,71,71,71,71,71,71,71,71,71,71,71,71,71,71,71,71,71,71,71,71,71,71,71,71,71,71],"card_choices":[{"not_picked":["Concentrate","Cloak And Dagger"],"picked":"Flechettes","floor":1.0},{"not_picked":["Deadly Poison","Dagger Spray"],"picked":"Calculated Gamble","floor":4.0},{"not_picked":["Dagger Throw","Setup","All Out Attack"],"picked":"SKIP","floor":5.0},{"not_picked":["PiercingWail","Slice","Finisher"],"picked":"SKIP","floor":7.0},{"not_picked":["Slice","Finisher"],"picked":"PiercingWail","floor":7.0},{"not_picked":["PiercingWail","Dagger Throw","Deflect"],"picked":"SKIP","floor":12.0},{"not_picked":["Prepared","Outmaneuver"],"picked":"Phantasmal Killer","floor":13.0},{"not_picked":["Sucker Punch","Quick Slash","Skewer"],"picked":"SKIP","floor":14.0},{"not_picked":["Sucker Punch","Quick Slash","Skewer"],"picked":"SKIP","floor":14.0},{"not_picked":["Die Die Die","Unload"],"picked":"Grand Finale","floor":16.0},{"not_picked":["Heel Hook","Calculated Gamble"],"picked":"Acrobatics","floor":17.0},{"not_picked":["Underhanded Strike","Sucker Punch"],"picked":"Tactician","floor":18.0},{"not_picked":["Quick Slash","Flying Knee"],"picked":"Acrobatics","floor":20.0},{"not_picked":["Deflect","Deadly Poison","PiercingWail"],"picked":"SKIP","floor":23.0},{"not_picked":["Backflip","Dagger Throw","Cloak And Dagger"],"picked":"SKIP","floor":27.0},{"not_picked":["Dagger Throw","Cloak And Dagger"],"picked":"Backflip","floor":27.0},{"not_picked":["Flying Knee+1","Phantasmal Killer","Deadly Poison"],"picked":"SKIP","floor":30.0},{"not_picked":["Deadly Poison","Cloak And Dagger","Backflip"],"picked":"SKIP","floor":31.0},{"not_picked":["Slice","Dodge and Roll","Sucker Punch"],"picked":"SKIP","floor":39.0},{"not_picked":["Slice","Flying Knee","Underhanded Strike"],"picked":"SKIP","floor":42.0},{"not_picked":["Terror","Cloak And Dagger+1","Outmaneuver"],"picked":"SKIP","floor":45.0},{"not_picked":["Unload","Setup","Outmaneuver"],"picked":"SKIP","floor":46.0},{"not_picked":["Infinite Blades+1","Deflect","Catalyst"],"picked":"SKIP","floor":48.0},{"not_picked":["Concentrate+1","Quick Slash","Backflip"],"picked":"SKIP","floor":49.0},{"not_picked":["Quick Slash","Backflip"],"picked":"Concentrate+1","floor":49.0},{"not_picked":["Underhanded Strike","Blade Dance","Blur"],"picked":"SKIP","floor":50.0},{"not_picked":["Quick Slash","Terror","Dagger Spray"],"picked":"SKIP","floor":51.0},{"not_picked":["Underhanded Strike+1","Deflect","PiercingWail"],"picked":"SKIP","floor":52.0},{"not_picked":["Slice","Sucker Punch","Quick Slash"],"picked":"SKIP","floor":59.0}],"player_experience":818442,"relics_obtained":[{"floor":7.0,"key":"Regal Pillow"},{"floor":8.0,"key":"Bag of Preparation"},{"floor":9.0,"key":"Sundial"},{"floor":13.0,"key":"Ornamental Fan"},{"floor":20.0,"key":"Red Mask"},{"floor":23.0,"key":"Mummified Hand"},{"floor":26.0,"key":"Meat on the Bone"},{"floor":30.0,"key":"Peace Pipe"},{"floor":43.0,"key":"Frozen Egg 2"},{"floor":45.0,"key":"Shuriken"},{"floor":45.0,"key":"Tough Bandages"},{"floor":47.0,"key":"Centennial Puzzle"},{"floor":48.0,"key":"Whetstone"},{"floor":48.0,"key":"PreservedInsect"},{"floor":50.0,"key":"Mercury Hourglass"},{"floor":50.0,"key":"Art of War"},{"floor":59.0,"key":"Orichalcum"},{"floor":59.0,"key":"Du-Vu Doll"}],"event_choices":[{"damage_healed":0.0,"max_hp_gain":0.0,"max_hp_loss":0.0,"gold_gain":0.0,"event_name":"Scrap Ooze","player_choice":"Success","floor":2.0,"gold_loss":0.0,"damage_taken":11.0,"relics_obtained":["Tiny Chest"]},{"cards_removed":["Strike_G"],"damage_healed":0.0,"max_hp_gain":0.0,"max_hp_loss":0.0,"gold_gain":0.0,"event_name":"Golden Wing","player_choice":"Card Removal","floor":3.0,"gold_loss":0.0,"damage_taken":7.0},{"damage_healed":0.0,"max_hp_gain":0.0,"max_hp_loss":0.0,"gold_gain":0.0,"event_name":"Masked Bandits","player_choice":"Fought Bandits","floor":20.0,"gold_loss":0.0,"damage_taken":0.0},{"damage_healed":0.0,"max_hp_gain":0.0,"max_hp_loss":0.0,"gold_gain":50.0,"event_name":"Nest","player_choice":"Stole From Cult","floor":21.0,"gold_loss":0.0,"damage_taken":0.0},{"damage_healed":0.0,"max_hp_gain":0.0,"max_hp_loss":0.0,"gold_gain":0.0,"event_name":"Upgrade Shrine","player_choice":"Upgraded","floor":29.0,"gold_loss":0.0,"damage_taken":0.0,"cards_upgraded":["Calculated Gamble"]},{"damage_healed":0.0,"max_hp_gain":0.0,"max_hp_loss":0.0,"gold_gain":0.0,"event_name":"Upgrade Shrine","player_choice":"Upgraded","floor":41.0,"gold_loss":0.0,"damage_taken":0.0,"cards_upgraded":["Acrobatics"]}],"is_beta":false,"boss_relics":[{"not_picked":["Cursed Key","Snecko Eye"],"picked":"Tiny House"},{"not_picked":["Sozu","HoveringKite"],"picked":"Black Star"}],"items_purged_floors":[19,22,40,58],"is_endless":false,"potions_floor_spawned":[1,7,13,16,18,30,31,33,39,49,50,51,59],"ascension_level":20}