{"gold_per_floor":[109,127,138,138,150,150,425,425,450,450,5,20,20,20,20,123,123,136,149,129,140,63,63,95,370,370,380,280,280,293,307,307,404,404,416,427,427,442,237,237,267,267,290,200,200,218,218,232,232,232],"floor_reached":51,"playtime":5123,"items_purged":["Regret","Regret","Strike_G"],"score":898,"play_id":"70e5e4a0-949a-488a-a7f4-dda0606a80b9","local_time":"20190801210333","is_ascension_mode":true,"campfire_choices":[{"data":"Blur","floor":6,"key":"SMITH"},{"data":"Bouncing Flask","floor":8,"key":"SMITH"},{"data":"Survivor","floor":10,"key":"SMITH"},{"data":"Blur","floor":15,"key":"SMITH"},{"data":"Noxious Fumes","floor":23,"key":"SMITH"},{"data":"Backflip","floor":29,"key":"SMITH"},{"floor":32,"key":"REST"},{"data":"Footwork","floor":40,"key":"SMITH"},{"data":"After Image","floor":42,"key":"SMITH"},{"data":"Catalyst","floor":47,"key":"SMITH"},{"floor":49,"key":"REST"}],"neow_cost":"NONE","seed_source_timestamp":230090157905900,"circlet_count":0,"master_deck":["Strike_G","Strike_G","Strike_G","Defend_G","Defend_G","Defend_G","Defend_G","Defend_G","Survivor+1","Neutralize+1","Bouncing Flask+1","Deadly Poison","Blur+1","Burst","Blur+1","Parasite","Backflip+1","Crippling Poison","Noxious Fumes+1","PiercingWail","Backflip+1","Blur+1","After Image+1","Escape Plan","Blur+1","Footwork+1","Catalyst+1"],"relics":["Ring of the Serpent","WarpedTongs","Centennial Puzzle","TwistedFunnel","Sozu","Oddly Smooth Stone","Ornamental Fan","Dream Catcher","Juzu Bracelet"],"potions_floor_usage":[12,27,27],"damage_taken":[{"damage":3,"enemies":"2 Louse","floor":1,"turns":3},{"damage":0,"enemies":"Cultist","floor":2,"turns":3},{"damage":2,"enemies":"Jaw Worm","floor":3,"turns":4},{"damage":13,"enemies":"Looter","floor":5,"turns":3},{"damage":13,"enemies":"Blue Slaver","floor":12,"turns":2},{"damage":41,"enemies":"Slime Boss","floor":16,"turns":14},{"damage":5,"enemies":"3 Byrds","floor":18,"turns":4},{"damage":0,"enemies":"Spheric Guardian","floor":19,"turns":2},{"damage":5,"enemies":"Centurion and Healer","floor":21,"turns":6},{"damage":20,"enemies":"Book of Stabbing","floor":24,"turns":6},{"damage":3,"enemies":"Snecko","floor":27,"turns":5},{"damage":1,"enemies":"3 Cultists","floor":30,"turns":5},{"damage":0,"enemies":"Snake Plant","floor":31,"turns":3},{"damage":0,"enemies":"Collector","floor":33,"turns":9},{"damage":0,"enemies":"3 Shapes","floor":35,"turns":4},{"damage":4,"enemies":"Orb Walker","floor":36,"turns":3},{"damage":7,"enemies":"Sphere and 2 Shapes","floor":38,"turns":5},{"damage":0,"enemies":"Nemesis","floor":41,"turns":9},{"damage":1,"enemies":"Jaw Worm Horde","floor":46,"turns":5},{"damage":14,"enemies":"Transient","floor":48,"turns":5},{"damage":23,"enemies":"Donu and Deca","floor":50,"turns":11}],"seed_played":"-4058469373011835911","potions_obtained":[{"floor":3,"key":"AttackPotion"},{"floor":5,"key":"Fruit Juice"},{"floor":12,"key":"Explosive Potion"}],"is_trial":false,"path_per_floor":["M","M","M","?","M","R","?","R","T","R","$","M","?","?","R","B",null,"M","M","?","M","$","R","E","?","T","M","$","R","M","M","R","B",null,"M","M","?","M","$","R","E","R","T","?","?","M","R","M","R","B",null],"character_chosen":"THE_SILENT","items_purchased":["TwistedFunnel","Burst","Blur","Noxious Fumes","Footwork"],"campfire_rested":2,"item_purchase_floors":[11,11,11,22,39],"current_hp_per_floor":[67,67,65,65,52,52,52,52,52,52,52,44,62,55,55,14,75,70,70,70,65,65,65,45,45,45,42,42,42,41,41,63,63,75,75,71,71,64,64,64,64,64,64,64,64,63,63,49,71,48],"gold":232,"neow_bonus":"UPGRADE_CARD","is_prod":false,"is_daily":false,"chose_seed":false,"campfire_upgraded":9,"win_rate":0,"timestamp":1564707813,"path_taken":["M","M","M","?","?","R","?","R","T","R","$","?","?","?","R","BOSS","M","M","?","?","$","R","E","?","T","M","$","R","?","M","R","BOSS","M","M","?","M","$","R","E","R","T","?","?","M","R","M","R","BOSS"],"build_version":"2019-07-18","purchased_purges":3,"victory":true,"max_hp_per_floor":[70,70,70,70,70,70,70,70,70,70,70,75,75,75,75,75,75,75,75,75,75,75,75,75,75,75,75,75,75,75,75,75,75,75,75,75,75,75,75,75,75,75,75,75,75,75,75,75,75,75],"card_choices":[{"not_picked":["Backflip","Deflect"],"picked":"Bouncing Flask","floor":1},{"not_picked":["Poisoned Stab","Concentrate"],"picked":"Deadly Poison","floor":2},{"not_picked":["Prepared","A Thousand Cuts"],"picked":"Blur","floor":3},{"not_picked":["Expertise","Outmaneuver","Concentrate"],"picked":"SKIP","floor":5},{"not_picked":["Sucker Punch","Quick Slash","Distraction"],"picked":"SKIP","floor":12},{"not_picked":["Dodge and Roll","Masterful Stab"],"picked":"Backflip","floor":18},{"not_picked":["Bouncing Flask","Backflip"],"picked":"Crippling Poison","floor":19},{"not_picked":["Outmaneuver","Deadly Poison+1","Underhanded Strike"],"picked":"SKIP","floor":21},{"not_picked":["Underhanded Strike","Riddle With Holes"],"picked":"PiercingWail","floor":24},{"not_picked":["Setup+1","Infinite Blades"],"picked":"Backflip","floor":27},{"not_picked":["Infinite Blades+1","Crippling Poison","Blade Dance+1"],"picked":"SKIP","floor":30},{"not_picked":["Backflip","Venomology"],"picked":"Blur+1","floor":31},{"not_picked":["A Thousand Cuts","Unload"],"picked":"After Image","floor":33},{"not_picked":["Bane+1","Slice"],"picked":"Escape Plan","floor":35},{"not_picked":["Finisher","Backflip+1"],"picked":"Blur+1","floor":36},{"not_picked":["Infinite Blades","Blade Dance","Terror"],"picked":"SKIP","floor":38},{"not_picked":["Underhanded Strike","Flechettes","Predator"],"picked":"SKIP","floor":41},{"not_picked":["Backflip+1","Noxious Fumes+1"],"picked":"Catalyst","floor":46},{"not_picked":["Distraction","Setup+1","Prepared"],"picked":"SKIP","floor":48}],"player_experience":280148,"relics_obtained":[{"floor":9,"key":"Centennial Puzzle"},{"floor":24,"key":"Oddly Smooth Stone"},{"floor":26,"key":"Ornamental Fan"},{"floor":41,"key":"Dream Catcher"},{"floor":43,"key":"Juzu Bracelet"}],"event_choices":[{"damage_healed":0,"gold_gain":0,"player_choice":"Rummage","damage_taken":0,"relics_obtained":["WarpedTongs"],"max_hp_gain":0,"max_hp_loss":0,"event_name":"Accursed Blacksmith","floor":4,"gold_loss":0,"cards_obtained":["Pain"]},{"damage_healed":0,"gold_gain":275,"player_choice":"Desecrate","damage_taken":0,"max_hp_gain":0,"max_hp_loss":0,"event_name":"Golden Shrine","floor":7,"gold_loss":0,"cards_obtained":["Regret"]},{"damage_healed":18,"gold_gain":0,"player_choice":"Healed and dodged fight","damage_taken":0,"max_hp_gain":0,"max_hp_loss":0,"event_name":"Mushrooms","floor":13,"gold_loss":0,"cards_obtained":["Parasite"]},{"cards_removed":["Pain"],"damage_healed":0,"gold_gain":0,"player_choice":"Card Removal","damage_taken":7,"max_hp_gain":0,"max_hp_loss":0,"event_name":"Golden Wing","floor":14,"gold_loss":0},{"damage_healed":0,"gold_gain":0,"player_choice":"Bought 1 Potion","damage_taken":0,"max_hp_gain":0,"max_hp_loss":0,"event_name":"The Woman in Blue","floor":20,"gold_loss":0},{"damage_healed":0,"gold_gain":275,"player_choice":"Desecrate","damage_taken":0,"max_hp_gain":0,"max_hp_loss":0,"event_name":"Golden Shrine","floor":25,"gold_loss":0,"cards_obtained":["Regret"]},{"damage_healed":0,"gold_gain":0,"player_choice":"Ignored","damage_taken":0,"max_hp_gain":0,"max_hp_loss":0,"event_name":"Tomb of Lord Red Mask","floor":37,"gold_loss":0},{"cards_removed":["Strike_G"],"damage_healed":0,"gold_gain":0,"player_choice":"Upgrade and Remove","damage_taken":0,"max_hp_gain":0,"max_hp_loss":0,"event_name":"Designer","floor":44,"gold_loss":90,"cards_upgraded":["Backflip"]},{"damage_healed":0,"gold_gain":0,"player_choice":"Memory 1","damage_taken":0,"max_hp_gain":0,"max_hp_loss":0,"event_name":"SensoryStone","floor":45,"gold_loss":0}],"is_beta":true,"boss_relics":[{"not_picked":["Eternal Feather","Black Star"],"picked":"Sozu"},{"not_picked":["HoveringKite","White Beast Statue"],"picked":"Ring of the Serpent"}],"items_purged_floors":[11,28,39],"is_endless":false,"potions_floor_spawned":[3,5,12,19,21,24,31,41,46],"ascension_level":3}