{"gold_per_floor":[99,99,99,99,99,99,17,17,17,17,17,17,17,17,17,17,17,17,0,0,0,0,0,0,0,0,0,0,0,0,0,0,0,0,0,0,0,0,0,0,0,0,0,0,0,0,0,0,0,0],"floor_reached":51,"playtime":11448,"items_purged":[],"score":1160,"play_id":"4c62345a-944e-41fb-9213-5ee03cd79859","local_time":"20190803234108","is_ascension_mode":true,"campfire_choices":[{"data":"Bouncing Flask","floor":6,"key":"SMITH"},{"data":"Dodge and Roll","floor":8,"key":"SMITH"},{"floor":11,"key":"REST"},{"data":"Deadly Poison","floor":15,"key":"SMITH"},{"floor":23,"key":"REST"},{"floor":25,"key":"REST"},{"floor":30,"key":"REST"},{"floor":32,"key":"REST"},{"floor":40,"key":"REST"},{"floor":45,"key":"REST"},{"floor":47,"key":"REST"},{"floor":49,"key":"REST"}],"neow_cost":"NONE","seed_source_timestamp":406468022511400,"circlet_count":0,"master_deck":["AscendersBane","Strike_G","Strike_G","Strike_G","Strike_G+1","Defend_G","Defend_G","Defend_G","Defend_G","Defend_G","Survivor","Neutralize+1","Dodge and Roll+1","Bouncing Flask+1","Footwork+1","Well Laid Plans","Deadly Poison+1","Wraith Form v2","Noxious Fumes","Acrobatics","Footwork","Backflip","Adrenaline","Burst","Catalyst","Blur","Corpse Explosion","Footwork","Crippling Poison","Calculated Gamble","Dodge and Roll"],"relics":["Ectoplasm","Orichalcum","Question Card","Lantern","Fusion Hammer","Letter Opener","Snake Skull","Sozu","MawBank","Vajra","Pear"],"potions_floor_usage":[33,46],"damage_taken":[{"damage":4,"enemies":"2 Louse","floor":1,"turns":3},{"damage":1,"enemies":"Small Slimes","floor":3,"turns":4},{"damage":14,"enemies":"3 Sentries","floor":10,"turns":11},{"damage":0,"enemies":"Jaw Worm","floor":13,"turns":2},{"damage":38,"enemies":"Slime Boss","floor":16,"turns":15},{"damage":10,"enemies":"3 Byrds","floor":18,"turns":7},{"damage":0,"enemies":"Chosen","floor":22,"turns":5},{"damage":0,"enemies":"Snake Plant","floor":24,"turns":4},{"damage":0,"enemies":"Snecko","floor":27,"turns":6},{"damage":22,"enemies":"Sentry and Sphere","floor":28,"turns":5},{"damage":17,"enemies":"Gremlin Leader","floor":29,"turns":8},{"damage":11,"enemies":"3 Cultists","floor":31,"turns":6},{"damage":29,"enemies":"Collector","floor":33,"turns":9},{"damage":0,"enemies":"3 Shapes","floor":35,"turns":5},{"damage":0,"enemies":"Orb Walker","floor":36,"turns":4},{"damage":32,"enemies":"Sphere and 2 Shapes","floor":38,"turns":6},{"damage":0,"enemies":"4 Shapes","floor":39,"turns":3},{"damage":0,"enemies":"Maw","floor":41,"turns":6},{"damage":23,"enemies":"Jaw Worm Horde","floor":42,"turns":4},{"damage":0,"enemies":"Reptomancer","floor":46,"turns":7},{"damage":3,"enemies":"Nemesis","floor":48,"turns":5},{"damage":74,"enemies":"Awakened One","floor":50,"turns":13}],"seed_played":"-2012026568072585663","potions_obtained":[{"floor":10,"key":"Energy Potion"},{"floor":13,"key":"FearPotion"},{"floor":24,"key":"GhostInAJar"}],"is_trial":false,"path_per_floor":["M","?","M","?","?","R","$","R","T","E","R","?","M","$","R","B",null,"M","?","$","?","M","R","M","R","T","M","M","E","R","M","R","B",null,"M","M","?","M","M","R","M","M","T","$","R","E","R","E","R","B",null],"character_chosen":"THE_SILENT","items_purchased":["Footwork"],"campfire_rested":9,"item_purchase_floors":[7],"current_hp_per_floor":[59,52,51,37,37,37,37,37,37,23,44,44,44,44,44,6,54,44,44,44,44,44,65,65,70,70,70,48,31,52,41,62,33,61,61,61,61,29,29,50,50,27,27,27,48,48,69,76,80,6],"gold":0,"neow_bonus":"BOSS_RELIC","is_prod":false,"is_daily":false,"chose_seed":false,"campfire_upgraded":3,"win_rate":0,"timestamp":1564890068,"path_taken":["M","?","M","?","?","R","?","R","T","E","R","?","?","$","R","BOSS","M","?","$","?","M","R","M","R","T","M","?","E","R","M","R","BOSS","M","M","?","?","M","R","M","M","T","?","R","E","R","E","R","BOSS"],"build_version":"2019-07-18","purchased_purges":0,"victory":true,"max_hp_per_floor":[70,70,70,70,70,70,70,70,70,70,70,70,70,70,70,70,70,70,70,70,70,70,70,70,70,70,70,70,70,70,70,70,70,70,70,70,70,70,70,70,70,70,70,70,70,70,70,80,80,80],"card_choices":[{"not_picked":["Quick Slash","Bane"],"picked":"Dodge and Roll","floor":1},{"not_picked":["Flying Knee","Finisher"],"picked":"Bouncing Flask","floor":3},{"not_picked":["Escape Plan","Slice","Accuracy"],"picked":"Well Laid Plans","floor":10},{"not_picked":["Caltrops","Riddle With Holes","Infinite Blades"],"picked":"Deadly Poison","floor":13},{"not_picked":["Phantasmal Killer","A Thousand Cuts","Grand Finale"],"picked":"Wraith Form v2","floor":16},{"not_picked":["Deflect","Outmaneuver","Blade Dance"],"picked":"Noxious Fumes","floor":18},{"not_picked":["Quick Slash","Predator","Riddle With Holes"],"picked":"Acrobatics","floor":22},{"not_picked":["Quick Slash","Slice","Deflect"],"picked":"Footwork","floor":24},{"not_picked":["Deflect","Acrobatics","Quick Slash","Bane"],"picked":"SKIP","floor":27},{"not_picked":["Tools of the Trade","Deflect","Flying Knee"],"picked":"Backflip","floor":28},{"not_picked":["Tactician","Storm of Steel","Sucker Punch"],"picked":"Adrenaline","floor":29},{"not_picked":["Underhanded Strike","Riddle With Holes","Blade Dance","Choke"],"picked":"SKIP","floor":31},{"not_picked":["Adrenaline","Grand Finale","Wraith Form v2"],"picked":"Burst","floor":33},{"not_picked":["Backflip","Dagger Spray","Quick Slash"],"picked":"Catalyst","floor":35},{"not_picked":["Riddle With Holes","Slice","Flying Knee"],"picked":"Blur","floor":36},{"not_picked":["Predator+1","Backflip","Slice+1"],"picked":"Corpse Explosion","floor":38},{"not_picked":["Reflex","Well Laid Plans","Flechettes+1"],"picked":"Footwork","floor":39},{"not_picked":["All Out Attack","Blade Dance","Deflect","Outmaneuver"],"picked":"SKIP","floor":41},{"not_picked":["Quick Slash","Endless Agony","Deflect"],"picked":"Crippling Poison","floor":42},{"not_picked":["Corpse Explosion","Underhanded Strike","Bane"],"picked":"Calculated Gamble","floor":46},{"not_picked":["Acrobatics","Wraith Form v2","Poisoned Stab+1"],"picked":"Dodge and Roll","floor":48}],"player_experience":350810,"relics_obtained":[{"floor":9,"key":"Question Card"},{"floor":10,"key":"Lantern"},{"floor":26,"key":"Letter Opener"},{"floor":29,"key":"Snake Skull"},{"floor":43,"key":"MawBank"},{"floor":46,"key":"Vajra"},{"floor":48,"key":"Pear"}],"event_choices":[{"damage_healed":0,"gold_gain":0,"player_choice":"Success","damage_taken":7,"relics_obtained":["Orichalcum"],"max_hp_gain":0,"max_hp_loss":0,"event_name":"Scrap Ooze","floor":2,"gold_loss":0},{"damage_healed":0,"gold_gain":0,"player_choice":"Entered Light","damage_taken":14,"max_hp_gain":0,"max_hp_loss":0,"event_name":"Shining Light","floor":4,"gold_loss":0,"cards_upgraded":["Neutralize","Strike_G"]},{"damage_healed":0,"gold_gain":0,"player_choice":"Ignored","damage_taken":0,"max_hp_gain":0,"max_hp_loss":0,"event_name":"Liars Game","floor":5,"gold_loss":0},{"damage_healed":0,"gold_gain":0,"player_choice":"Forge","damage_taken":0,"max_hp_gain":0,"max_hp_loss":0,"event_name":"Accursed Blacksmith","floor":12,"gold_loss":0,"cards_upgraded":["Footwork"]},{"damage_healed":0,"gold_gain":0,"player_choice":"Paid Fearfully","damage_taken":0,"max_hp_gain":0,"max_hp_loss":0,"event_name":"Masked Bandits","floor":19,"gold_loss":17},{"cards_removed":["Strike_G"],"damage_healed":0,"gold_gain":0,"player_choice":"Offered Basic","damage_taken":0,"max_hp_gain":0,"max_hp_loss":0,"event_name":"Bonfire Elementals","floor":21,"gold_loss":0},{"damage_healed":0,"gold_gain":0,"player_choice":"Got Potions","damage_taken":0,"max_hp_gain":0,"max_hp_loss":0,"event_name":"Lab","floor":37,"gold_loss":0}],"is_beta":true,"boss_relics":[{"not_picked":["Calling Bell","Eternal Feather"],"picked":"Fusion Hammer"},{"not_picked":["Philosopher\u0027s Stone","Velvet Choker"],"picked":"Sozu"}],"items_purged_floors":[],"is_endless":false,"potions_floor_spawned":[10,13,22,24,28,29,35,36,41,42],"ascension_level":12}