{"gold_per_floor":[109,184,184,198,218,218,237,22,46,81,6,26,41,75,75,75],"floor_reached":16,"playtime":527,"items_purged":["Strike_B"],"score":224,"play_id":"196db0c6-eea7-4980-b296-450f9d701d8b","local_time":"20190723170036","is_ascension_mode":true,"campfire_choices":[{"floor":6.0,"key":"REST"},{"data":"Hologram","floor":15,"key":"SMITH"}],"neow_cost":"NONE","seed_source_timestamp":954885434561,"circlet_count":0,"master_deck":["AscendersBane","Strike_B","Strike_B","Strike_B","Defend_B","Defend_B","Defend_B","Defend_B","Zap","Dualcast","Cold Snap","Chill","Sweeping Beam","Undo","Echo Form","Glacier","Hyperbeam","FTL","Conserve Battery","All For One","Hologram+1","Go for the Eyes"],"special_seed":0,"relics":["Cracked Core","Oddly Smooth Stone","Regal Pillow","Centennial Puzzle","Prayer Wheel","Pen Nib"],"potions_floor_usage":[14],"damage_taken":[{"damage":8.0,"enemies":"Small Slimes","floor":1.0,"turns":4.0},{"damage":3.0,"enemies":"Cultist","floor":4.0,"turns":4.0},{"damage":7.0,"enemies":"Jaw Worm","floor":5.0,"turns":4.0},{"damage":4.0,"enemies":"2 Fungi Beasts","floor":7.0,"turns":4.0},{"damage":44.0,"enemies":"Gremlin Nob","floor":10.0,"turns":6.0},{"damage":0,"enemies":"Exordium Thugs","floor":12,"turns":4},{"damage":0,"enemies":"3 Louse","floor":13,"turns":3},{"damage":6,"enemies":"3 Sentries","floor":14,"turns":3},{"damage":28,"enemies":"The Guardian","floor":16,"turns":2}],"seed_played":"-8166311653568312968","potions_obtained":[{"floor":1.0,"key":"SpeedPotion"},{"floor":5.0,"key":"SpeedPotion"},{"floor":13,"key":"Regen Potion"}],"is_trial":false,"path_per_floor":["M","?","?","M","M","R","M","$","T","E","$","M","M","E","R","B"],"character_chosen":"DEFECT","items_purchased":["Echo Form","Glacier"],"campfire_rested":1,"item_purchase_floors":[8,8],"current_hp_per_floor":[56,45,45,42,35,71,67,67,67,23,23,23,23,26,26,0],"gold":75,"neow_bonus":"RANDOM_COMMON_RELIC","is_prod":false,"is_daily":false,"chose_seed":false,"campfire_upgraded":1,"win_rate":0,"timestamp":1563894036,"path_taken":["M","?","?","M","M","R","M","$","T","E","$","?","M","E","R","BOSS"],"build_version":"2019-07-18","purchased_purges":1,"victory":false,"max_hp_per_floor":[71,71,71,71,71,71,71,71,71,71,71,71,71,71,71,71],"card_choices":[{"not_picked":["Sunder","Reprogram"],"picked":"Cold Snap","floor":1.0},{"not_picked":["Fusion","Turbo"],"picked":"Chill","floor":4.0},{"not_picked":["Redo","Compile Driver"],"picked":"Sweeping Beam","floor":5.0},{"not_picked":["Sunder","Rebound"],"picked":"Undo","floor":7.0},{"not_picked":["Hologram","Steam Power"],"picked":"Hyperbeam","floor":10.0},{"not_picked":["Stack","Barrage"],"picked":"FTL","floor":12},{"not_picked":["Streamline","Gash"],"picked":"Conserve Battery","floor":12},{"not_picked":["Rebound","Barrage"],"picked":"All For One","floor":13},{"not_picked":["Coolheaded","Lockon"],"picked":"Hologram","floor":13},{"not_picked":["Redo","Steam Power"],"picked":"Go for the Eyes","floor":14}],"player_experience":1913025,"relics_obtained":[{"floor":9.0,"key":"Centennial Puzzle"},{"floor":10.0,"key":"Prayer Wheel"},{"floor":14,"key":"Pen Nib"}],"event_choices":[{"damage_healed":0.0,"max_hp_gain":0.0,"max_hp_loss":0.0,"gold_gain":75.0,"event_name":"World of Goop","player_choice":"Gather Gold","floor":2.0,"gold_loss":0.0,"damage_taken":11.0},{"damage_healed":0.0,"max_hp_gain":0.0,"max_hp_loss":0.0,"gold_gain":0.0,"event_name":"WeMeetAgain","player_choice":"Gave Potion","floor":3.0,"gold_loss":0.0,"damage_taken":0.0,"relics_obtained":["Regal Pillow"]}],"is_beta":true,"boss_relics":[],"items_purged_floors":[11],"is_endless":false,"potions_floor_spawned":[1,5,13],"killed_by":"The Guardian","ascension_level":20}