{"gold_per_floor":[165,176,192,204,221,254,254,254,254,219,246,246,0,0,0,77,77,57,57,85,101,101,101,112,29,106,106,126,26,26,40,40,40],"floor_reached":33,"playtime":1181,"items_purged":["Strike_B","Strike_B"],"score":510,"play_id":"dc7cf650-864f-47bb-bdd8-85c86494faac","local_time":"20190712220549","is_ascension_mode":true,"campfire_choices":[{"data":"Chaos","floor":7,"key":"SMITH"},{"data":"Coolheaded","floor":12,"key":"SMITH"},{"data":"Zap","floor":15,"key":"SMITH"},{"data":"Loop","floor":23,"key":"SMITH"},{"data":"Defragment","floor":27,"key":"SMITH"},{"data":"Loop","floor":30,"key":"SMITH"},{"data":"Buffer","floor":32,"key":"SMITH"}],"neow_cost":"NONE","seed_source_timestamp":4468908278792,"circlet_count":0,"master_deck":["AscendersBane","Strike_B","Strike_B","Defend_B","Defend_B+1","Defend_B","Defend_B","Zap+1","Dualcast","Compile Driver","Conserve Battery","Chaos+1","Leap","Self Repair","Coolheaded+1","Buffer+1","Core Surge","Double Energy+1","Loop+1","Gash+1","Loop+1","Defragment+1","Gash","Sweeping Beam"],"special_seed":0,"relics":["Tiny House","Bag of Preparation","Sundial","Meat on the Bone","Nuclear Battery","Red Mask","Dodecahedron"],"potions_floor_usage":[4,6,11,20,21],"damage_taken":[{"damage":0.0,"enemies":"Jaw Worm","floor":1.0,"turns":4.0},{"damage":2,"enemies":"Small Slimes","floor":2,"turns":4},{"damage":2,"enemies":"2 Louse","floor":3,"turns":3},{"damage":10,"enemies":"Large Slime","floor":4,"turns":6},{"damage":1,"enemies":"Red Slaver","floor":5,"turns":5},{"damage":28,"enemies":"3 Sentries","floor":6,"turns":12},{"damage":16,"enemies":"Lagavulin","floor":11,"turns":8},{"damage":46,"enemies":"Slime Boss","floor":16,"turns":10},{"damage":16,"enemies":"2 Thieves","floor":18,"turns":4},{"damage":5,"enemies":"Masked Bandits","floor":20,"turns":3},{"damage":20,"enemies":"3 Byrds","floor":21,"turns":6},{"damage":25,"enemies":"Snecko","floor":24,"turns":6},{"damage":26,"enemies":"3 Cultists","floor":28,"turns":5},{"damage":20,"enemies":"Snake Plant","floor":31,"turns":4},{"damage":54,"enemies":"Collector","floor":33,"turns":3}],"seed_played":"-8048035283925936172","potions_obtained":[{"floor":0.0,"key":"AttackPotion"},{"floor":2,"key":"Ancient Potion"},{"floor":4,"key":"Regen Potion"},{"floor":11,"key":"PowerPotion"},{"floor":16,"key":"Dexterity Potion"},{"floor":21,"key":"FearPotion"}],"is_trial":false,"path_per_floor":["M","M","M","M","M","E","R","?","T","?","E","R","$","$","R","B",null,"M","?","?","M","?","R","M","$","T","R","M","$","R","M","R","B"],"character_chosen":"DEFECT","items_purchased":["Buffer","Defragment"],"campfire_rested":0,"item_purchase_floors":[13,25],"current_hp_per_floor":[69,67,65,55,54,41,41,41,41,60,51,51,51,51,51,24,63,54,54,56,55,76,76,58,58,58,58,51,51,51,50,50,0],"gold":40,"neow_bonus":"BOSS_RELIC","is_prod":false,"is_daily":false,"chose_seed":false,"campfire_upgraded":7,"win_rate":0,"timestamp":1562961949,"path_taken":["M","M","M","M","M","E","R","?","T","?","E","R","?","$","R","BOSS","M","?","?","M","?","R","?","?","T","R","M","?","R","?","R","BOSS"],"build_version":"2019-07-10","purchased_purges":2,"victory":false,"max_hp_per_floor":[76,76,76,76,76,76,76,76,76,76,76,76,76,76,76,76,76,76,76,76,76,76,76,76,76,76,76,76,76,76,76,76,76],"card_choices":[{"not_picked":["Hologram","Barrage"],"picked":"Melter","floor":0.0},{"not_picked":["Barrage","Lockon","Streamline"],"picked":"SKIP","floor":1},{"not_picked":["Hologram","Force Field"],"picked":"Compile Driver","floor":2},{"not_picked":["Recycle","Force Field"],"picked":"Conserve Battery","floor":3},{"not_picked":["Lockon","Multi-Cast"],"picked":"Chaos","floor":4},{"not_picked":["Skim","Beam Cell"],"picked":"Leap","floor":5},{"not_picked":["Undo","Barrage"],"picked":"Self Repair","floor":6},{"not_picked":["All For One","Cold Snap"],"picked":"Coolheaded","floor":11},{"not_picked":["Thunder Strike","Machine Learning"],"picked":"Core Surge","floor":16},{"not_picked":["Recycle","Darkness"],"picked":"Double Energy+1","floor":18},{"not_picked":["Go for the Eyes","Stack"],"picked":"Gash+1","floor":21},{"not_picked":["Streamline","Consume"],"picked":"Loop","floor":24},{"not_picked":["Go for the Eyes","Barrage"],"picked":"Gash","floor":28},{"not_picked":["Conserve Battery","Barrage"],"picked":"Sweeping Beam","floor":31}],"player_experience":1843543,"relics_obtained":[{"floor":6,"key":"Bag of Preparation"},{"floor":9,"key":"Sundial"},{"floor":11,"key":"Meat on the Bone"},{"floor":20,"key":"Red Mask"},{"floor":26,"key":"Dodecahedron"}],"event_choices":[{"damage_healed":0,"gold_gain":0,"player_choice":"Ignored","damage_taken":0,"max_hp_gain":0,"max_hp_loss":0,"event_name":"Liars Game","floor":8,"gold_loss":0},{"damage_healed":19,"gold_gain":0,"player_choice":"Healed","damage_taken":0,"max_hp_gain":0,"max_hp_loss":0,"event_name":"The Cleric","floor":10,"gold_loss":35},{"damage_healed":0,"gold_gain":0,"player_choice":"Read","damage_taken":0,"max_hp_gain":0,"max_hp_loss":0,"event_name":"The Library","floor":19,"gold_loss":0,"cards_obtained":["Loop"]},{"damage_healed":0,"gold_gain":0,"player_choice":"Fought Bandits","damage_taken":0,"max_hp_gain":0,"max_hp_loss":0,"event_name":"Masked Bandits","floor":20,"gold_loss":0},{"cards_removed":["Melter"],"damage_healed":21,"gold_gain":0,"player_choice":"Offered Uncommon","damage_taken":0,"max_hp_gain":0,"max_hp_loss":0,"event_name":"Bonfire Elementals","floor":22,"gold_loss":0}],"is_beta":true,"boss_relics":[{"not_picked":["Velvet Choker","Empty Cage"],"picked":"Nuclear Battery"}],"items_purged_floors":[13,29],"is_endless":false,"potions_floor_spawned":[2,4,11,16,18,21],"killed_by":"Collector","ascension_level":20}