{"gold_per_floor":[366,366,149,166,166,166,179,179,179,204,204,19,35,35],"floor_reached":14,"playtime":710,"items_purged":["Regret","Strike_B"],"score":176,"play_id":"a0f851f6-5214-4030-b920-a96b05ee5de3","local_time":"20190805234506","is_ascension_mode":true,"campfire_choices":[{"data":"Defragment","floor":6,"key":"SMITH"},{"data":"Zap","floor":8,"key":"SMITH"}],"neow_cost":"TEN_PERCENT_HP_LOSS","seed_source_timestamp":337389467915000,"circlet_count":0,"master_deck":["AscendersBane","Strike_B","Strike_B","Defend_B","Defend_B","Defend_B","Defend_B","Zap+1","Dualcast","Defragment+1","Ball Lightning","Capacitor","Hologram","Echo Form","Coolheaded","Conserve Battery","Stack"],"relics":["Cracked Core","Nunchaku","Unceasing Top","PreservedInsect"],"potions_floor_usage":[10],"damage_taken":[{"damage":10,"enemies":"Small Slimes","floor":1,"turns":3},{"damage":0,"enemies":"2 Louse","floor":4,"turns":2},{"damage":14,"enemies":"Jaw Worm","floor":7,"turns":4},{"damage":22,"enemies":"3 Sentries","floor":10,"turns":5},{"damage":9,"enemies":"2 Fungi Beasts","floor":13,"turns":3},{"damage":7,"enemies":"Large Slime","floor":14,"turns":1}],"seed_played":"-7754545017341240675","potions_obtained":[{"floor":1,"key":"AttackPotion"}],"is_trial":false,"path_per_floor":["M","?","$","M","?","R","M","R","T","E","?","$","M","M"],"character_chosen":"DEFECT","items_purchased":["Ball Lightning","Capacitor","Coolheaded","Conserve Battery"],"campfire_rested":0,"item_purchase_floors":[3,3,12,12],"current_hp_per_floor":[54,54,54,54,54,54,40,40,40,18,11,11,2,0],"gold":35,"neow_bonus":"TWO_FIFTY_GOLD","is_prod":false,"is_daily":false,"chose_seed":false,"campfire_upgraded":2,"win_rate":0,"timestamp":1565073906,"path_taken":["M","?","$","M","?","R","M","R","T","E","?","$","M","M"],"build_version":"2019-07-17","purchased_purges":2,"victory":false,"max_hp_per_floor":[64,64,64,64,64,64,64,64,64,64,64,64,64,64],"card_choices":[{"not_picked":["Static Discharge","Stack"],"picked":"Defragment","floor":1},{"not_picked":["Redo","Steam","Beam Cell"],"picked":"SKIP","floor":4},{"not_picked":["White Noise","Steam"],"picked":"Hologram","floor":7},{"not_picked":["Rip and Tear","Creative AI"],"picked":"Echo Form","floor":10},{"not_picked":["Doom and Gloom","Barrage"],"picked":"Stack","floor":13}],"player_experience":1280009,"relics_obtained":[{"floor":9,"key":"Unceasing Top"},{"floor":10,"key":"PreservedInsect"}],"event_choices":[{"damage_healed":0,"gold_gain":0,"player_choice":"Box","damage_taken":0,"relics_obtained":["Nunchaku"],"max_hp_gain":0,"max_hp_loss":0,"event_name":"Big Fish","floor":2,"gold_loss":0,"cards_obtained":["Regret"]},{"damage_healed":0,"gold_gain":0,"player_choice":"Ignored","damage_taken":0,"max_hp_gain":0,"max_hp_loss":0,"event_name":"Liars Game","floor":5,"gold_loss":0},{"cards_removed":["Strike_B"],"damage_healed":0,"gold_gain":0,"player_choice":"Card Removal","damage_taken":7,"max_hp_gain":0,"max_hp_loss":0,"event_name":"Golden Wing","floor":11,"gold_loss":0}],"is_beta":false,"boss_relics":[],"items_purged_floors":[3,12],"is_endless":false,"potions_floor_spawned":[1],"killed_by":"Large Slime","ascension_level":20}