{"gold_per_floor":[111,124,49,61,61,124,124,149,173,73,73,87,87,17,17,89,89,106,117,117,117,140,170,170,205,205,205,205,205,304,320,320,394,394,410,285,385,399,416,416,431,446,446,22,22,36,63,82,82,82],"floor_reached":51,"playtime":2555,"items_purged":["Strike_B","Defend_B","Defend_B","Strike_B"],"score":1161,"play_id":"0e756b45-eef5-49d3-9f96-4853009e359a","local_time":"20190804165842","is_ascension_mode":true,"campfire_choices":[{"data":"Zap","floor":7.0,"key":"SMITH"},{"data":"Coolheaded","floor":11.0,"key":"SMITH"},{"floor":15.0,"key":"REST"},{"data":"Barrage","floor":24.0,"key":"SMITH"},{"data":"Defragment","floor":29,"key":"SMITH"},{"floor":32,"key":"REST"},{"data":"Dualcast","floor":40,"key":"SMITH"},{"data":"Defragment","floor":45,"key":"SMITH"},{"floor":49,"key":"REST"}],"neow_cost":"NONE","seed_source_timestamp":90639773406690,"circlet_count":0,"master_deck":["AscendersBane","Defend_B","Defend_B","Zap+1","Dualcast+1","Coolheaded+1","Ball Lightning","Coolheaded","White Noise","Self Repair","Electrodynamics","White Noise+1","Self Repair","Barrage+1","Defragment+1","Steam+1","Echo Form","Coolheaded+1","White Noise+1","Echo Form","Coolheaded+1","Loop+1","Defragment+1","Defragment+1","Recycle+1","White Noise+1"],"special_seed":0,"relics":["Inserter","Ancient Tea Set","Tiny Chest","Happy Flower","Toxic Egg 2","Sozu","StoneCalendar","Darkstone Periapt","Anchor","Prayer Wheel","Juzu Bracelet","Unceasing Top","Empty Cage","Turnip","Nunchaku","DollysMirror","Smiling Mask"],"potions_floor_usage":[],"damage_taken":[{"damage":1.0,"enemies":"Cultist","floor":1.0,"turns":4.0},{"damage":5.0,"enemies":"2 Louse","floor":2.0,"turns":5.0},{"damage":10.0,"enemies":"Small Slimes","floor":4.0,"turns":5.0},{"damage":19.0,"enemies":"Lagavulin","floor":6.0,"turns":11.0},{"damage":3.0,"enemies":"3 Sentries","floor":8.0,"turns":8.0},{"damage":1.0,"enemies":"Exordium Thugs","floor":12.0,"turns":4.0},{"damage":15.0,"enemies":"Hexaghost","floor":16.0,"turns":8.0},{"damage":0.0,"enemies":"Spheric Guardian","floor":18.0,"turns":3.0},{"damage":5.0,"enemies":"Chosen","floor":19.0,"turns":3.0},{"damage":19.0,"enemies":"Gremlin Leader","floor":23.0,"turns":6.0},{"damage":44.0,"enemies":"Book of Stabbing","floor":25.0,"turns":6.0},{"damage":6,"enemies":"Snake Plant","floor":31,"turns":6},{"damage":53,"enemies":"Automaton","floor":33,"turns":8},{"damage":0,"enemies":"3 Shapes","floor":35,"turns":3},{"damage":28,"enemies":"Mind Bloom Boss Battle","floor":37,"turns":6},{"damage":30,"enemies":"3 Darklings","floor":38,"turns":4},{"damage":1,"enemies":"4 Shapes","floor":39,"turns":3},{"damage":8,"enemies":"Spire Growth","floor":41,"turns":5},{"damage":26,"enemies":"3 Darklings","floor":42,"turns":3},{"damage":24,"enemies":"Transient","floor":46,"turns":5},{"damage":27,"enemies":"Jaw Worm Horde","floor":48,"turns":4},{"damage":58,"enemies":"Time Eater","floor":50,"turns":12}],"seed_played":"7974526598219462065","potions_obtained":[{"floor":1.0,"key":"Energy Potion"},{"floor":2.0,"key":"Fire Potion"},{"floor":6.0,"key":"LiquidBronze"},{"floor":8.0,"key":"Block Potion"}],"is_trial":false,"path_per_floor":["M","M","$","M","?","E","R","E","T","$","R","M","?","$","R","B",null,"M","M","T","T","T","E","R","E","T","?","?","R","?","M","R","B",null,"M","$","?","M","M","R","M","M","T","$","R","M","T","M","R","B",null],"character_chosen":"DEFECT","items_purchased":["Self Repair","Defragment","DollysMirror"],"campfire_rested":3,"item_purchase_floors":[14,44,44],"current_hp_per_floor":[67,62,62,52,52,33,33,30,30,30,30,29,22,22,44,36,65,72,74,74,74,74,69,69,39,39,25,25,25,25,33,57,18,65,72,72,72,56,69,69,80,68,68,68,68,58,58,45,69,25],"gold":82,"neow_bonus":"BOSS_RELIC","is_prod":false,"is_daily":false,"chose_seed":false,"campfire_upgraded":6,"win_rate":0,"timestamp":1564905522,"path_taken":["M","M","?","M","?","E","R","E","T","$","R","?","?","?","R","BOSS","M","M","?","?","?","E","R","E","T","?","?","R","?","M","R","BOSS","M","$","?","M","M","R","M","M","T","$","R","M","?","M","R","BOSS"],"build_version":"2019-07-17","purchased_purges":4,"victory":true,"max_hp_per_floor":[75,75,75,75,75,75,75,75,75,75,75,75,75,75,75,75,75,75,75,75,75,75,75,75,75,75,80,80,80,80,80,80,80,80,80,80,80,80,80,80,80,80,80,80,80,80,80,80,80,80],"card_choices":[{"not_picked":["Tempest","Cold Snap"],"picked":"Coolheaded","floor":1.0},{"not_picked":["Capacitor","Hologram"],"picked":"Ball Lightning","floor":2.0},{"not_picked":["Skim","Coolheaded","Chill"],"picked":"SKIP","floor":4.0},{"not_picked":["Stack","Conserve Battery"],"picked":"Coolheaded","floor":6.0},{"not_picked":["Ball Lightning","Fusion","Melter"],"picked":"SKIP","floor":8.0},{"not_picked":["Go for the Eyes","Scrape"],"picked":"White Noise","floor":12.0},{"not_picked":["Fission+1","Machine Learning"],"picked":"Electrodynamics","floor":16.0},{"not_picked":["Steam+1","Redo+1"],"picked":"White Noise+1","floor":18.0},{"not_picked":["Coolheaded+1","Hologram+1"],"picked":"Self Repair","floor":19.0},{"not_picked":["Coolheaded+1","Static Discharge"],"picked":"Barrage","floor":23.0},{"not_picked":["Go for the Eyes","Cold Snap","Thunder Strike"],"picked":"SKIP","floor":25.0},{"not_picked":["Stack+1","Turbo+1"],"picked":"Steam+1","floor":31},{"not_picked":["Turbo+1","Cold Snap","Ball Lightning"],"picked":"SKIP","floor":31},{"not_picked":["Core Surge","Creative AI"],"picked":"Echo Form","floor":33},{"not_picked":["Reinforced Body+1","Double Energy+1","Rebound"],"picked":"SKIP","floor":35},{"not_picked":["Compile Driver","Rebound","Cold Snap+1"],"picked":"SKIP","floor":35},{"not_picked":["Self Repair","Hologram+1"],"picked":"Coolheaded+1","floor":37},{"not_picked":["Melter+1","Compile Driver"],"picked":"White Noise+1","floor":38},{"not_picked":["Sweeping Beam","Reprogram+1","Self Repair"],"picked":"SKIP","floor":38},{"not_picked":["Steam+1","Capacitor"],"picked":"Echo Form","floor":39},{"not_picked":["Streamline","FTL","Static Discharge+1"],"picked":"SKIP","floor":39},{"not_picked":["Chill+1","Hologram+1"],"picked":"Coolheaded+1","floor":41},{"not_picked":["Static Discharge","Ball Lightning","Beam Cell+1"],"picked":"SKIP","floor":41},{"not_picked":["Beam Cell","Aggregate+1"],"picked":"Loop+1","floor":42},{"not_picked":["Reinforced Body+1","Scrape","Storm"],"picked":"SKIP","floor":42},{"not_picked":["Scrape","Reprogram+1","Streamline"],"picked":"SKIP","floor":46},{"not_picked":["Genetic Algorithm+1","Rebound","Heatsinks+1"],"picked":"SKIP","floor":46},{"not_picked":["Rip and Tear+1","Undo+1"],"picked":"Recycle+1","floor":48},{"not_picked":["Sweeping Beam","Steam+1"],"picked":"White Noise+1","floor":48}],"player_experience":223520,"relics_obtained":[{"floor":6.0,"key":"Tiny Chest"},{"floor":8.0,"key":"Happy Flower"},{"floor":20.0,"key":"StoneCalendar"},{"floor":21.0,"key":"Darkstone Periapt"},{"floor":22.0,"key":"Anchor"},{"floor":23.0,"key":"Prayer Wheel"},{"floor":25.0,"key":"Juzu Bracelet"},{"floor":26.0,"key":"Unceasing Top"},{"floor":37,"key":"Turnip"},{"floor":43,"key":"Nunchaku"},{"floor":47,"key":"Smiling Mask"}],"event_choices":[{"damage_healed":0.0,"max_hp_gain":0.0,"max_hp_loss":0.0,"gold_gain":0.0,"event_name":"WeMeetAgain","player_choice":"Gave Potion","floor":5.0,"gold_loss":0.0,"damage_taken":0.0,"relics_obtained":["Ancient Tea Set"]},{"damage_healed":0.0,"max_hp_gain":0.0,"max_hp_loss":0.0,"gold_gain":0.0,"event_name":"Scrap Ooze","player_choice":"Success","floor":13.0,"gold_loss":0.0,"damage_taken":7.0,"relics_obtained":["Toxic Egg 2"]},{"damage_healed":0.0,"max_hp_gain":5.0,"max_hp_loss":0.0,"gold_gain":0.0,"event_name":"Forgotten Altar","player_choice":"Shed Blood","floor":27.0,"gold_loss":0.0,"damage_taken":19.0},{"damage_healed":0,"gold_gain":0,"player_choice":"Read","damage_taken":0,"max_hp_gain":0,"max_hp_loss":0,"event_name":"The Library","floor":28,"gold_loss":0,"cards_obtained":["Defragment"]},{"damage_healed":0,"gold_gain":99,"player_choice":"Stole From Cult","damage_taken":0,"max_hp_gain":0,"max_hp_loss":0,"event_name":"Nest","floor":30,"gold_loss":0},{"damage_healed":0,"gold_gain":0,"player_choice":"Fight","damage_taken":0,"max_hp_gain":0,"max_hp_loss":0,"event_name":"MindBloom","floor":37,"gold_loss":0}],"is_beta":false,"boss_relics":[{"not_picked":["Lizard Tail","Runic Dome"],"picked":"Sozu"},{"not_picked":["Snecko Eye","Astrolabe"],"picked":"Empty Cage"}],"items_purged_floors":[3,10,36,44],"is_endless":false,"potions_floor_spawned":[1,2,6,8,19,25,39,41],"ascension_level":13}