{"gold_per_floor":[117,192,192,192,192,192,204,231,231,58,58,68,88,122,122,193,193,211,230,230,242,81,81,81,107,107,123,138,138,165,165,165,243,243,255,79,79,90,106,126,126,34,34,61,73,73,73,93,93,93,93],"floor_reached":52,"playtime":2486,"items_purged":["Strike_B","Defend_B"],"score":1995,"play_id":"aa57aaed-13d0-40ca-a652-f8e9ca5e03cd","local_time":"20190808124700","is_ascension_mode":true,"campfire_choices":[{"data":"Zap","floor":6,"key":"SMITH"},{"data":"Defragment","floor":11,"key":"SMITH"},{"data":"Dualcast","floor":15,"key":"SMITH"},{"floor":23,"key":"REST"},{"data":"Loop","floor":29,"key":"SMITH"},{"floor":32,"key":"REST"},{"data":"Defragment","floor":41,"key":"SMITH"},{"data":"Defragment","floor":46,"key":"SMITH"},{"data":"Impatience","floor":49,"key":"SMITH"}],"neow_cost":"NONE","seed_source_timestamp":71610810250861,"circlet_count":0,"master_deck":["AscendersBane","Defend_B+1","Defend_B+1","Zap+1","Dualcast+1","Conserve Battery","Auto Shields","Coolheaded","Hologram","Defragment+1","Panacea","Capacitor","Electrodynamics","Reboot","Barrage","Cold Snap+1","Defragment+1","Self Repair","Creative AI","Loop+1","Amplify","Defragment","Defragment+1","Glacier+1","Impatience+1"],"special_seed":0,"relics":["Cracked Core","NeowsBlessing","Mummified Hand","Bronze Scales","War Paint","Darkstone Periapt","Runic Dome","Emotion Chip","Cables","Regal Pillow","Empty Cage","Girya","Du-Vu Doll"],"potions_floor_usage":[13,25,33,50,51],"damage_taken":[{"damage":0.0,"enemies":"Small Slimes","floor":1.0,"turns":1.0},{"damage":0,"enemies":"Jaw Worm","floor":7,"turns":1},{"damage":0,"enemies":"Gremlin Nob","floor":8,"turns":1},{"damage":5,"enemies":"2 Louse","floor":12,"turns":2},{"damage":11,"enemies":"Gremlin Gang","floor":13,"turns":4},{"damage":0,"enemies":"Lagavulin","floor":14,"turns":6},{"damage":10,"enemies":"Hexaghost","floor":16,"turns":10},{"damage":16,"enemies":"3 Byrds","floor":18,"turns":3},{"damage":14,"enemies":"Chosen","floor":19,"turns":4},{"damage":0,"enemies":"3 Cultists","floor":21,"turns":2},{"damage":23,"enemies":"Slavers","floor":25,"turns":3},{"damage":0,"enemies":"Sentry and Sphere","floor":27,"turns":3},{"damage":2,"enemies":"Centurion and Healer","floor":28,"turns":7},{"damage":51,"enemies":"Collector","floor":33,"turns":8},{"damage":1,"enemies":"3 Shapes","floor":35,"turns":4},{"damage":21,"enemies":"Orb Walker","floor":38,"turns":4},{"damage":6,"enemies":"4 Shapes","floor":39,"turns":6},{"damage":9,"enemies":"Sphere and 2 Shapes","floor":40,"turns":3},{"damage":13,"enemies":"Giant Head","floor":44,"turns":15},{"damage":0,"enemies":"Maw","floor":45,"turns":6},{"damage":0,"enemies":"Jaw Worm Horde","floor":48,"turns":5},{"damage":35,"enemies":"Time Eater","floor":50,"turns":15},{"damage":0,"enemies":"Donu and Deca","floor":51,"turns":8}],"seed_played":"782130828279660919","potions_obtained":[{"floor":1.0,"key":"Weak Potion"},{"floor":7,"key":"SkillPotion"},{"floor":13,"key":"FairyPotion"},{"floor":14,"key":"GamblersBrew"},{"floor":27,"key":"FearPotion"},{"floor":28,"key":"FocusPotion"},{"floor":35,"key":"LiquidBronze"},{"floor":39,"key":"AttackPotion"},{"floor":45,"key":"Block Potion"}],"is_trial":false,"path_per_floor":["M","?","?","?","?","R","M","E","T","$","R","M","M","E","R","B",null,"M","M","?","M","$","R","?","E","T","M","M","R","T","?","R","B",null,"M","$","?","M","M","M","R","$","T","E","M","R","?","M","R","B","B",null],"character_chosen":"DEFECT","items_purchased":["Defragment","Panacea","Self Repair","Defragment","Impatience"],"campfire_rested":2,"item_purchase_floors":[10,10,22,36,42],"current_hp_per_floor":[64,53,48,48,44,44,44,44,44,44,44,39,28,28,28,18,58,42,28,28,28,28,49,42,26,26,26,31,31,31,31,67,23,59,71,71,71,57,65,56,56,56,56,50,57,57,57,64,64,43,50],"gold":93,"neow_bonus":"THREE_ENEMY_KILL","is_prod":false,"is_daily":false,"chose_seed":false,"campfire_upgraded":7,"win_rate":0,"timestamp":1565236020,"path_taken":["M","?","?","?","?","R","M","E","T","$","R","M","M","E","R","BOSS","M","?","?","M","$","R","?","E","T","?","M","R","?","?","R","BOSS","M","$","?","M","M","M","R","$","T","E","M","R","?","M","R","BOSS","BOSS"],"build_version":"2019-07-17","purchased_purges":2,"victory":true,"max_hp_per_floor":[71,71,71,71,71,71,71,71,71,71,71,71,71,71,71,71,71,71,71,71,71,71,71,71,71,71,71,71,71,71,71,71,71,71,71,71,71,71,71,71,71,71,71,71,71,71,67,67,67,67,67],"card_choices":[{"not_picked":["Lockon","Sweeping Beam"],"picked":"Conserve Battery","floor":1.0},{"not_picked":["Steam","Conserve Battery"],"picked":"Coolheaded","floor":7},{"not_picked":["Gash","Scrape"],"picked":"Hologram","floor":8},{"not_picked":["Genetic Algorithm","Beam Cell"],"picked":"Capacitor","floor":12},{"not_picked":["Coolheaded","Scrape"],"picked":"Electrodynamics","floor":13},{"not_picked":["Electrodynamics","Heatsinks","Hologram"],"picked":"SKIP","floor":14},{"not_picked":["Multi-Cast","Thunder Strike"],"picked":"Reboot","floor":16},{"not_picked":["Leap","Conserve Battery"],"picked":"Barrage","floor":18},{"not_picked":["Coolheaded","Turbo"],"picked":"Cold Snap+1","floor":19},{"not_picked":["Rebound","Lockon","Redo"],"picked":"SKIP","floor":21},{"not_picked":["White Noise","Rebound+1"],"picked":"Creative AI","floor":25},{"not_picked":["Conserve Battery","Double Energy","Darkness"],"picked":"SKIP","floor":27},{"not_picked":["Streamline","Defragment"],"picked":"Loop","floor":28},{"not_picked":["Core Surge","All For One"],"picked":"Amplify","floor":33},{"not_picked":["Go for the Eyes","Steam"],"picked":"Defragment","floor":35},{"not_picked":["Genetic Algorithm","Barrage","Ball Lightning"],"picked":"SKIP","floor":38},{"not_picked":["Compile Driver","Rebound+1","Gash+1"],"picked":"SKIP","floor":39},{"not_picked":["Melter","Storm+1"],"picked":"Glacier+1","floor":40},{"not_picked":["Sunder+1","Hologram","Redo+1"],"picked":"SKIP","floor":44},{"not_picked":["Tempest","Gash+1","Conserve Battery"],"picked":"SKIP","floor":45},{"not_picked":["Conserve Battery+1","Static Discharge","Rebound"],"picked":"SKIP","floor":48}],"player_experience":294718,"relics_obtained":[{"floor":8,"key":"Bronze Scales"},{"floor":9,"key":"War Paint"},{"floor":14,"key":"Darkstone Periapt"},{"floor":25,"key":"Emotion Chip"},{"floor":26,"key":"Cables"},{"floor":30,"key":"Regal Pillow"},{"floor":43,"key":"Girya"},{"floor":44,"key":"Du-Vu Doll"}],"event_choices":[{"damage_healed":0.0,"max_hp_gain":0.0,"max_hp_loss":0.0,"gold_gain":75.0,"event_name":"World of Goop","player_choice":"Gather Gold","floor":2.0,"gold_loss":0.0,"damage_taken":11.0},{"damage_healed":0.0,"max_hp_gain":0.0,"max_hp_loss":0.0,"gold_gain":0.0,"event_name":"Scrap Ooze","player_choice":"Success","floor":3.0,"gold_loss":0.0,"damage_taken":5.0,"relics_obtained":["Mummified Hand"]},{"damage_healed":0,"gold_gain":0,"cards_transformed":["Defend_B"],"player_choice":"Change","damage_taken":0,"max_hp_gain":0,"max_hp_loss":0,"event_name":"Living Wall","floor":4,"gold_loss":0,"cards_obtained":["Auto Shields"]},{"damage_healed":0,"gold_gain":0,"player_choice":"Bought 0 Potions","damage_taken":0,"max_hp_gain":0,"max_hp_loss":0,"event_name":"The Woman in Blue","floor":5,"gold_loss":0},{"damage_healed":0,"gold_gain":0,"player_choice":"Read","damage_taken":0,"max_hp_gain":0,"max_hp_loss":0,"event_name":"The Library","floor":20,"gold_loss":0,"cards_obtained":["Defragment"]},{"damage_healed":0,"gold_gain":0,"player_choice":"","damage_taken":7,"max_hp_gain":0,"max_hp_loss":0,"event_name":"Knowing Skull","floor":24,"potions_obtained":[],"gold_loss":0,"cards_obtained":[]},{"damage_healed":0,"gold_gain":0,"player_choice":"Ignored","damage_taken":0,"max_hp_gain":0,"max_hp_loss":0,"event_name":"Vampires","floor":31,"gold_loss":0},{"cards_removed":["Strike_B"],"damage_healed":0,"gold_gain":0,"player_choice":"Removed Attack","damage_taken":0,"max_hp_gain":0,"max_hp_loss":0,"event_name":"Falling","floor":37,"gold_loss":0},{"damage_healed":0,"gold_gain":0,"player_choice":"Max HP","damage_taken":0,"max_hp_gain":0,"max_hp_loss":4,"event_name":"Winding Halls","floor":47,"gold_loss":0}],"is_beta":false,"boss_relics":[{"not_picked":["White Beast Statue","Tiny House"],"picked":"Runic Dome"},{"not_picked":["Philosopher\u0027s Stone","Sozu"],"picked":"Empty Cage"}],"items_purged_floors":[22,36],"is_endless":false,"potions_floor_spawned":[1,7,13,14,19,27,28,35,39,45],"ascension_level":20}