{"path_per_floor":["M","?","$","M","?","R","M","R","T","M","E","M","?","E","R"],"character_chosen":"THE_SILENT","items_purchased":["Infinite Blades"],"gold_per_floor":[109,184,33,45,45,45,63,63,115,135,168,178,353,683,683],"floor_reached":16,"campfire_rested":2,"playtime":1540,"current_hp_per_floor":[58,47,47,42,42,63,57,57,57,56,49,35,35,12,33],"items_purged":["Pain"],"gold":683,"play_id":"0c63d038-794d-49a1-90cc-7dd5ebb351d6","is_prod":false,"is_daily":false,"campfire_rituals":0,"campfire_upgraded":0,"is_hardmode":false,"path_taken":["M","?","$","M","?","R","M","R","T","M","E","?","?","E","R","BOSS"],"build_version":"2018-01-11-PROD2","purchased_purges":1,"victory":false,"master_deck":["Defend_G","Defend_G","Defend_G","Defend_G","Defend_G","Strike_G","Strike_G","Strike_G","Strike_G","Strike_G","Survivor","Neutralize","Sucker Punch","Infinite Blades","Heel Hook","Quick Slash","Deflect","Deflect","Sucker Punch","Doubt","Die Die Die"],"max_hp_per_floor":[70,70,70,70,70,70,70,70,70,70,70,70,70,70,70],"relics":["Ring of the Snake","Peace Pipe","Vajra","Happy Flower","Calipers","Old Coin"],"campfire_meditates":0,"card_choices":[{"not_picked":["PiercingWail","Deadly Poison"],"picked":"Sucker Punch"},{"not_picked":["Dodge and Roll","Outmaneuver"],"picked":"Heel Hook"},{"not_picked":["Deflect","Sucker Punch"],"picked":"Quick Slash"},{"not_picked":["PiercingWail","Envenom"],"picked":"Deflect"},{"not_picked":["Blur","Dagger Spray"],"picked":"Deflect"},{"not_picked":["Catalyst","PiercingWail"],"picked":"Sucker Punch"},{"not_picked":["Bane","Bouncing Flask"],"picked":"Die Die Die"}],"player_experience":25915,"potions_floor_usage":[10,11,16],"damage_taken":[{"damage":12,"enemies":"Jaw Worm","floor":1,"turns":7},{"damage":5,"enemies":"Blue Slaver","floor":4,"turns":4},{"damage":6,"enemies":"Small Slimes","floor":7,"turns":4},{"damage":1,"enemies":"Exordium Thugs","floor":10,"turns":2},{"damage":7,"enemies":"Lagavulin","floor":11,"turns":5},{"damage":14,"enemies":"Large Slime","floor":12,"turns":5},{"damage":23,"enemies":"3 Sentries","floor":14,"turns":8},{"damage":35,"enemies":"Slime Boss","floor":16,"turns":10}],"event_choices":[{"event_name":"World of Goop","player_choice":"Gather Gold","floor":2,"damage_taken":0},{"event_name":"Big Fish","player_choice":"Box","floor":5,"damage_taken":0},{"event_name":"Liars Game","player_choice":"agreed","floor":13,"damage_taken":0}],"boss_relics":[],"potions_floor_spawned":[7,10,12],"seed_played":"5903341136362495481","killed_by":"Slime Boss","is_trial":false}