{"gold_per_floor":[119,135,135,59,79,79,79,96,96,108,26,26,38,48,48,151,151,163,182,192,205,0,0,0,13,13,13,13],"floor_reached":28,"playtime":4259,"items_purged":[],"score":214,"play_id":"da28e0af-b67a-4515-89de-35cb6742106f","local_time":"20190813162502","is_ascension_mode":false,"campfire_choices":[{"data":"Blur","floor":6.0,"key":"SMITH"},{"data":"Neutralize","floor":12.0,"key":"SMITH"},{"floor":15.0,"key":"REST"},{"floor":23.0,"key":"RECALL"},{"data":"Burst","floor":27.0,"key":"SMITH"}],"neow_cost":"NONE","seed_source_timestamp":2310471201125900,"circlet_count":0,"master_deck":["Survivor","Neutralize+1","Flechettes","Cloak And Dagger","Blur+1","Backflip","Burst+1","Footwork","Footwork","Dodge and Roll","After Image","Glass Knife","Well Laid Plans","Well Laid Plans","Dash","Footwork","Crippling Poison","Blade Dance","Leg Sweep","Endless Agony","Deflect+1","Flechettes","Caltrops+1","Dagger Throw+1"],"special_seed":0,"relics":["Ring of the Snake","Meat on the Bone","Bottled Flame","Pandora\u0027s Box","MutagenicStrength","Torii"],"potions_floor_usage":[],"damage_taken":[{"damage":0.0,"enemies":"Small Slimes","floor":1.0,"turns":3.0},{"damage":0.0,"enemies":"2 Louse","floor":2.0,"turns":2.0},{"damage":0.0,"enemies":"Jaw Worm","floor":5.0,"turns":5.0},{"damage":6.0,"enemies":"Gremlin Gang","floor":8.0,"turns":6.0},{"damage":0.0,"enemies":"3 Louse","floor":10.0,"turns":3.0},{"damage":0.0,"enemies":"Looter","floor":13.0,"turns":4.0},{"damage":4.0,"enemies":"2 Fungi Beasts","floor":14.0,"turns":5.0},{"damage":1.0,"enemies":"The Guardian","floor":16.0,"turns":26.0},{"damage":0.0,"enemies":"Shell Parasite","floor":18.0,"turns":11.0},{"damage":0.0,"enemies":"Chosen","floor":19.0,"turns":10.0},{"damage":6.0,"enemies":"3 Cultists","floor":20.0,"turns":8.0},{"damage":5.0,"enemies":"Centurion and Healer","floor":21.0,"turns":8.0},{"damage":0.0,"enemies":"Cultist and Chosen","floor":25.0,"turns":8.0},{"damage":66,"enemies":"Gremlin Leader","floor":28,"turns":8}],"seed_played":"-8758759532520016587","potions_obtained":[{"floor":2.0,"key":"SteroidPotion"},{"floor":5.0,"key":"PowerPotion"},{"floor":8.0,"key":"Fire Potion"},{"floor":13.0,"key":"GhostInAJar"},{"floor":18.0,"key":"Dexterity Potion"}],"is_trial":false,"path_per_floor":["M","M","?","$","M","R","?","M","T","M","$","R","M","M","R","B",null,"M","M","M","M","?","R","?","M","T","R","E"],"character_chosen":"THE_SILENT","items_purchased":["Blur","Footwork"],"campfire_rested":1,"item_purchase_floors":[4,11],"current_hp_per_floor":[70,70,63,63,63,63,51,45,45,45,45,45,45,41,62,61,70,70,70,64,59,59,59,59,59,59,59,0],"gold":13,"neow_bonus":"THREE_CARDS","is_prod":false,"is_daily":false,"chose_seed":false,"campfire_upgraded":3,"win_rate":0,"timestamp":1565706302,"path_taken":["M","M","?","$","M","R","?","M","T","M","$","R","M","M","R","BOSS","M","M","M","M","?","R","?","M","T","R","E"],"build_version":"2019-01-23","purchased_purges":0,"victory":false,"max_hp_per_floor":[70,70,70,70,70,70,70,70,70,70,70,70,70,70,70,70,70,70,70,70,70,70,70,70,70,70,70,70],"card_choices":[{"not_picked":["Dagger Spray","Cloak And Dagger"],"picked":"Flechettes","floor":0.0},{"not_picked":["Sucker Punch","Prepared","Dagger Spray"],"picked":"SKIP","floor":1.0},{"not_picked":["Dagger Throw","Dagger Spray"],"picked":"Cloak And Dagger","floor":2.0},{"not_picked":["Dash","Reflex"],"picked":"Backflip","floor":5.0},{"not_picked":["Bouncing Flask","Prepared"],"picked":"Burst","floor":8.0},{"not_picked":["Accuracy","Underhanded Strike"],"picked":"Footwork","floor":10.0},{"not_picked":["Outmaneuver","Predator","PiercingWail"],"picked":"SKIP","floor":13.0},{"not_picked":["Calculated Gamble","Deflect"],"picked":"Dodge and Roll","floor":14.0},{"not_picked":["Doppelganger","Venomology"],"picked":"After Image","floor":16.0},{"not_picked":["Leg Sweep","Reflex"],"picked":"Deflect+1","floor":18.0},{"not_picked":["Bane","Underhanded Strike"],"picked":"Flechettes","floor":19.0},{"not_picked":["Deadly Poison","Outmaneuver"],"picked":"Caltrops+1","floor":20.0},{"not_picked":["Acrobatics","Riddle With Holes"],"picked":"Dagger Throw+1","floor":21.0},{"not_picked":["Deflect","Sucker Punch","Expertise"],"picked":"SKIP","floor":25.0}],"player_experience":200139,"relics_obtained":[{"floor":9.0,"key":"Bottled Flame"},{"floor":26.0,"key":"Torii"}],"event_choices":[{"cards_removed":["Strike_G"],"damage_healed":0.0,"max_hp_gain":0.0,"max_hp_loss":0.0,"gold_gain":0.0,"event_name":"Golden Wing","player_choice":"Card Removal","floor":3.0,"gold_loss":0.0,"damage_taken":7.0},{"damage_healed":0.0,"max_hp_gain":0.0,"max_hp_loss":0.0,"gold_gain":0.0,"event_name":"Scrap Ooze","player_choice":"Success","floor":7.0,"gold_loss":0.0,"damage_taken":12.0,"relics_obtained":["Meat on the Bone"]},{"damage_healed":0.0,"max_hp_gain":0.0,"max_hp_loss":0.0,"gold_gain":0.0,"event_name":"Masked Bandits","player_choice":"Paid Fearfully","floor":22.0,"gold_loss":205.0,"damage_taken":0.0},{"damage_healed":0.0,"max_hp_gain":0.0,"max_hp_loss":0.0,"gold_gain":0.0,"event_name":"Drug Dealer","player_choice":"Inject Mutagens","floor":24.0,"gold_loss":0.0,"damage_taken":0.0,"relics_obtained":["MutagenicStrength"]}],"is_beta":false,"boss_relics":[{"not_picked":["Velvet Choker","WristBlade"],"picked":"Pandora\u0027s Box"}],"items_purged_floors":[],"is_endless":false,"potions_floor_spawned":[2,5,8,13,18,19],"killed_by":"Gremlin Leader","ascension_level":0}