{"gold_per_floor":[110,385,4,4,4,31,31,31,78,112,127,159,159,159,159,262,262,277,287,298,315,36,36,36,36],"floor_reached":25,"playtime":2042,"items_purged":["Regret"],"score":217,"play_id":"04ca4546-e1c7-4bf4-b2f5-8c7fc6ac30c5","local_time":"20181227133304","is_ascension_mode":false,"campfire_choices":[{"data":"Havoc","floor":7,"key":"SMITH"},{"data":"Demon Form","floor":13,"key":"SMITH"},{"floor":15,"key":"RECALL"},{"floor":23,"key":"REST"}],"neow_cost":"NONE","seed_source_timestamp":345621662412035,"circlet_count":0,"master_deck":["Strike_R","Strike_R","Strike_R","Strike_R","Defend_R","Defend_R","Defend_R","Defend_R","Bash","Wild Strike","Cleave","Demon Form+1","Havoc+1","Heavy Blade","Headbutt","Barricade","Thunderclap+1","True Grit","True Grit+1","Wild Strike+1","Heavy Blade+1","Warcry","Impervious"],"relics":["Burning Blood","Ornamental Fan","Pantograph","Ancient Tea Set","Prayer Wheel","Regal Pillow","Girya","Black Star","TheAbacus","Letter Opener"],"potions_floor_usage":[10,18],"damage_taken":[{"damage":8,"enemies":"Jaw Worm","floor":1,"turns":4},{"damage":19,"enemies":"Gremlin Nob","floor":6,"turns":4},{"damage":22,"enemies":"Lagavulin","floor":10,"turns":4},{"damage":5,"enemies":"Cultist","floor":11,"turns":4},{"damage":22,"enemies":"3 Sentries","floor":12,"turns":6},{"damage":33,"enemies":"Hexaghost","floor":16,"turns":6},{"damage":5,"enemies":"3 Byrds","floor":18,"turns":5},{"damage":35,"enemies":"2 Thieves","floor":19,"turns":4},{"damage":36,"enemies":"Centurion and Healer","floor":20,"turns":6},{"damage":7,"enemies":"Snecko","floor":21,"turns":4},{"damage":40,"enemies":"Colosseum Slavers","floor":25,"turns":5},{"damage":55,"enemies":"Colosseum Nobs","floor":25,"turns":4}],"seed_played":"-8440816109465529157","potions_obtained":[{"floor":6,"key":"Energy Potion"},{"floor":16,"key":"GamblersBrew"}],"is_trial":false,"path_per_floor":["M","?","$","T","?","E","R","?","T","E","M","E","R","T","R","B",null,"M","M","M","M","$","R","T","?"],"character_chosen":"IRONCLAD","items_purchased":["Ornamental Fan","Cleave","TheAbacus","Impervious"],"campfire_rested":1,"item_purchase_floors":[3,3,22,22],"current_hp_per_floor":[86,86,86,86,86,73,73,73,73,57,58,42,42,42,42,40,88,88,59,29,28,28,69,69,0],"gold":36,"neow_bonus":"TEN_PERCENT_HP_BONUS","is_prod":false,"is_daily":false,"chose_seed":false,"campfire_upgraded":2,"win_rate":0,"timestamp":1545895984,"path_taken":["M","?","$","?","?","E","R","?","T","E","M","E","R","?","R","BOSS","M","?","M","M","$","R","?","?"],"build_version":"2018-12-20","purchased_purges":1,"victory":false,"max_hp_per_floor":[88,88,88,88,88,88,88,88,88,88,88,88,88,88,88,88,88,88,88,88,88,88,88,88,88],"card_choices":[{"not_picked":["Warcry","Perfected Strike"],"picked":"Wild Strike","floor":1},{"not_picked":["Wild Strike","Disarm"],"picked":"Havoc","floor":6},{"not_picked":["Offering","Blood for Blood"],"picked":"Heavy Blade","floor":10},{"not_picked":["Perfected Strike","Carnage","Infernal Blade"],"picked":"SKIP","floor":11},{"not_picked":["Wild Strike","Spot Weakness","Uppercut"],"picked":"SKIP","floor":11},{"not_picked":["Clothesline","Brutality"],"picked":"Headbutt","floor":12},{"not_picked":["Juggernaut","Offering"],"picked":"Barricade","floor":16},{"not_picked":["Warcry","Heavy Blade"],"picked":"Thunderclap+1","floor":18},{"not_picked":["Spot Weakness","Rage"],"picked":"True Grit","floor":18},{"not_picked":["Pommel Strike","Body Slam"],"picked":"True Grit+1","floor":19},{"not_picked":["Spot Weakness+1","True Grit+1"],"picked":"Wild Strike+1","floor":19},{"not_picked":["Burning Pact+1","Combust+1"],"picked":"Heavy Blade+1","floor":20},{"not_picked":["Evolve","Bludgeon","Burning Pact+1"],"picked":"SKIP","floor":20},{"not_picked":["Hemokinesis","Whirlwind"],"picked":"Warcry","floor":21},{"not_picked":["True Grit","Anger+1","Shrug It Off"],"picked":"SKIP","floor":21}],"player_experience":421267,"relics_obtained":[{"floor":4,"key":"Pantograph"},{"floor":6,"key":"Ancient Tea Set"},{"floor":10,"key":"Prayer Wheel"},{"floor":12,"key":"Regal Pillow"},{"floor":14,"key":"Girya"},{"floor":24,"key":"Letter Opener"}],"event_choices":[{"damage_healed":0,"gold_gain":275,"player_choice":"Desecrate","damage_taken":0,"max_hp_gain":0,"max_hp_loss":0,"event_name":"Golden Shrine","floor":2,"gold_loss":0,"cards_obtained":["Regret"]},{"damage_healed":0,"gold_gain":0,"cards_transformed":["Strike_R"],"player_choice":"Change","damage_taken":0,"max_hp_gain":0,"max_hp_loss":0,"event_name":"Living Wall","floor":5,"gold_loss":0,"cards_obtained":["Demon Form"]},{"damage_healed":0,"gold_gain":0,"player_choice":"Ignored","damage_taken":0,"max_hp_gain":0,"max_hp_loss":0,"event_name":"Liars Game","floor":8,"gold_loss":0},{"damage_healed":0,"gold_gain":0,"player_choice":"Fight","damage_taken":0,"max_hp_gain":0,"max_hp_loss":0,"event_name":"Colosseum","floor":25,"gold_loss":0},{"damage_healed":0,"gold_gain":0,"player_choice":"Fought Nobs","damage_taken":0,"max_hp_gain":0,"max_hp_loss":0,"event_name":"Colosseum","floor":25,"gold_loss":0}],"is_beta":false,"boss_relics":[{"not_picked":["Cursed Key","Orrery"],"picked":"Black Star"}],"items_purged_floors":[3],"is_endless":false,"potions_floor_spawned":[6,16],"killed_by":"Colosseum Nobs","ascension_level":0}