{"gold_per_floor":[18,38,52,72,91,91,123,123,123,173,198,198,198,230,230,304,304,320,320,338,318,318,318,318,350,350,350,8,8,22,72,72,145,145,155,32,32,0,0,0,0,45,45,45,14,48,148,161,161,161],"floor_reached":51,"playtime":4401,"items_purged":[],"score":1215,"play_id":"038cc59b-2511-4b42-9219-6f0e3cdaa197","local_time":"20190817232207","is_ascension_mode":true,"campfire_choices":[{"data":"Immolate","floor":6.0,"key":"SMITH"},{"data":"Inflame","floor":8.0,"key":"SMITH"},{"data":"Berserk","floor":15.0,"key":"SMITH"},{"floor":23.0,"key":"REST"},{"data":"Hemokinesis","floor":27.0,"key":"SMITH"},{"data":"True Grit","floor":32.0,"key":"SMITH"},{"data":"Demon Form","floor":40.0,"key":"SMITH"},{"data":"Strike_R","floor":44.0,"key":"PURGE"},{"data":"Strike_R","floor":49.0,"key":"PURGE"}],"neow_cost":"NO_GOLD","seed_source_timestamp":0,"circlet_count":0,"master_deck":["AscendersBane","Strike_R+1","Strike_R","Defend_R","Defend_R","Defend_R","Defend_R","Bash","Pummel","Inflame+1","Sword Boomerang","Power Through","Immolate+1","Shockwave+1","Heavy Blade","Hemokinesis+1","Berserk+1","Fiend Fire","Ghostly Armor","Evolve","Armaments+1","True Grit+1","Shrug It Off","Shrug It Off","Body Slam","Demon Form+1","Havoc","Sword Boomerang+1","Metallicize+1"],"special_seed":0,"relics":["Burning Blood","Happy Flower","Pantograph","Juzu Bracelet","Thread and Needle","Mark of Pain","Nilry\u0027s Codex","Self Forming Clay","The Courier","Gremlin Horn","Membership Card","Red Skull","Bronze Scales","Eternal Feather","Bird Faced Urn","Red Mask","Peace Pipe","Meat on the Bone","Paper Frog","Du-Vu Doll"],"potions_floor_usage":[50],"damage_taken":[{"damage":6.0,"enemies":"Cultist","floor":1.0,"turns":4.0},{"damage":8.0,"enemies":"Jaw Worm","floor":2.0,"turns":4.0},{"damage":0.0,"enemies":"Small Slimes","floor":3.0,"turns":3.0},{"damage":15.0,"enemies":"Gremlin Gang","floor":4.0,"turns":4.0},{"damage":12.0,"enemies":"2 Fungi Beasts","floor":5.0,"turns":4.0},{"damage":15.0,"enemies":"3 Sentries","floor":7.0,"turns":4.0},{"damage":8.0,"enemies":"Gremlin Nob","floor":11.0,"turns":3.0},{"damage":15.0,"enemies":"3 Sentries","floor":14.0,"turns":6.0},{"damage":35.0,"enemies":"Hexaghost","floor":16.0,"turns":9.0},{"damage":15.0,"enemies":"Spheric Guardian","floor":18.0,"turns":4.0},{"damage":11.0,"enemies":"2 Thieves","floor":20.0,"turns":3.0},{"damage":18.0,"enemies":"Slavers","floor":25.0,"turns":5.0},{"damage":11.0,"enemies":"Snake Plant","floor":30.0,"turns":3.0},{"damage":33.0,"enemies":"Collector","floor":33.0,"turns":8.0},{"damage":2.0,"enemies":"Orb Walker","floor":35.0,"turns":3.0},{"damage":36.0,"enemies":"2 Orb Walkers","floor":42.0,"turns":5.0},{"damage":47.0,"enemies":"Nemesis","floor":46.0,"turns":7.0},{"damage":17.0,"enemies":"Mind Bloom Boss Battle","floor":47.0,"turns":5.0},{"damage":2.0,"enemies":"3 Shapes","floor":48.0,"turns":7.0},{"damage":94,"enemies":"Time Eater","floor":50,"turns":10}],"seed_played":"-236904410558286350","potions_obtained":[{"floor":1.0,"key":"Block Potion"},{"floor":3.0,"key":"Swift Potion"},{"floor":14.0,"key":"Weak Potion"},{"floor":18.0,"key":"Ancient Potion"},{"floor":21.0,"key":"SkillPotion"},{"floor":30.0,"key":"Explosive Potion"},{"floor":46.0,"key":"FearPotion"}],"is_trial":false,"path_per_floor":["M","M","M","M","M","R","E","R","T","?","E","?","?","E","R","B",null,"M","?","M","?","?","R","?","E","T","R","$","?","M","?","R","B",null,"M","$","?","?","?","R","$","?","T","R","$","E","?","M","R","B",null],"character_chosen":"IRONCLAD","items_purchased":["Membership Card","True Grit","Red Skull","Bronze Scales","Shrug It Off","Shrug It Off","Bird Faced Urn","BloodPotion"],"campfire_rested":1,"item_purchase_floors":[28,28,28,28,28,28,36,45],"current_hp_per_floor":[82,80,86,77,71,71,62,62,62,62,60,33,33,24,24,20,72,63,42,37,37,37,63,63,51,51,51,51,51,46,46,46,44,78,82,82,82,82,82,85,85,57,57,75,75,61,76,85,85,21],"gold":161,"neow_bonus":"TWENTY_PERCENT_HP_BONUS","is_prod":false,"is_daily":false,"chose_seed":false,"campfire_upgraded":6,"win_rate":0,"timestamp":1566109327,"path_taken":["M","M","M","M","M","R","E","R","T","?","E","?","?","E","R","BOSS","M","?","M","?","?","R","?","E","T","R","?","?","M","?","R","BOSS","M","?","?","?","?","R","$","?","T","R","$","E","?","M","R","BOSS"],"build_version":"2019-07-17","purchased_purges":0,"victory":true,"max_hp_per_floor":[89,89,89,89,89,89,89,89,89,89,89,89,89,89,89,89,89,89,89,89,89,89,89,89,89,89,89,89,89,89,89,89,89,89,89,89,85,85,85,85,85,85,85,85,85,85,85,85,85,85],"card_choices":[{"not_picked":["Burning Pact","Dual Wield"],"picked":"Pummel","floor":1.0},{"not_picked":["Clash","Sword Boomerang"],"picked":"Inflame","floor":2.0},{"not_picked":["Combust","Armaments"],"picked":"Sword Boomerang","floor":3.0},{"not_picked":["Flex","Sword Boomerang"],"picked":"Power Through","floor":4.0},{"not_picked":["Havoc","Sword Boomerang"],"picked":"Immolate","floor":5.0},{"not_picked":["Cleave","Metallicize"],"picked":"Shockwave","floor":7.0},{"not_picked":["Clash","Sever Soul"],"picked":"Heavy Blade","floor":11.0},{"not_picked":["Havoc","Shrug It Off"],"picked":"Berserk","floor":14.0},{"not_picked":["Brutality","Dark Embrace"],"picked":"Fiend Fire","floor":16.0},{"not_picked":["Wild Strike","Anger"],"picked":"Ghostly Armor","floor":18.0},{"not_picked":["Flex","Searing Blow","Cleave"],"picked":"SKIP","floor":20.0},{"not_picked":["Clothesline","Headbutt"],"picked":"Armaments+1","floor":25.0},{"not_picked":["Cleave+1","Sentinel"],"picked":"Body Slam","floor":30.0},{"not_picked":["Impervious","Fiend Fire"],"picked":"Demon Form","floor":33.0},{"not_picked":["Sever Soul","Sword Boomerang"],"picked":"Havoc","floor":35.0},{"not_picked":["Warcry","Anger"],"picked":"Sword Boomerang+1","floor":42.0},{"not_picked":["Perfected Strike","Sentinel","Combust+1"],"picked":"SKIP","floor":46.0},{"not_picked":["Shrug It Off","Havoc+1"],"picked":"Metallicize+1","floor":48.0}],"player_experience":592185,"relics_obtained":[{"floor":7.0,"key":"Happy Flower"},{"floor":9.0,"key":"Pantograph"},{"floor":11.0,"key":"Juzu Bracelet"},{"floor":14.0,"key":"Thread and Needle"},{"floor":19.0,"key":"Nilry\u0027s Codex"},{"floor":24.0,"key":"Self Forming Clay"},{"floor":25.0,"key":"The Courier"},{"floor":26.0,"key":"Gremlin Horn"},{"floor":42.0,"key":"Peace Pipe"},{"floor":43.0,"key":"Meat on the Bone"},{"floor":46.0,"key":"Paper Frog"},{"floor":47.0,"key":"Du-Vu Doll"}],"event_choices":[{"damage_healed":0.0,"max_hp_gain":0.0,"max_hp_loss":0.0,"gold_gain":50.0,"event_name":"Golden Wing","player_choice":"Gained Gold","floor":10.0,"gold_loss":0.0,"damage_taken":0.0},{"damage_healed":0.0,"max_hp_gain":0.0,"max_hp_loss":0.0,"gold_gain":0.0,"event_name":"Shining Light","player_choice":"Entered Light","floor":12.0,"gold_loss":0.0,"damage_taken":27.0,"cards_upgraded":["Shockwave","Strike_R"]},{"damage_healed":0.0,"max_hp_gain":0.0,"max_hp_loss":0.0,"gold_gain":0.0,"cards_transformed":["Strike_R"],"event_name":"Living Wall","player_choice":"Change","floor":13.0,"gold_loss":0.0,"damage_taken":0.0,"cards_obtained":["Hemokinesis"]},{"damage_healed":0.0,"max_hp_gain":0.0,"max_hp_loss":0.0,"gold_gain":0.0,"event_name":"Cursed Tome","player_choice":"Obtained Book","floor":19.0,"gold_loss":0.0,"damage_taken":21.0},{"damage_healed":0.0,"max_hp_gain":0.0,"max_hp_loss":0.0,"gold_gain":0.0,"event_name":"The Woman in Blue","player_choice":"Bought 1 Potion","floor":21.0,"gold_loss":0.0,"damage_taken":0.0},{"damage_healed":0.0,"max_hp_gain":0.0,"max_hp_loss":0.0,"gold_gain":0.0,"event_name":"The Library","player_choice":"Read","floor":22.0,"gold_loss":0.0,"damage_taken":0.0,"cards_obtained":["Evolve"]},{"damage_healed":0.0,"max_hp_gain":0.0,"max_hp_loss":0.0,"gold_gain":0.0,"event_name":"Wheel of Change","player_choice":"Relic","floor":24.0,"gold_loss":0.0,"damage_taken":0.0},{"damage_healed":0.0,"max_hp_gain":0.0,"max_hp_loss":0.0,"gold_gain":0.0,"event_name":"The Mausoleum","player_choice":"Ignored","floor":29.0,"gold_loss":0.0,"damage_taken":0.0},{"damage_healed":0.0,"max_hp_gain":0.0,"max_hp_loss":0.0,"gold_gain":50.0,"event_name":"Golden Shrine","player_choice":"Pray","floor":31.0,"gold_loss":0.0,"damage_taken":0.0},{"damage_healed":0.0,"max_hp_gain":0.0,"max_hp_loss":4.0,"gold_gain":0.0,"event_name":"Winding Halls","player_choice":"Max HP","floor":37.0,"gold_loss":0.0,"damage_taken":0.0},{"damage_healed":0.0,"max_hp_gain":0.0,"max_hp_loss":0.0,"gold_gain":0.0,"event_name":"Tomb of Lord Red Mask","player_choice":"Paid","floor":38.0,"gold_loss":32.0,"damage_taken":0.0,"relics_obtained":["Red Mask"]},{"damage_healed":0.0,"max_hp_gain":0.0,"max_hp_loss":0.0,"gold_gain":0.0,"event_name":"SecretPortal","player_choice":"Ignored","floor":39.0,"gold_loss":0.0,"damage_taken":0.0},{"damage_healed":0.0,"max_hp_gain":0.0,"max_hp_loss":0.0,"gold_gain":0.0,"event_name":"Mysterious Sphere","player_choice":"Fight","floor":42.0,"gold_loss":0.0,"damage_taken":0.0},{"damage_healed":0.0,"max_hp_gain":0.0,"max_hp_loss":0.0,"gold_gain":0.0,"event_name":"MindBloom","player_choice":"Fight","floor":47.0,"gold_loss":0.0,"damage_taken":0.0}],"is_beta":false,"boss_relics":[{"not_picked":["Coffee Dripper","Pandora\u0027s Box"],"picked":"Mark of Pain"},{"not_picked":["Runic Dome","Orrery"],"picked":"Eternal Feather"}],"items_purged_floors":[],"is_endless":false,"potions_floor_spawned":[1,3,14,18,30,46],"ascension_level":15}