{"gold_per_floor":[217,76,76,88,42,42,61,61,107,121,196,196,296,315,315,413,413,432,451,468,103,123,123],"floor_reached":23,"playtime":1541,"items_purged":["Strike_B"],"score":247,"play_id":"e4d3ded1-944f-448d-a865-20a3a1ea5142","local_time":"20190819142428","is_ascension_mode":true,"campfire_choices":[{"data":"Defragment","floor":6.0,"key":"SMITH"},{"data":"Conserve Battery","floor":8.0,"key":"SMITH"},{"floor":12.0,"key":"REST"},{"data":"Hologram","floor":15,"key":"SMITH"}],"neow_cost":"NONE","seed_source_timestamp":14895050886225,"circlet_count":0,"master_deck":["Strike_B","Strike_B","Strike_B","Defend_B","Defend_B","Defend_B","Defend_B","Zap","Dualcast","Gash","Defragment+1","FTL","Hologram+1","Conserve Battery+1","Cold Snap","Ball Lightning","All For One","Go for the Eyes+1","Reinforced Body","Go for the Eyes"],"special_seed":0,"relics":["Cracked Core","Ancient Tea Set","Inserter","Torii"],"potions_floor_usage":[14,18,23],"damage_taken":[{"damage":1.0,"enemies":"Cultist","floor":1.0,"turns":3.0},{"damage":3.0,"enemies":"2 Louse","floor":4.0,"turns":3.0},{"damage":0.0,"enemies":"Small Slimes","floor":7.0,"turns":3.0},{"damage":11.0,"enemies":"Gremlin Gang","floor":10.0,"turns":4.0},{"damage":0,"enemies":"Exordium Thugs","floor":14,"turns":3},{"damage":18,"enemies":"The Guardian","floor":16,"turns":10},{"damage":0,"enemies":"3 Byrds","floor":18,"turns":2},{"damage":14,"enemies":"Shell Parasite","floor":19,"turns":6},{"damage":31,"enemies":"Snake Plant","floor":20,"turns":6},{"damage":6,"enemies":"Centurion and Healer","floor":22,"turns":7},{"damage":20,"enemies":"Gremlin Leader","floor":23,"turns":3}],"seed_played":"2474769617630386713","potions_obtained":[{"floor":10.0,"key":"Fire Potion"},{"floor":16,"key":"PowerPotion"},{"floor":22,"key":"LiquidBronze"}],"is_trial":false,"path_per_floor":["M","$","?","M","$","R","M","R","T","M","?","R","?","M","R","B",null,"M","M","M","$","M","E"],"character_chosen":"DEFECT","items_purchased":["Defragment","FTL","Conserve Battery","Torii"],"campfire_rested":1,"item_purchase_floors":[2,2,5,21],"current_hp_per_floor":[67,67,67,64,64,64,64,64,64,53,42,64,64,64,64,46,68,68,54,23,23,17,0],"gold":123,"neow_bonus":"HUNDRED_GOLD","is_prod":false,"is_daily":false,"chose_seed":false,"campfire_upgraded":3,"win_rate":0,"timestamp":1566221068,"path_taken":["M","$","?","M","$","R","M","R","T","M","?","R","?","M","R","BOSS","M","M","M","$","?","E"],"build_version":"2019-07-17","purchased_purges":1,"victory":false,"max_hp_per_floor":[75,75,75,75,75,75,75,75,75,75,75,75,75,75,75,75,75,75,75,75,75,75,75],"card_choices":[{"not_picked":["Beam Cell","Lockon"],"picked":"Gash","floor":1.0},{"not_picked":["Tempest","Streamline"],"picked":"Hologram","floor":4.0},{"not_picked":["Streamline","Go for the Eyes"],"picked":"Cold Snap","floor":7.0},{"not_picked":["Undo","Hologram"],"picked":"Ball Lightning","floor":10.0},{"not_picked":["Storm","Sweeping Beam","Hologram"],"picked":"SKIP","floor":14},{"not_picked":["Thunder Strike","Electrodynamics"],"picked":"All For One","floor":16},{"not_picked":["Loop","Streamline"],"picked":"Go for the Eyes+1","floor":18},{"not_picked":["Skim","Rip and Tear"],"picked":"Reinforced Body","floor":19},{"not_picked":["Steam","Compile Driver","Scrape"],"picked":"SKIP","floor":20},{"not_picked":["Coolheaded","Redo"],"picked":"Go for the Eyes","floor":22}],"player_experience":441519,"relics_obtained":[{"floor":9.0,"key":"Ancient Tea Set"}],"event_choices":[{"damage_healed":0.0,"max_hp_gain":0.0,"max_hp_loss":0.0,"gold_gain":0.0,"event_name":"Golden Wing","player_choice":"Ignored","floor":3.0,"gold_loss":0.0,"damage_taken":0.0},{"damage_healed":0.0,"max_hp_gain":0.0,"max_hp_loss":0.0,"gold_gain":75.0,"event_name":"World of Goop","player_choice":"Gather Gold","floor":11.0,"gold_loss":0.0,"damage_taken":11.0},{"damage_healed":0.0,"max_hp_gain":0.0,"max_hp_loss":0.0,"gold_gain":100.0,"event_name":"Golden Shrine","player_choice":"Pray","floor":13.0,"gold_loss":0.0,"damage_taken":0.0}],"is_beta":false,"boss_relics":[{"not_picked":["Black Star","Orrery"],"picked":"Inserter"}],"items_purged_floors":[21],"is_endless":false,"potions_floor_spawned":[10,16,22],"killed_by":"Gremlin Leader","ascension_level":7}