{"gold_per_floor":[213,213,225,225,35,35,54,88,88,88,13,43,43,65,65,140,140,159,179,79,79,79,79,98,98],"floor_reached":25,"playtime":796,"items_purged":["Blizzard","Strike_B"],"score":362,"play_id":"a9f926cd-01ca-4668-bfc0-a8c4da93c815","local_time":"20190808223455","is_ascension_mode":true,"campfire_choices":[{"data":"Apotheosis","floor":6,"key":"SMITH"},{"floor":10,"key":"REST"},{"floor":13,"key":"REST"},{"data":"Coolheaded","floor":15,"key":"SMITH"},{"floor":23,"key":"REST"}],"neow_cost":"NONE","seed_source_timestamp":270158087220931,"circlet_count":0,"master_deck":["AscendersBane","Strike_B","Strike_B","Strike_B+1","Defend_B","Defend_B","Defend_B","Defend_B+1","Zap","Dualcast","Sweeping Beam","Zap","Apotheosis+1","Undo","Coolheaded","Coolheaded+1","Core Surge","Loop","Shame","Reinforced Body+1"],"relics":["Cracked Core","Dodecahedron","Centennial Puzzle","Mercury Hourglass","Odd Mushroom","Black Star","DataDisk"],"potions_floor_usage":[16,25],"damage_taken":[{"damage":1,"enemies":"Cultist","floor":1,"turns":3},{"damage":6,"enemies":"Jaw Worm","floor":3,"turns":3},{"damage":0,"enemies":"Small Slimes","floor":7,"turns":3},{"damage":10,"enemies":"Lagavulin","floor":8,"turns":9},{"damage":14,"enemies":"3 Sentries","floor":12,"turns":6},{"damage":12,"enemies":"The Mushroom Lair","floor":14,"turns":3},{"damage":29,"enemies":"The Guardian","floor":16,"turns":12},{"damage":16,"enemies":"2 Thieves","floor":18,"turns":4},{"damage":10,"enemies":"Chosen","floor":19,"turns":4},{"damage":12,"enemies":"Shelled Parasite and Fungi","floor":24,"turns":10},{"damage":40,"enemies":"Slavers","floor":25,"turns":3}],"seed_played":"3007242798399145051","potions_obtained":[{"floor":3,"key":"Dexterity Potion"},{"floor":7,"key":"LiquidBronze"},{"floor":16,"key":"Swift Potion"}],"is_trial":false,"path_per_floor":["M","?","M","?","$","R","M","E","T","R","$","E","R","?","R","B",null,"M","M","$","?","?","R","M","E"],"character_chosen":"DEFECT","items_purchased":["Apotheosis"],"campfire_rested":3,"item_purchase_floors":[5],"current_hp_per_floor":[63,42,36,36,36,36,36,26,26,47,47,33,54,42,42,13,57,41,31,31,31,31,52,40,0],"gold":98,"neow_bonus":"HUNDRED_GOLD","is_prod":false,"is_daily":false,"chose_seed":false,"campfire_upgraded":2,"win_rate":0,"timestamp":1565318095,"path_taken":["M","?","M","?","$","R","?","E","T","R","$","E","R","?","R","BOSS","M","M","$","?","?","R","M","E"],"build_version":"2019-07-17","purchased_purges":2,"victory":false,"max_hp_per_floor":[71,71,71,71,71,71,71,71,71,71,71,71,71,71,71,71,71,71,71,71,71,71,71,71,71],"card_choices":[{"not_picked":["Turbo","Stack","Tempest"],"picked":"SKIP","floor":1},{"not_picked":["Stack","Cold Snap"],"picked":"Sweeping Beam","floor":3},{"not_picked":["Buffer","Steam"],"picked":"Undo","floor":7},{"not_picked":["Tempest","Fusion","Gash"],"picked":"SKIP","floor":8},{"not_picked":["Beam Cell","Cold Snap"],"picked":"Coolheaded","floor":12},{"not_picked":["Chill","Streamline"],"picked":"Coolheaded","floor":14},{"not_picked":["Reboot","Amplify"],"picked":"Core Surge","floor":16},{"not_picked":["Streamline","Conserve Battery","Turbo"],"picked":"SKIP","floor":18},{"not_picked":["Aggregate","Darkness"],"picked":"Loop","floor":19},{"not_picked":["Stack","Ball Lightning"],"picked":"Reinforced Body+1","floor":24}],"player_experience":766884,"relics_obtained":[{"floor":8,"key":"Dodecahedron"},{"floor":9,"key":"Centennial Puzzle"},{"floor":12,"key":"Mercury Hourglass"},{"floor":14,"key":"Odd Mushroom"}],"event_choices":[{"damage_healed":0,"gold_gain":0,"player_choice":"Entered Light","damage_taken":21,"max_hp_gain":0,"max_hp_loss":0,"event_name":"Shining Light","floor":2,"gold_loss":0,"cards_upgraded":["Defend_B","Strike_B"]},{"damage_healed":0,"gold_gain":0,"player_choice":"2 cards matched","damage_taken":0,"max_hp_gain":0,"max_hp_loss":0,"event_name":"Match and Keep!","floor":4,"gold_loss":0,"cards_obtained":["Blizzard","Zap"]},{"damage_healed":0,"gold_gain":0,"player_choice":"Fought Mushrooms","damage_taken":0,"max_hp_gain":0,"max_hp_loss":0,"event_name":"Mushrooms","floor":14,"gold_loss":0},{"damage_healed":0,"gold_gain":0,"player_choice":"Stole Relic","damage_taken":0,"relics_obtained":["DataDisk"],"max_hp_gain":0,"max_hp_loss":0,"event_name":"Addict","floor":21,"gold_loss":0,"cards_obtained":["Shame"]},{"damage_healed":0,"gold_gain":0,"player_choice":"Ignored","damage_taken":0,"max_hp_gain":0,"max_hp_loss":0,"event_name":"The Mausoleum","floor":22,"gold_loss":0}],"is_beta":false,"boss_relics":[{"not_picked":["Orrery","Nuclear Battery"],"picked":"Black Star"}],"items_purged_floors":[11,20],"is_endless":false,"potions_floor_spawned":[3,7,12,16,19],"killed_by":"Slavers","ascension_level":15}