{"gold_per_floor":[214,228,228,74,91,123,123,141,141,173,184,200,215,250,250,346,346,365,640,3,21,21,21,51,51,51,62,62,79,96,110,110,212,212,223,223,323,323,335,366,366,10,63,63,75,75,0,51,51,51],"floor_reached":51,"playtime":4262,"items_purged":[],"score":750,"play_id":"860c0a9b-376f-41a5-a87c-2fe758273574","local_time":"20190812171717","is_ascension_mode":true,"campfire_choices":[{"data":"Dagger Spray","floor":7,"key":"SMITH"},{"data":"Dagger Spray","floor":15,"key":"SMITH"},{"data":"Bouncing Flask","floor":23,"key":"SMITH"},{"data":"Infinite Blades","floor":25,"key":"SMITH"},{"data":"Caltrops","floor":28,"key":"SMITH"},{"data":"Phantasmal Killer","floor":32,"key":"SMITH"},{"data":"A Thousand Cuts","floor":41,"key":"SMITH"},{"data":"After Image","floor":46,"key":"SMITH"},{"data":"After Image","floor":49,"key":"SMITH"}],"neow_cost":"NONE","seed_source_timestamp":29407391699662,"circlet_count":0,"master_deck":["Survivor","Neutralize+1","Crippling Poison","Dagger Spray+1","Dodge and Roll","Terror","Flying Knee+1","Dagger Spray+1","Bouncing Flask+1","Leg Sweep","Footwork","Bullet Time","Deflect","Underhanded Strike+1","After Image+1","Bullet Time","Noxious Fumes","After Image+1","Phantasmal Killer+1","Deflect","Prepared","Regret","Caltrops+1","Bane+1","Infinite Blades+1","Infinite Blades+1","Endless Agony+1","Well Laid Plans","A Thousand Cuts+1","Noxious Fumes+1","Writhe","Backflip+1","Predator+1","Blur+1","Dodge and Roll+1"],"relics":["Ring of the Serpent","Bronze Scales","Meat on the Bone","Bird Faced Urn","Ginger","Lantern","Pandora\u0027s Box","Kunai","Whetstone","Sling","The Specimen","Sundial","Tingsha","Dodecahedron","Happy Flower","OrangePellets","Red Mask","Thread and Needle"],"potions_floor_usage":[10,11,13,16,24,27,35,39,39,40,50,50],"damage_taken":[{"damage":0,"enemies":"Cultist","floor":1,"turns":4},{"damage":0,"enemies":"2 Louse","floor":2,"turns":4},{"damage":0,"enemies":"Jaw Worm","floor":5,"turns":5},{"damage":59,"enemies":"Lagavulin","floor":6,"turns":12},{"damage":3,"enemies":"Large Slime","floor":8,"turns":8},{"damage":6,"enemies":"3 Sentries","floor":10,"turns":4},{"damage":0,"enemies":"Exordium Thugs","floor":11,"turns":4},{"damage":9,"enemies":"2 Fungi Beasts","floor":12,"turns":2},{"damage":0,"enemies":"3 Louse","floor":13,"turns":3},{"damage":4,"enemies":"Lagavulin","floor":14,"turns":7},{"damage":6,"enemies":"Hexaghost","floor":16,"turns":9},{"damage":16,"enemies":"Shell Parasite","floor":18,"turns":5},{"damage":34,"enemies":"Spheric Guardian","floor":21,"turns":5},{"damage":23,"enemies":"Book of Stabbing","floor":24,"turns":4},{"damage":1,"enemies":"Snake Plant","floor":27,"turns":4},{"damage":12,"enemies":"Centurion and Healer","floor":29,"turns":5},{"damage":15,"enemies":"Snecko","floor":30,"turns":5},{"damage":16,"enemies":"Chosen and Byrds","floor":31,"turns":5},{"damage":8,"enemies":"Automaton","floor":33,"turns":8},{"damage":10,"enemies":"Orb Walker","floor":35,"turns":3},{"damage":7,"enemies":"Mind Bloom Boss Battle","floor":37,"turns":5},{"damage":49,"enemies":"3 Darklings","floor":39,"turns":5},{"damage":14,"enemies":"Reptomancer","floor":40,"turns":5},{"damage":17,"enemies":"Spire Growth","floor":45,"turns":5},{"damage":47,"enemies":"2 Orb Walkers","floor":48,"turns":4},{"damage":19,"enemies":"Awakened One","floor":50,"turns":10}],"seed_played":"-9081424568519411799","potions_obtained":[{"floor":2,"key":"Weak Potion"},{"floor":6,"key":"Fire Potion"},{"floor":8,"key":"Explosive Potion"},{"floor":10,"key":"Poison Potion"},{"floor":11,"key":"EssenceOfSteel"},{"floor":16,"key":"FearPotion"},{"floor":24,"key":"SkillPotion"},{"floor":27,"key":"Weak Potion"},{"floor":29,"key":"Energy Potion"},{"floor":31,"key":"Dexterity Potion"},{"floor":33,"key":"AttackPotion"},{"floor":39,"key":"Energy Potion"},{"floor":40,"key":"Strength Potion"},{"floor":48,"key":"SkillPotion"}],"is_trial":false,"path_per_floor":["M","M","?","$","M","E","R","M","T","E","M","M","M","E","R","B",null,"M","?","$","M","?","R","E","R","T","M","R","M","M","M","R","B",null,"M","?","?","?","M","E","R","$","T","$","M","R","?","?","R","B",null],"character_chosen":"THE_SILENT","items_purchased":["Bronze Scales","Kunai","Whetstone","Sling","Caltrops","Happy Flower","OrangePellets"],"campfire_rested":0,"item_purchase_floors":[4,20,20,20,20,42,42],"current_hp_per_floor":[70,70,70,70,70,11,11,20,20,26,38,41,41,39,39,47,70,58,58,58,44,44,44,39,39,39,48,48,46,41,47,47,55,70,64,70,67,67,43,47,47,47,47,47,50,50,50,33,33,46],"gold":51,"neow_bonus":"HUNDRED_GOLD","is_prod":false,"is_daily":false,"chose_seed":false,"campfire_upgraded":9,"win_rate":0,"timestamp":1565648237,"path_taken":["M","M","?","$","M","E","R","M","T","E","M","M","M","E","R","BOSS","M","?","?","?","?","R","E","R","T","M","R","?","M","M","R","BOSS","M","?","?","?","M","E","R","$","T","?","M","R","?","?","R","BOSS"],"build_version":"2019-07-17","purchased_purges":0,"victory":true,"max_hp_per_floor":[70,70,70,70,70,70,70,70,70,70,70,70,70,70,70,70,70,70,70,70,70,70,70,70,70,70,70,70,70,70,70,70,70,70,70,70,70,70,70,70,70,70,70,70,70,70,70,70,70,70],"card_choices":[{"not_picked":["Deflect","All Out Attack"],"picked":"Crippling Poison","floor":1},{"not_picked":["Expertise","Crippling Poison"],"picked":"Dagger Spray","floor":2},{"not_picked":["Sucker Punch","Deflect"],"picked":"Dodge and Roll","floor":5},{"not_picked":["Expertise","Distraction"],"picked":"Terror","floor":6},{"not_picked":["Dodge and Roll","Deflect"],"picked":"Flying Knee","floor":8},{"not_picked":["Finisher","Prepared"],"picked":"Dagger Spray","floor":10},{"not_picked":["Crippling Poison","Reflex"],"picked":"Bouncing Flask","floor":11},{"not_picked":["After Image","Escape Plan"],"picked":"Leg Sweep","floor":12},{"not_picked":["PiercingWail","Noxious Fumes"],"picked":"Footwork","floor":13},{"not_picked":["Slice","Quick Slash","Blade Dance"],"picked":"SKIP","floor":14},{"not_picked":["Wraith Form v2","Phantasmal Killer"],"picked":"Bullet Time","floor":16},{"not_picked":["Slice+1","Cloak And Dagger","All Out Attack"],"picked":"SKIP","floor":18},{"not_picked":["Dagger Throw+1","Riddle With Holes+1"],"picked":"Bane+1","floor":21},{"not_picked":["Poisoned Stab","Doppelganger"],"picked":"Infinite Blades","floor":24},{"not_picked":["All Out Attack","Reflex","Dagger Spray"],"picked":"SKIP","floor":27},{"not_picked":["Expertise","Dagger Throw"],"picked":"Infinite Blades+1","floor":29},{"not_picked":["Dagger Throw","Reflex"],"picked":"Endless Agony+1","floor":30},{"not_picked":["Poisoned Stab","Deflect"],"picked":"Well Laid Plans","floor":31},{"not_picked":["After Image","Doppelganger"],"picked":"A Thousand Cuts","floor":33},{"not_picked":["Slice","Dagger Spray"],"picked":"Noxious Fumes+1","floor":35},{"not_picked":["Prepared+1","Terror+1"],"picked":"Backflip+1","floor":39},{"not_picked":["Prepared+1","Infinite Blades"],"picked":"Predator+1","floor":40},{"not_picked":["Acrobatics+1","Reflex+1"],"picked":"Blur+1","floor":45},{"not_picked":["Dash","Deflect+1"],"picked":"Dodge and Roll+1","floor":48}],"player_experience":129917,"relics_obtained":[{"floor":6,"key":"Meat on the Bone"},{"floor":9,"key":"Bird Faced Urn"},{"floor":10,"key":"Ginger"},{"floor":14,"key":"Lantern"},{"floor":24,"key":"The Specimen"},{"floor":26,"key":"Sundial"},{"floor":37,"key":"Tingsha"},{"floor":40,"key":"Dodecahedron"},{"floor":48,"key":"Thread and Needle"}],"event_choices":[{"damage_healed":0,"gold_gain":0,"player_choice":"Grow","damage_taken":0,"max_hp_gain":0,"max_hp_loss":0,"event_name":"Living Wall","floor":3,"gold_loss":0,"cards_upgraded":["Neutralize"]},{"damage_healed":0,"gold_gain":275,"player_choice":"Desecrate","damage_taken":0,"max_hp_gain":0,"max_hp_loss":0,"event_name":"Golden Shrine","floor":19,"gold_loss":0,"cards_obtained":["Regret"]},{"damage_healed":0,"gold_gain":0,"player_choice":"Ignored","damage_taken":0,"max_hp_gain":0,"max_hp_loss":0,"event_name":"Duplicator","floor":22,"gold_loss":0},{"damage_healed":18,"gold_gain":0,"player_choice":"Writhe","damage_taken":0,"max_hp_gain":0,"max_hp_loss":0,"event_name":"Winding Halls","floor":36,"gold_loss":0,"cards_obtained":["Writhe"]},{"damage_healed":0,"gold_gain":0,"player_choice":"Fight","damage_taken":0,"max_hp_gain":0,"max_hp_loss":0,"event_name":"MindBloom","floor":37,"gold_loss":0},{"cards_removed":["Dash"],"damage_healed":0,"gold_gain":0,"player_choice":"Removed Attack","damage_taken":0,"max_hp_gain":0,"max_hp_loss":0,"event_name":"Falling","floor":38,"gold_loss":0},{"damage_healed":0,"gold_gain":0,"player_choice":"Paid","damage_taken":0,"relics_obtained":["Red Mask"],"max_hp_gain":0,"max_hp_loss":0,"event_name":"Tomb of Lord Red Mask","floor":47,"gold_loss":75},{"damage_healed":0,"gold_gain":0,"player_choice":"Fight","damage_taken":0,"max_hp_gain":0,"max_hp_loss":0,"event_name":"Mysterious Sphere","floor":48,"gold_loss":0}],"is_beta":false,"boss_relics":[{"not_picked":["Runic Dome","Snecko Eye"],"picked":"Pandora\u0027s Box"},{"not_picked":["Velvet Choker","Eternal Feather"],"picked":"Ring of the Serpent"}],"items_purged_floors":[],"is_endless":false,"potions_floor_spawned":[2,6,8,10,11,16,24,27,29,31,33,39,40,48],"ascension_level":1}