{"gold_per_floor":[119,119,133,54,107,140,19,19,19,19,47,47,18,30,30,101,101,111,111,130,150,150,182,182,195,265,265,292,292,305,28,28,99,99,110,210,224,240,287,319,319,352,401,25,42,42,70,70,70,70,70],"floor_reached":51,"playtime":5529,"items_purged":["Writhe","Strike_G"],"score":1583,"play_id":"ec90e468-1fba-4574-9f4c-2d7f061a6120","local_time":"20190815001657","is_ascension_mode":true,"campfire_choices":[{"data":"Accuracy","floor":8.0,"key":"SMITH"},{"data":"Footwork","floor":10.0,"key":"SMITH"},{"floor":15.0,"key":"REST"},{"data":"Crippling Poison","floor":24.0,"key":"SMITH"},{"floor":27.0,"key":"REST"},{"floor":29.0,"key":"REST"},{"data":"Envenom","floor":32.0,"key":"SMITH"},{"floor":41.0,"key":"REST"},{"data":"After Image","floor":46.0,"key":"SMITH"},{"floor":49.0,"key":"RECALL"}],"neow_cost":"NONE","seed_source_timestamp":15384601781800,"circlet_count":0,"master_deck":["AscendersBane","Strike_G","Strike_G","Defend_G","Defend_G+1","Defend_G","Defend_G","Defend_G","Survivor","Neutralize","Blade Dance+1","Dash","Footwork+1","Storm of Steel","Accuracy+1","Reflex","Crippling Poison+1","Blade Dance","PiercingWail","Envenom+1","PiercingWail+1","Adrenaline","Calculated Gamble","Cloak And Dagger","Sadistic Nature","After Image+1","Accuracy","PiercingWail+1","Accuracy","Cloak And Dagger","Backflip+1","Bane","Wraith Form v2","PiercingWail"],"special_seed":0,"relics":["Ring of the Snake","NeowsBlessing","Mercury Hourglass","Paper Crane","Bottled Lightning","War Paint","Runic Pyramid","Lantern","Blood Vial","The Courier","Thread and Needle","Empty Cage","Turnip","The Specimen","Regal Pillow","Bird Faced Urn","Vajra","ClockworkSouvenir","Bronze Scales"],"potions_floor_usage":[],"damage_taken":[{"damage":0.0,"enemies":"Jaw Worm","floor":1.0,"turns":1.0},{"damage":0.0,"enemies":"Cultist","floor":3.0,"turns":1.0},{"damage":0.0,"enemies":"3 Sentries","floor":6.0,"turns":1.0},{"damage":29.0,"enemies":"Gremlin Nob","floor":11.0,"turns":4.0},{"damage":0.0,"enemies":"2 Louse","floor":14.0,"turns":3.0},{"damage":10.0,"enemies":"Slime Boss","floor":16.0,"turns":9.0},{"damage":0.0,"enemies":"3 Byrds","floor":18.0,"turns":4.0},{"damage":1.0,"enemies":"2 Thieves","floor":20.0,"turns":3.0},{"damage":12.0,"enemies":"Snecko","floor":21.0,"turns":5.0},{"damage":18.0,"enemies":"Gremlin Leader","floor":23.0,"turns":8.0},{"damage":24.0,"enemies":"Centurion and Healer","floor":25.0,"turns":4.0},{"damage":3.0,"enemies":"Book of Stabbing","floor":28.0,"turns":5.0},{"damage":0.0,"enemies":"Chosen and Byrds","floor":30.0,"turns":6.0},{"damage":9.0,"enemies":"Champ","floor":33.0,"turns":10.0},{"damage":0.0,"enemies":"Orb Walker","floor":35.0,"turns":4.0},{"damage":0.0,"enemies":"Mind Bloom Boss Battle","floor":36.0,"turns":5.0},{"damage":0.0,"enemies":"3 Darklings","floor":37.0,"turns":4.0},{"damage":1.0,"enemies":"Sphere and 2 Shapes","floor":38.0,"turns":6.0},{"damage":11.0,"enemies":"2 Orb Walkers","floor":39.0,"turns":5.0},{"damage":41.0,"enemies":"Reptomancer","floor":40.0,"turns":8.0},{"damage":0.0,"enemies":"Nemesis","floor":42.0,"turns":5.0},{"damage":9.0,"enemies":"Jaw Worm Horde","floor":45.0,"turns":3.0},{"damage":5.0,"enemies":"Giant Head","floor":47.0,"turns":7.0},{"damage":38.0,"enemies":"Donu and Deca","floor":50.0,"turns":9.0},{"damage":62,"enemies":"Awakened One","floor":51,"turns":10}],"seed_played":"-1090920467358128700","potions_obtained":[{"floor":2.0,"key":"Fire Potion"},{"floor":2.0,"key":"SkillPotion"},{"floor":14.0,"key":"GamblersBrew"},{"floor":18.0,"key":"GamblersBrew"},{"floor":20.0,"key":"Swift Potion"},{"floor":30.0,"key":"GamblersBrew"},{"floor":35.0,"key":"Block Potion"},{"floor":37.0,"key":"EssenceOfSteel"},{"floor":38.0,"key":"Strength Potion"},{"floor":42.0,"key":"EssenceOfSteel"},{"floor":45.0,"key":"Strength Potion"},{"floor":47.0,"key":"Fire Potion"}],"is_trial":false,"path_per_floor":["M","?","M","$","?","E","$","R","T","R","E","?","$","M","R","B",null,"M","?","M","M","?","E","R","M","T","R","E","R","M","$","R","B",null,"M","?","M","M","?","E","R","E","T","$","M","R","E","?","R","B","B"],"character_chosen":"THE_SILENT","items_purchased":["Footwork","Accuracy","Reflex","Blade Dance","Sadistic Nature","GhostInAJar","Vajra","ClockworkSouvenir"],"campfire_rested":4,"item_purchase_floors":[4,7,7,13,31,31,44,44],"current_hp_per_floor":[59,59,59,59,59,59,59,59,59,59,30,25,25,25,44,34,58,58,58,57,45,45,27,27,5,5,24,23,42,44,44,44,37,59,61,63,65,65,55,16,50,52,52,52,51,51,64,64,64,40,0],"gold":70,"neow_bonus":"THREE_ENEMY_KILL","is_prod":false,"is_daily":false,"chose_seed":false,"campfire_upgraded":5,"win_rate":0,"timestamp":1565821017,"path_taken":["M","?","?","$","?","E","$","R","T","R","E","?","?","M","R","BOSS","M","?","M","M","?","E","R","?","T","R","E","R","M","$","R","BOSS","M","?","M","M","?","E","R","E","T","$","M","R","E","?","R","BOSS","BOSS"],"build_version":"2019-07-17","purchased_purges":2,"victory":false,"max_hp_per_floor":[66,66,66,66,66,66,66,66,66,66,66,66,66,66,66,66,66,66,66,66,66,66,66,66,66,66,66,66,66,66,66,66,66,66,66,66,66,66,66,66,66,66,66,66,66,66,66,66,66,66,66],"card_choices":[{"not_picked":["Escape Plan","Dagger Throw"],"picked":"Blade Dance","floor":1.0},{"not_picked":["Blur","Backstab"],"picked":"Dash","floor":3.0},{"not_picked":["Dagger Throw","Die Die Die"],"picked":"Storm of Steel","floor":6.0},{"not_picked":["Setup","Backflip"],"picked":"Crippling Poison","floor":11.0},{"not_picked":["Endless Agony","Backflip"],"picked":"PiercingWail","floor":14.0},{"not_picked":["Malaise","Doppelganger"],"picked":"Envenom","floor":16.0},{"not_picked":["Dodge and Roll","Heel Hook"],"picked":"PiercingWail+1","floor":18.0},{"not_picked":["Cloak And Dagger","Setup","All Out Attack"],"picked":"SKIP","floor":20.0},{"not_picked":["Blade Dance","Deflect+1","Bouncing Flask"],"picked":"SKIP","floor":21.0},{"not_picked":["Flechettes","Unload"],"picked":"Calculated Gamble","floor":23.0},{"not_picked":["Infinite Blades+1","Choke"],"picked":"Cloak And Dagger","floor":25.0},{"not_picked":["Prepared","Heel Hook","Bouncing Flask"],"picked":"SKIP","floor":28.0},{"not_picked":["Distraction","Outmaneuver","Deflect"],"picked":"SKIP","floor":30.0},{"not_picked":["Glass Knife","Die Die Die"],"picked":"After Image","floor":33.0},{"not_picked":["Backflip","Slice"],"picked":"Accuracy","floor":35.0},{"not_picked":["Quick Slash+1","Slice"],"picked":"PiercingWail+1","floor":36.0},{"not_picked":["Crippling Poison+1","Caltrops+1","Backstab"],"picked":"SKIP","floor":37.0},{"not_picked":["Distraction","Unload"],"picked":"Accuracy","floor":38.0},{"not_picked":["Quick Slash","Infinite Blades"],"picked":"Cloak And Dagger","floor":39.0},{"not_picked":["Setup","Footwork"],"picked":"Backflip+1","floor":40.0},{"not_picked":["Tactician","Dagger Throw+1"],"picked":"Bane","floor":42.0},{"not_picked":["Backflip+1","Backstab+1"],"picked":"Wraith Form v2","floor":45.0},{"not_picked":["Well Laid Plans","Backflip"],"picked":"PiercingWail","floor":47.0}],"player_experience":992906,"relics_obtained":[{"floor":6.0,"key":"Mercury Hourglass"},{"floor":9.0,"key":"Paper Crane"},{"floor":11.0,"key":"Bottled Lightning"},{"floor":23.0,"key":"Blood Vial"},{"floor":26.0,"key":"The Courier"},{"floor":28.0,"key":"Thread and Needle"},{"floor":36.0,"key":"Turnip"},{"floor":39.0,"key":"The Specimen"},{"floor":40.0,"key":"Regal Pillow"},{"floor":42.0,"key":"Bird Faced Urn"},{"floor":47.0,"key":"Bronze Scales"}],"event_choices":[{"damage_healed":0.0,"max_hp_gain":0.0,"max_hp_loss":0.0,"gold_gain":0.0,"event_name":"Lab","player_choice":"Got Potions","floor":2.0,"gold_loss":0.0,"damage_taken":0.0},{"damage_healed":0.0,"max_hp_gain":0.0,"max_hp_loss":0.0,"gold_gain":53.0,"event_name":"Golden Wing","player_choice":"Gained Gold","floor":5.0,"gold_loss":0.0,"damage_taken":0.0},{"damage_healed":0.0,"max_hp_gain":0.0,"max_hp_loss":0.0,"gold_gain":0.0,"event_name":"Scrap Ooze","player_choice":"Success","floor":12.0,"gold_loss":0.0,"damage_taken":5.0,"relics_obtained":["War Paint"]},{"damage_healed":0.0,"max_hp_gain":0.0,"max_hp_loss":0.0,"gold_gain":0.0,"event_name":"The Mausoleum","player_choice":"Opened","floor":19.0,"gold_loss":0.0,"damage_taken":0.0,"relics_obtained":["Lantern"],"cards_obtained":["Writhe"]},{"damage_healed":0.0,"max_hp_gain":0.0,"max_hp_loss":0.0,"gold_gain":0.0,"event_name":"The Library","player_choice":"Read","floor":22.0,"gold_loss":0.0,"damage_taken":0.0,"cards_obtained":["Adrenaline"]},{"damage_healed":0.0,"max_hp_gain":0.0,"max_hp_loss":0.0,"gold_gain":0.0,"event_name":"MindBloom","player_choice":"Fight","floor":36.0,"gold_loss":0.0,"damage_taken":0.0},{"damage_healed":0.0,"max_hp_gain":0.0,"max_hp_loss":0.0,"gold_gain":0.0,"event_name":"Mysterious Sphere","player_choice":"Fight","floor":39.0,"gold_loss":0.0,"damage_taken":0.0},{"damage_healed":0.0,"max_hp_gain":0.0,"max_hp_loss":0.0,"gold_gain":0.0,"event_name":"SensoryStone","player_choice":"Memory 1","floor":48.0,"gold_loss":0.0,"damage_taken":0.0}],"is_beta":false,"boss_relics":[{"not_picked":["WristBlade","Tiny House"],"picked":"Runic Pyramid"},{"not_picked":["HoveringKite","Black Star"],"picked":"Empty Cage"}],"items_purged_floors":[31,44],"is_endless":false,"potions_floor_spawned":[3,14,18,20,30,35,37,38,42,45,47],"killed_by":"Awakened One","ascension_level":20}