{"gold_per_floor":[117,48,61,8,8,34,53,53,77,88,118,130,149,178,178,274,274,288,288,298,313,368,368,145,145],"floor_reached":25,"playtime":1139,"items_purged":["Strike_R"],"score":397,"play_id":"8967f100-45d7-4a9f-b191-e8210ee99162","local_time":"20190516184401","is_ascension_mode":true,"campfire_choices":[{"data":"True Grit","floor":8,"key":"SMITH"},{"data":"Armaments","floor":15,"key":"SMITH"},{"floor":23,"key":"REST"}],"neow_cost":"NONE","seed_source_timestamp":159142010405233,"circlet_count":0,"master_deck":["AscendersBane","Strike_R","Strike_R","Strike_R","Strike_R","Defend_R","Defend_R","Defend_R","Defend_R","Bash","Feed","Carnage","True Grit+1","Clothesline","Uppercut","Shrug It Off","Flame Barrier","Metallicize","Armaments+1","Clothesline","Feed","Entrench+1","Metallicize+1","Mayhem"],"relics":["Burning Blood","NeowsBlessing","Anchor","Pen Nib","Calipers","Red Skull","Nloth\u0027s Gift","Smiling Mask"],"potions_floor_usage":[11,25,25,25,25,25],"damage_taken":[{"damage":0,"enemies":"Cultist","floor":1,"turns":1},{"damage":0,"enemies":"2 Louse","floor":3,"turns":2},{"damage":0,"enemies":"Lagavulin","floor":6,"turns":1},{"damage":3,"enemies":"Jaw Worm","floor":7,"turns":5},{"damage":16,"enemies":"3 Louse","floor":10,"turns":5},{"damage":13,"enemies":"Gremlin Nob","floor":11,"turns":3},{"damage":15,"enemies":"2 Fungi Beasts","floor":12,"turns":4},{"damage":15,"enemies":"Large Slime","floor":13,"turns":9},{"damage":29,"enemies":"Lagavulin","floor":14,"turns":10},{"damage":24,"enemies":"The Guardian","floor":16,"turns":13},{"damage":19,"enemies":"Shell Parasite","floor":18,"turns":12},{"damage":47,"enemies":"Chosen","floor":20,"turns":8},{"damage":21,"enemies":"Snake Plant","floor":21,"turns":5},{"damage":59,"enemies":"Book of Stabbing","floor":25,"turns":8}],"seed_played":"-5848947185841162405","potions_obtained":[{"floor":3,"key":"SpeedPotion"},{"floor":5,"key":"Poison Potion"},{"floor":5,"key":"EntropicBrew"},{"floor":11,"key":"SpeedPotion"},{"floor":12,"key":"EssenceOfSteel"},{"floor":14,"key":"Weak Potion"}],"is_trial":false,"path_per_floor":["M","$","M","$","?","E","M","R","T","M","E","M","M","E","R","B",null,"M","?","M","M","T","R","$","E"],"character_chosen":"IRONCLAD","items_purchased":["Feed","True Grit","Mayhem"],"campfire_rested":1,"item_purchase_floors":[2,4,24],"current_hp_per_floor":[78,78,83,83,83,86,89,89,89,82,75,69,63,44,44,26,83,74,74,33,21,21,53,53,0],"gold":145,"neow_bonus":"THREE_ENEMY_KILL","is_prod":false,"is_daily":false,"chose_seed":false,"campfire_upgraded":2,"win_rate":0,"timestamp":1558046641,"path_taken":["M","?","M","$","?","E","?","R","T","M","E","M","M","E","R","BOSS","M","?","?","M","?","R","?","E"],"build_version":"2019-01-23","purchased_purges":1,"victory":false,"max_hp_per_floor":[80,80,83,83,83,86,89,89,89,92,92,95,98,102,102,102,102,106,106,106,109,109,109,109,109],"card_choices":[{"not_picked":["Body Slam","Sword Boomerang","Infernal Blade"],"picked":"SKIP","floor":1},{"not_picked":["Rupture","Fire Breathing"],"picked":"Carnage","floor":3},{"not_picked":["Wild Strike","Hemokinesis"],"picked":"Clothesline","floor":6},{"not_picked":["Dual Wield","Wild Strike"],"picked":"Uppercut","floor":7},{"not_picked":["Thunderclap","Warcry"],"picked":"Shrug It Off","floor":10},{"not_picked":["Dual Wield","Clash"],"picked":"Flame Barrier","floor":11},{"not_picked":["Body Slam","Combust"],"picked":"Metallicize","floor":12},{"not_picked":["Rupture","Twin Strike"],"picked":"Armaments","floor":13},{"not_picked":["Warcry","Ghostly Armor"],"picked":"Clothesline","floor":14},{"not_picked":["Berserk","Demon Form"],"picked":"Feed","floor":16},{"not_picked":["Body Slam","Uppercut"],"picked":"Entrench+1","floor":18},{"not_picked":["Hemokinesis","Iron Wave","Armaments"],"picked":"SKIP","floor":20},{"not_picked":["Cleave","Reckless Charge"],"picked":"Metallicize+1","floor":21}],"player_experience":395561,"relics_obtained":[{"floor":6,"key":"Anchor"},{"floor":9,"key":"Pen Nib"},{"floor":11,"key":"Calipers"},{"floor":14,"key":"Red Skull"},{"floor":22,"key":"Smiling Mask"}],"event_choices":[{"damage_healed":0,"gold_gain":0,"player_choice":"Got Potions","damage_taken":0,"max_hp_gain":0,"max_hp_loss":0,"event_name":"Lab","floor":5,"gold_loss":0},{"damage_healed":0,"gold_gain":0,"player_choice":"Traded Relic","damage_taken":0,"relics_obtained":["Nloth\u0027s Gift"],"max_hp_gain":0,"max_hp_loss":0,"event_name":"N\u0027loth","floor":19,"relics_lost":["Runic Pyramid"],"gold_loss":0}],"is_beta":false,"boss_relics":[{"not_picked":["Astrolabe","Orrery"],"picked":"Runic Pyramid"}],"items_purged_floors":[24],"is_endless":false,"potions_floor_spawned":[3,7,11,12,14,18,21],"killed_by":"Book of Stabbing","ascension_level":10}