{"gold_per_floor":[114,130,141,157,157,157,184,184,184,184,194,194,39,39,39,144,144,156,174,188,208,208],"floor_reached":22,"playtime":5370,"items_purged":["Strike_G"],"score":188,"play_id":"27724e42-b51b-411f-9e9f-a25cf4b40c6b","local_time":"20190817194025","is_ascension_mode":false,"campfire_choices":[{"data":"Neutralize","floor":6,"key":"SMITH"},{"floor":8,"key":"REST"},{"data":"Night Terror","floor":12,"key":"SMITH"},{"data":"Noxious Fumes","floor":15,"key":"SMITH"}],"neow_cost":"NONE","seed_source_timestamp":147374201460200,"circlet_count":0,"master_deck":["Strike_G+1","Strike_G","Strike_G","Strike_G","Defend_G","Defend_G","Defend_G","Defend_G","Defend_G","Survivor+1","Neutralize+1","Escape Plan","Choke","Night Terror+1","Noxious Fumes+1","Envenom","Prepared+1"],"relics":["Velvet Choker","Tough Bandages","Sundial","Busted Crown"],"potions_floor_usage":[7],"damage_taken":[{"damage":0,"enemies":"Small Slimes","floor":1,"turns":6},{"damage":3,"enemies":"Jaw Worm","floor":2,"turns":4},{"damage":0,"enemies":"Cultist","floor":3,"turns":5},{"damage":15,"enemies":"Exordium Thugs","floor":4,"turns":6},{"damage":14,"enemies":"Gremlin Nob","floor":7,"turns":5},{"damage":0,"enemies":"Large Slime","floor":11,"turns":5},{"damage":14,"enemies":"Slime Boss","floor":16,"turns":10},{"damage":0,"enemies":"Chosen","floor":18,"turns":6},{"damage":39,"enemies":"Spheric Guardian","floor":19,"turns":7},{"damage":7,"enemies":"Centurion and Healer","floor":20,"turns":7},{"damage":11,"enemies":"Cultist and Chosen","floor":21,"turns":6},{"damage":20,"enemies":"Snake Plant","floor":22,"turns":4}],"seed_played":"6211237197362099897","potions_obtained":[{"floor":4,"key":"Weak Potion"},{"floor":7,"key":"Strength Potion"},{"floor":11,"key":"Swift Potion"},{"floor":16,"key":"Block Potion"},{"floor":20,"key":"Explosive Potion"}],"is_trial":false,"path_per_floor":["M","M","M","M","?","R","E","R","T","?","M","R","$","?","R","B",null,"M","M","M","M","M"],"character_chosen":"THE_SILENT","items_purchased":["Noxious Fumes"],"campfire_rested":1,"item_purchase_floors":[13],"current_hp_per_floor":[70,67,67,52,38,38,24,45,45,50,50,50,50,50,50,36,75,75,36,29,18,0],"gold":208,"neow_bonus":"BOSS_RELIC","is_prod":false,"is_daily":false,"chose_seed":false,"campfire_upgraded":3,"win_rate":0.0,"timestamp":1566096025,"path_taken":["M","M","M","M","?","R","E","R","T","?","M","R","$","?","R","BOSS","M","M","M","M","M"],"build_version":"2019-07-17","purchased_purges":1,"victory":false,"max_hp_per_floor":[70,70,70,70,70,70,70,70,70,75,75,75,75,75,75,75,75,75,75,75,75,75],"card_choices":[{"not_picked":["Quick Slash","Slice","Endless Agony"],"picked":"SKIP","floor":1},{"not_picked":["Predator","Endless Agony"],"picked":"Escape Plan","floor":2},{"not_picked":["Heel Hook","Deflect","Slice"],"picked":"SKIP","floor":3},{"not_picked":["Heel Hook","Dagger Spray"],"picked":"Choke","floor":4},{"not_picked":["Sucker Punch","Acrobatics","Flying Knee"],"picked":"SKIP","floor":7},{"not_picked":["Well Laid Plans","Poisoned Stab"],"picked":"Night Terror","floor":11},{"not_picked":["Venomology","Bullet Time"],"picked":"Envenom","floor":16},{"not_picked":[],"picked":"Prepared+1","floor":18},{"not_picked":["Flying Knee"],"picked":"SKIP","floor":19},{"not_picked":["Acrobatics+1"],"picked":"SKIP","floor":20},{"not_picked":["Sucker Punch"],"picked":"SKIP","floor":21}],"player_experience":177549,"relics_obtained":[{"floor":7,"key":"Tough Bandages"},{"floor":9,"key":"Sundial"}],"event_choices":[{"damage_healed":0,"gold_gain":0,"player_choice":"Entered Light","damage_taken":14,"max_hp_gain":0,"max_hp_loss":0,"event_name":"Shining Light","floor":5,"gold_loss":0,"cards_upgraded":["Survivor","Strike_G"]},{"damage_healed":0,"gold_gain":0,"player_choice":"Donut","damage_taken":0,"max_hp_gain":5,"max_hp_loss":0,"event_name":"Big Fish","floor":10,"gold_loss":0},{"damage_healed":0,"gold_gain":0,"player_choice":"Ignored","damage_taken":0,"max_hp_gain":0,"max_hp_loss":0,"event_name":"Liars Game","floor":14,"gold_loss":0}],"is_beta":false,"boss_relics":[{"not_picked":["Ectoplasm","Philosopher\u0027s Stone"],"picked":"Busted Crown"}],"items_purged_floors":[13],"is_endless":false,"potions_floor_spawned":[4,7,11,16,20,21],"killed_by":"Snake Plant","ascension_level":0}