{"gold_per_floor":[218,229,404,414,80,108,108,58,82,112,130,130,146,174,174,279,279,289,108,108,118,118,131,131,141,168,118,118,118],"floor_reached":29,"playtime":842,"items_purged":["Doubt","Defend_R"],"score":256,"play_id":"4601f79b-e048-4538-8a70-849a5f48a72a","local_time":"20190110001504","is_ascension_mode":true,"campfire_choices":[{"floor":7,"key":"REST"},{"floor":12,"key":"REST"},{"floor":15,"key":"REST"},{"floor":24,"key":"REST"},{"floor":28,"key":"REST"}],"neow_cost":"NONE","seed_source_timestamp":109176799015101,"circlet_count":0,"master_deck":["Strike_R","Strike_R","Strike_R","Strike_R","Strike_R","Defend_R","Defend_R","Bash","Rupture","Flex","Perfected Strike","Metallicize","Berserk","Perfected Strike","Armaments","Brutality+1","Perfected Strike","Finesse","Pommel Strike+1","Intimidate","Corruption+1"],"relics":["Burning Blood","Shuriken","Happy Flower","Dodecahedron","Frozen Egg 2","Runic Cube","Enchiridion","Oddly Smooth Stone"],"potions_floor_usage":[16,16,16,18,21,29],"damage_taken":[{"damage":7,"enemies":"Jaw Worm","floor":1,"turns":3},{"damage":12,"enemies":"Small Slimes","floor":2,"turns":4},{"damage":11,"enemies":"Cultist","floor":4,"turns":4},{"damage":54,"enemies":"Lagavulin","floor":6,"turns":6},{"damage":15,"enemies":"Blue Slaver","floor":11,"turns":3},{"damage":15,"enemies":"Exordium Thugs","floor":13,"turns":4},{"damage":27,"enemies":"3 Sentries","floor":14,"turns":6},{"damage":17,"enemies":"Slime Boss","floor":16,"turns":8},{"damage":15,"enemies":"Spheric Guardian","floor":18,"turns":3},{"damage":29,"enemies":"2 Thieves","floor":21,"turns":3},{"damage":26,"enemies":"Cultist and Chosen","floor":23,"turns":6},{"damage":25,"enemies":"Snecko","floor":25,"turns":4},{"damage":42,"enemies":"Book of Stabbing","floor":29,"turns":4}],"seed_played":"5566434778428223966","potions_obtained":[{"floor":1,"key":"Explosive Potion"},{"floor":11,"key":"EntropicBrew"},{"floor":14,"key":"FearPotion"},{"floor":25,"key":"Swift Potion"}],"is_trial":false,"path_per_floor":["M","M","?","M","$","E","R","?","T","?","M","R","M","E","R","B",null,"M","$","?","M","?","M","R","M","T","?","R","E"],"character_chosen":"IRONCLAD","items_purchased":["Shuriken","Finesse"],"campfire_rested":5,"item_purchase_floors":[5,19],"current_hp_per_floor":[79,73,73,68,68,20,44,44,44,44,35,59,50,29,53,42,80,71,71,55,32,32,12,36,17,17,17,41,0],"gold":118,"neow_bonus":"HUNDRED_GOLD","is_prod":false,"is_daily":false,"chose_seed":false,"campfire_upgraded":0,"win_rate":0,"timestamp":1547097304,"path_taken":["M","M","?","M","$","E","R","?","T","?","M","R","M","E","R","BOSS","M","$","?","M","?","M","R","M","T","?","R","E"],"build_version":"2019-01-03v4","purchased_purges":2,"victory":false,"max_hp_per_floor":[80,80,80,80,80,80,80,80,80,80,80,80,80,80,80,80,80,80,80,80,80,80,80,80,80,80,80,80,80],"card_choices":[{"not_picked":["Sentinel","Cleave"],"picked":"Rupture","floor":1},{"not_picked":["Battle Trance","Sentinel"],"picked":"Flex","floor":2},{"not_picked":["Flex","Carnage"],"picked":"Perfected Strike","floor":4},{"not_picked":["Evolve","Flex"],"picked":"Metallicize","floor":6},{"not_picked":["Shrug It Off","Reckless Charge"],"picked":"Berserk","floor":11},{"not_picked":["Heavy Blade","Shrug It Off"],"picked":"Perfected Strike","floor":13},{"not_picked":["Searing Blow","Pummel"],"picked":"Armaments","floor":14},{"not_picked":["Exhume","Demon Form+1"],"picked":"Brutality+1","floor":16},{"not_picked":["Warcry","Inflame+1"],"picked":"Perfected Strike","floor":18},{"not_picked":["Searing Blow","Headbutt"],"picked":"Pommel Strike+1","floor":21},{"not_picked":["Entrench","Thunderclap+1"],"picked":"Intimidate","floor":23},{"not_picked":["True Grit","Dropkick"],"picked":"Corruption+1","floor":25}],"player_experience":250838,"relics_obtained":[{"floor":6,"key":"Happy Flower"},{"floor":14,"key":"Frozen Egg 2"},{"floor":20,"key":"Enchiridion"},{"floor":26,"key":"Oddly Smooth Stone"}],"event_choices":[{"damage_healed":0,"gold_gain":175,"player_choice":"AGREE","damage_taken":0,"max_hp_gain":0,"max_hp_loss":0,"event_name":"Liars Game","floor":3,"gold_loss":0,"cards_obtained":["Doubt"]},{"cards_removed":["Defend_R"],"damage_healed":0,"gold_gain":0,"player_choice":"Card Removal","damage_taken":0,"max_hp_gain":0,"max_hp_loss":0,"event_name":"The Cleric","floor":8,"gold_loss":50},{"damage_healed":0,"gold_gain":30,"player_choice":"Searched \u00272\u0027 times","damage_taken":0,"relics_obtained":["Dodecahedron"],"max_hp_gain":0,"max_hp_loss":0,"event_name":"Dead Adventurer","floor":10,"gold_loss":0},{"damage_healed":0,"gold_gain":0,"player_choice":"Obtained Book","damage_taken":16,"max_hp_gain":0,"max_hp_loss":0,"event_name":"Cursed Tome","floor":20,"gold_loss":0},{"damage_healed":0,"gold_gain":0,"player_choice":"Ignored","damage_taken":0,"max_hp_gain":0,"max_hp_loss":0,"event_name":"Ghosts","floor":22,"gold_loss":0},{"damage_healed":0,"gold_gain":0,"player_choice":"Bet on Owner","damage_taken":0,"max_hp_gain":0,"max_hp_loss":0,"event_name":"The Joust","floor":27,"gold_loss":50}],"is_beta":false,"boss_relics":[{"not_picked":["Calling Bell","Pandora\u0027s Box"],"picked":"Runic Cube"}],"items_purged_floors":[5,19],"is_endless":false,"potions_floor_spawned":[1,11,14,16,25],"killed_by":"Book of Stabbing","ascension_level":2}