{"gold_per_floor":[119,132,150,166,3,3,33,58,82,32,42,42,42,69,81,195,207,233,257,269,281,393,405,442,454,490,535,547,607,632,182,182,286,286,303,17,17,17,17],"floor_reached":40,"playtime":2023,"items_purged":["Defend_R"],"score":711,"play_id":"2d047be9-8c62-40ac-8650-860c8faf870f","local_time":"20190601132145","is_ascension_mode":true,"campfire_choices":[{"data":"Armaments","floor":6,"key":"SMITH"},{"data":"Uppercut","floor":12,"key":"SMITH"},{"data":"Flex","floor":15,"key":"SMITH"},{"data":"Feed","floor":23,"key":"SMITH"},{"data":"Pommel Strike","floor":25,"key":"SMITH"},{"data":"Limit Break","floor":28,"key":"SMITH"},{"floor":32,"key":"REST"}],"neow_cost":"NONE","seed_source_timestamp":44726314108767,"circlet_count":0,"master_deck":["Strike_R","Strike_R","Strike_R","Defend_R","Defend_R","Defend_R","Bash+1","Iron Wave","Pommel Strike+1","Armaments+1","Uppercut+1","Reaper","Flex+1","True Grit","Pommel Strike","Feed+1","Flex","Twin Strike+1","RitualDagger","Twin Strike+1","Dropkick+1","Limit Break+1","Rampage","Shrug It Off","Double Tap"],"relics":["Burning Blood","Pen Nib","Odd Mushroom","Vajra","Mercury Hourglass","MawBank","Philosopher\u0027s Stone","Charon\u0027s Ashes","The Courier","Omamori","Whetstone","Gambling Chip","Centennial Puzzle","Turnip","Lantern","Mark of Pain","Ginger"],"potions_floor_usage":[7,16,18,24,39,39],"damage_taken":[{"damage":10,"enemies":"Jaw Worm","floor":1,"turns":5},{"damage":3,"enemies":"Small Slimes","floor":2,"turns":4},{"damage":10,"enemies":"2 Louse","floor":3,"turns":2},{"damage":2,"enemies":"Looter","floor":4,"turns":4},{"damage":30,"enemies":"Gremlin Nob","floor":7,"turns":4},{"damage":37,"enemies":"The Mushroom Lair","floor":8,"turns":4},{"damage":7,"enemies":"Exordium Wildlife","floor":11,"turns":3},{"damage":14,"enemies":"Lagavulin","floor":14,"turns":4},{"damage":23,"enemies":"The Guardian","floor":16,"turns":8},{"damage":33,"enemies":"3 Byrds","floor":18,"turns":5},{"damage":6,"enemies":"Shell Parasite","floor":19,"turns":4},{"damage":22,"enemies":"Colosseum Slavers","floor":22,"turns":4},{"damage":27,"enemies":"Colosseum Nobs","floor":22,"turns":4},{"damage":18,"enemies":"Slavers","floor":24,"turns":4},{"damage":21,"enemies":"Gremlin Leader","floor":27,"turns":5},{"damage":0,"enemies":"Sentry and Sphere","floor":30,"turns":1},{"damage":49,"enemies":"Automaton","floor":33,"turns":8},{"damage":7,"enemies":"3 Shapes","floor":35,"turns":3},{"damage":115,"enemies":"Donu and Deca","floor":39,"turns":7}],"seed_played":"121017796281361002","potions_obtained":[{"floor":2,"key":"SpeedPotion"},{"floor":4,"key":"SkillPotion"},{"floor":11,"key":"Fire Potion"},{"floor":16,"key":"Dexterity Potion"},{"floor":18,"key":"Ancient Potion"},{"floor":22,"key":"SteroidPotion"}],"is_trial":false,"path_per_floor":["M","M","M","M","$","R","E","?","T","?","M","R","T","E","R","B",null,"M","M","?","?","?","R","E","R","T","E","R","T","M","$","R","B",null,"M","$","?","?","B",null],"character_chosen":"IRONCLAD","items_purchased":["Reaper","Turnip","Lantern","Shrug It Off","Ginger","Metallicize"],"campfire_rested":1,"item_purchase_floors":[5,31,31,31,36,36],"current_hp_per_floor":[84,87,83,87,87,87,63,41,41,41,60,60,60,52,52,40,88,65,69,63,63,41,41,33,33,33,37,37,37,47,47,77,52,100,103,103,103,103,21],"gold":17,"neow_bonus":"TEN_PERCENT_HP_BONUS","is_prod":false,"is_daily":false,"chose_seed":false,"campfire_upgraded":6,"win_rate":0,"timestamp":1559413305,"path_taken":["M","M","M","M","$","R","E","?","T","?","M","R","?","E","R","BOSS","M","M","?","?","?","R","E","R","T","E","R","?","?","?","R","BOSS","M","$","?","?","BOSS"],"build_version":"2019-01-23","purchased_purges":1,"victory":true,"max_hp_per_floor":[88,88,88,88,88,88,88,88,88,88,88,88,88,88,88,88,88,88,92,92,92,92,92,96,96,96,96,96,96,100,100,100,100,100,104,104,104,104,108],"card_choices":[{"not_picked":["Cleave","Anger"],"picked":"Iron Wave","floor":1},{"not_picked":["Wild Strike","True Grit"],"picked":"Pommel Strike","floor":2},{"not_picked":["Warcry","Second Wind"],"picked":"Armaments","floor":3},{"not_picked":["Iron Wave","Searing Blow"],"picked":"Uppercut","floor":4},{"not_picked":["Corruption","Havoc"],"picked":"Flex","floor":7},{"not_picked":["Clothesline","Flex"],"picked":"True Grit","floor":8},{"not_picked":["Body Slam","Disarm"],"picked":"Pommel Strike","floor":11},{"not_picked":["Armaments","Reckless Charge","Seeing Red"],"picked":"SKIP","floor":14},{"not_picked":["Demon Form","Brutality"],"picked":"Feed","floor":16},{"not_picked":["Havoc+1","Iron Wave"],"picked":"Flex","floor":18},{"not_picked":["Combust","Sword Boomerang"],"picked":"Twin Strike+1","floor":19},{"not_picked":["Rage","Anger+1"],"picked":"Twin Strike+1","floor":22},{"not_picked":["Clothesline","Pommel Strike"],"picked":"Dropkick","floor":24},{"not_picked":["Reckless Charge+1","Clash"],"picked":"Limit Break","floor":27},{"not_picked":["Wild Strike","Combust+1"],"picked":"Rampage","floor":30},{"not_picked":["Exhume","Bludgeon"],"picked":"Double Tap","floor":33},{"not_picked":["Havoc","Clash+1","Rupture"],"picked":"SKIP","floor":35}],"player_experience":54599,"relics_obtained":[{"floor":7,"key":"Pen Nib"},{"floor":8,"key":"Odd Mushroom"},{"floor":9,"key":"Vajra"},{"floor":13,"key":"Mercury Hourglass"},{"floor":14,"key":"MawBank"},{"floor":22,"key":"Charon\u0027s Ashes"},{"floor":22,"key":"The Courier"},{"floor":24,"key":"Omamori"},{"floor":26,"key":"Whetstone"},{"floor":27,"key":"Gambling Chip"},{"floor":29,"key":"Centennial Puzzle"}],"event_choices":[{"damage_healed":0,"gold_gain":0,"player_choice":"Fought Mushrooms","damage_taken":0,"max_hp_gain":0,"max_hp_loss":0,"event_name":"Mushrooms","floor":8,"gold_loss":0},{"cards_removed":["Strike_R"],"damage_healed":0,"gold_gain":0,"player_choice":"Card Removal","damage_taken":0,"max_hp_gain":0,"max_hp_loss":0,"event_name":"The Cleric","floor":10,"gold_loss":50},{"damage_healed":0,"gold_gain":0,"player_choice":"Joined the Cult","damage_taken":6,"max_hp_gain":0,"max_hp_loss":0,"event_name":"Nest","floor":20,"gold_loss":0,"cards_obtained":["RitualDagger"]},{"cards_removed":["Strike_R"],"damage_healed":0,"gold_gain":0,"player_choice":"Elegance","damage_taken":0,"max_hp_gain":0,"max_hp_loss":0,"event_name":"Back to Basics","floor":21,"gold_loss":0},{"damage_healed":0,"gold_gain":0,"player_choice":"Fight","damage_taken":0,"max_hp_gain":0,"max_hp_loss":0,"event_name":"Colosseum","floor":22,"gold_loss":0},{"damage_healed":0,"gold_gain":0,"player_choice":"Fought Nobs","damage_taken":0,"max_hp_gain":0,"max_hp_loss":0,"event_name":"Colosseum","floor":22,"gold_loss":0},{"cards_removed":["Metallicize"],"damage_healed":0,"gold_gain":0,"player_choice":"Removed Power","damage_taken":0,"max_hp_gain":0,"max_hp_loss":0,"event_name":"Falling","floor":37,"gold_loss":0},{"damage_healed":0,"gold_gain":0,"player_choice":"Took Portal","damage_taken":0,"max_hp_gain":0,"max_hp_loss":0,"event_name":"SecretPortal","floor":38,"gold_loss":0}],"is_beta":false,"boss_relics":[{"not_picked":["Lizard Tail","Empty Cage"],"picked":"Philosopher\u0027s Stone"},{"not_picked":["Snecko Eye","Runic Dome"],"picked":"Mark of Pain"}],"items_purged_floors":[31],"is_endless":false,"potions_floor_spawned":[2,4,11,16,18,22],"ascension_level":2}