{"gold_per_floor":[366,384,69,69,80,115,78,43,120,138,138,156,156,175,175,250,250,269,287,8,8,8,8,40,40,40,40,40,75,75,22,22,22],"floor_reached":33,"playtime":1928,"items_purged":["Strike_G","Strike_G"],"score":562,"play_id":"b91a960b-90f0-4852-8009-f71f78d84664","local_time":"20190818173433","is_ascension_mode":true,"campfire_choices":[{"floor":13.0,"key":"REST"},{"data":"Footwork","floor":15.0,"key":"SMITH"},{"floor":23,"key":"REST"},{"floor":27,"key":"REST"},{"floor":30,"key":"REST"},{"floor":32,"key":"REST"}],"neow_cost":"PERCENT_DAMAGE","seed_source_timestamp":139717632384100,"circlet_count":0,"master_deck":["AscendersBane","Strike_G+1","Defend_G","Defend_G","Defend_G","Defend_G","Survivor","Neutralize","Noxious Fumes","Quick Slash","Backflip","All Out Attack","Escape Plan","Die Die Die+1","Footwork+1","PiercingWail","Burst","Deadly Poison","Leg Sweep","Night Terror","Footwork","Backflip","Backflip","Calculated Gamble","Die Die Die","A Thousand Cuts","Noxious Fumes","Blade Dance"],"special_seed":0,"relics":["Ring of the Snake","Membership Card","Lantern","Letter Opener","HoveringKite","Mummified Hand","Paper Crane","Whetstone","Pen Nib"],"potions_floor_usage":[16,16,24,29,33],"damage_taken":[{"damage":2.0,"enemies":"Cultist","floor":1.0,"turns":5.0},{"damage":0.0,"enemies":"Small Slimes","floor":2.0,"turns":5.0},{"damage":3.0,"enemies":"2 Louse","floor":5.0,"turns":3.0},{"damage":22.0,"enemies":"3 Sentries","floor":6.0,"turns":7.0},{"damage":0.0,"enemies":"Blue Slaver","floor":10.0,"turns":2.0},{"damage":17.0,"enemies":"Large Slime","floor":12.0,"turns":6.0},{"damage":1.0,"enemies":"Looter","floor":14.0,"turns":4.0},{"damage":33,"enemies":"Slime Boss","floor":16,"turns":12},{"damage":3,"enemies":"3 Byrds","floor":18,"turns":6},{"damage":37,"enemies":"Shell Parasite","floor":19,"turns":7},{"damage":28,"enemies":"Slavers","floor":24,"turns":7},{"damage":35,"enemies":"Gremlin Leader","floor":29,"turns":7},{"damage":70,"enemies":"Champ","floor":33,"turns":14}],"seed_played":"-2463942464978645296","potions_obtained":[{"floor":1.0,"key":"SpeedPotion"},{"floor":5.0,"key":"Dexterity Potion"},{"floor":12.0,"key":"PowerPotion"},{"floor":16,"key":"FairyPotion"},{"floor":19,"key":"Energy Potion"},{"floor":24,"key":"Poison Potion"},{"floor":29,"key":"SpeedPotion"}],"is_trial":false,"path_per_floor":["M","M","$","?","M","E","?","?","T","M","?","M","R","M","R","B",null,"M","M","$","?","?","R","E","T","T","R","?","E","R","$","R","B"],"character_chosen":"THE_SILENT","items_purchased":["Membership Card","Quick Slash","Backflip","Night Terror","Footwork","Mummified Hand","Noxious Fumes","Blade Dance"],"campfire_rested":5,"item_purchase_floors":[3,3,3,20,20,20,31,31],"current_hp_per_floor":[42,42,42,42,39,17,17,33,33,33,33,16,35,34,34,1,50,47,10,10,10,10,29,1,1,1,20,20,6,25,25,44,0],"gold":22,"neow_bonus":"TWO_FIFTY_GOLD","is_prod":false,"is_daily":false,"chose_seed":false,"campfire_upgraded":1,"win_rate":0,"timestamp":1566142473,"path_taken":["M","?","$","?","M","E","?","?","T","?","?","M","R","M","R","BOSS","M","M","$","?","?","R","E","?","T","R","?","E","R","$","R","BOSS"],"build_version":"2019-07-17","purchased_purges":2,"victory":false,"max_hp_per_floor":[66,66,66,66,66,66,66,66,66,66,66,66,66,66,66,66,66,66,66,66,66,66,66,66,66,66,66,66,66,66,66,66,66],"card_choices":[{"not_picked":["Setup","Underhanded Strike","Poisoned Stab"],"picked":"SKIP","floor":1.0},{"not_picked":["Reflex","Poisoned Stab"],"picked":"Noxious Fumes","floor":2.0},{"not_picked":["Underhanded Strike","Reflex"],"picked":"Escape Plan","floor":5.0},{"not_picked":["Backflip","Sucker Punch"],"picked":"Die Die Die","floor":6.0},{"not_picked":["Well Laid Plans","Terror"],"picked":"Footwork","floor":10.0},{"not_picked":["Tactician","Reflex"],"picked":"PiercingWail","floor":12.0},{"not_picked":["Dagger Throw","Outmaneuver","Sucker Punch"],"picked":"SKIP","floor":14.0},{"not_picked":["Adrenaline","Grand Finale"],"picked":"Burst","floor":16},{"not_picked":["Dagger Spray","Sucker Punch"],"picked":"Deadly Poison","floor":18},{"not_picked":["Cloak And Dagger","Bane"],"picked":"Leg Sweep","floor":19},{"not_picked":["Footwork","Slice"],"picked":"Backflip","floor":24},{"not_picked":["Expertise","Dodge and Roll"],"picked":"A Thousand Cuts","floor":29}],"player_experience":1128680,"relics_obtained":[{"floor":6.0,"key":"Lantern"},{"floor":9.0,"key":"Letter Opener"},{"floor":24,"key":"Paper Crane"},{"floor":26,"key":"Whetstone"},{"floor":29,"key":"Pen Nib"}],"event_choices":[{"damage_healed":0.0,"max_hp_gain":0.0,"max_hp_loss":0.0,"gold_gain":0.0,"cards_transformed":["Defend_G"],"event_name":"Living Wall","player_choice":"Change","floor":4.0,"gold_loss":0.0,"damage_taken":0.0,"cards_obtained":["All Out Attack"]},{"damage_healed":0.0,"max_hp_gain":0.0,"max_hp_loss":0.0,"gold_gain":0.0,"event_name":"World of Goop","player_choice":"Left Gold","floor":7.0,"gold_loss":37.0,"damage_taken":0.0},{"damage_healed":16.0,"max_hp_gain":0.0,"max_hp_loss":0.0,"gold_gain":0.0,"event_name":"The Cleric","player_choice":"Healed","floor":8.0,"gold_loss":35.0,"damage_taken":0.0},{"damage_healed":0.0,"max_hp_gain":0.0,"max_hp_loss":0.0,"gold_gain":0.0,"event_name":"Shining Light","player_choice":"Ignored","floor":11.0,"gold_loss":0.0,"damage_taken":0.0},{"damage_healed":0,"gold_gain":0,"player_choice":"Read","damage_taken":0,"max_hp_gain":0,"max_hp_loss":0,"event_name":"The Library","floor":21,"gold_loss":0,"cards_obtained":["Backflip"]},{"damage_healed":0,"gold_gain":0,"player_choice":"Ignored","damage_taken":0,"max_hp_gain":0,"max_hp_loss":0,"event_name":"Vampires","floor":22,"gold_loss":0},{"damage_healed":0,"gold_gain":0,"cards_transformed":["Strike_G","Strike_G"],"player_choice":"Became Test Subject","damage_taken":0,"max_hp_gain":0,"max_hp_loss":0,"event_name":"Drug Dealer","floor":28,"gold_loss":0,"cards_obtained":["Calculated Gamble","Die Die Die"]}],"is_beta":false,"boss_relics":[{"not_picked":["White Beast Statue","Snecko Eye"],"picked":"HoveringKite"}],"items_purged_floors":[3,20],"is_endless":false,"potions_floor_spawned":[1,5,12,16,19,24,29],"killed_by":"Champ","ascension_level":20}