{"gold_per_floor":[114,127,127,140,140,173,187,200,227,252,265,265,30,63,63,161,161,171,185,200,38,138,138,202,213,213,227,257,271,300,400,400,501,501,516,341,360,360,360,360,395,395,395,395,420,420],"floor_reached":46,"playtime":3383,"items_purged":["Strike_B","Strike_B"],"score":806,"play_id":"9791d2a6-b664-49d9-8a7c-34cd00510079","local_time":"20190530230553","is_ascension_mode":true,"campfire_choices":[{"floor":12,"key":"REST"},{"data":"Fission","floor":15,"key":"SMITH"},{"data":"Echo Form","floor":23,"key":"SMITH"},{"data":"Capacitor","floor":32,"key":"SMITH"},{"floor":40,"key":"RECALL"},{"data":"Consume","floor":42,"key":"SMITH"},{"data":"Strike_B","floor":44,"key":"PURGE"}],"neow_cost":"NONE","seed_source_timestamp":1382220141638741,"circlet_count":0,"master_deck":["Strike_B","Defend_B","Defend_B","Defend_B","Zap+1","Dualcast","Hologram","Reinforced Body","Ball Lightning","Static Discharge","Conserve Battery","Auto Shields","Coolheaded","Self Repair","Doom and Gloom","Fission+1","Buffer","Genetic Algorithm","Conserve Battery+1","Cold Snap","Echo Form+1","Capacitor+1","Heatsinks+1","Glacier","Amplify","Capacitor+1","Hello World+1","Echo Form+1","Consume+1","Static Discharge+1"],"relics":["Cracked Core","Mercury Hourglass","Omamori","Oddly Smooth Stone","Bronze Scales","Snecko Eye","Tiny Chest","Matryoshka","Frozen Egg 2","Peace Pipe","Emotion Chip","The Courier","Cursed Key","Kunai","Letter Opener","Art of War"],"potions_floor_usage":[11,24,24,24,30,30,31,33,46],"damage_taken":[{"damage":1,"enemies":"Cultist","floor":1,"turns":3},{"damage":4,"enemies":"Jaw Worm","floor":2,"turns":3},{"damage":4,"enemies":"Small Slimes","floor":4,"turns":3},{"damage":40,"enemies":"Lagavulin","floor":6,"turns":5},{"damage":12,"enemies":"2 Fungi Beasts","floor":7,"turns":3},{"damage":0,"enemies":"3 Louse","floor":8,"turns":3},{"damage":22,"enemies":"3 Sentries","floor":10,"turns":5},{"damage":11,"enemies":"Exordium Thugs","floor":11,"turns":2},{"damage":6,"enemies":"Lagavulin","floor":14,"turns":5},{"damage":1,"enemies":"The Guardian","floor":16,"turns":10},{"damage":0,"enemies":"3 Byrds","floor":18,"turns":3},{"damage":16,"enemies":"Shell Parasite","floor":19,"turns":6},{"damage":3,"enemies":"Snecko","floor":20,"turns":6},{"damage":31,"enemies":"Gremlin Leader","floor":24,"turns":8},{"damage":3,"enemies":"Centurion and Healer","floor":25,"turns":7},{"damage":2,"enemies":"Cultist and Chosen","floor":27,"turns":6},{"damage":18,"enemies":"Book of Stabbing","floor":28,"turns":6},{"damage":9,"enemies":"Snake Plant","floor":29,"turns":5},{"damage":20,"enemies":"Gremlin Leader","floor":30,"turns":5},{"damage":16,"enemies":"Colosseum Slavers","floor":31,"turns":5},{"damage":27,"enemies":"Colosseum Nobs","floor":31,"turns":4},{"damage":2,"enemies":"Champ","floor":33,"turns":21},{"damage":0,"enemies":"Orb Walker","floor":35,"turns":4},{"damage":0,"enemies":"3 Shapes","floor":37,"turns":5},{"damage":39,"enemies":"Giant Head","floor":41,"turns":10},{"damage":44,"enemies":"Reptomancer","floor":45,"turns":7},{"damage":37,"enemies":"Writhing Mass","floor":46,"turns":5}],"seed_played":"5379054854700904731","potions_obtained":[{"floor":4,"key":"Fire Potion"},{"floor":7,"key":"Fire Potion"},{"floor":11,"key":"Energy Potion"},{"floor":14,"key":"Weak Potion"},{"floor":20,"key":"EssenceOfSteel"},{"floor":24,"key":"FearPotion"},{"floor":25,"key":"AttackPotion"},{"floor":28,"key":"Explosive Potion"},{"floor":30,"key":"Fire Potion"},{"floor":33,"key":"FocusPotion"},{"floor":35,"key":"SpeedPotion"},{"floor":37,"key":"SmokeBomb"}],"is_trial":false,"path_per_floor":["M","M","?","M","?","E","M","M","T","E","M","R","$","E","R","B",null,"M","M","M","$","?","R","E","M","T","M","E","M","E","?","R","B",null,"M","$","M","?","?","R","E","R","T","R","E","M"],"character_chosen":"DEFECT","items_purchased":["Coolheaded","Self Repair","Doom and Gloom","Echo Form","Capacitor+1","Hello World+1"],"campfire_rested":1,"item_purchase_floors":[13,13,13,21,36,36],"current_hp_per_floor":[74,70,92,88,88,48,36,36,36,14,3,30,30,31,31,37,78,85,76,80,80,80,80,63,74,74,86,68,73,67,52,52,64,85,85,85,85,85,85,85,60,60,60,60,30,0],"gold":420,"neow_bonus":"TEN_PERCENT_HP_BONUS","is_prod":false,"is_daily":false,"chose_seed":false,"campfire_upgraded":4,"win_rate":0,"timestamp":1559271953,"path_taken":["M","M","?","?","?","E","?","M","T","E","M","R","?","E","R","BOSS","M","M","M","$","?","R","E","?","T","M","E","M","E","?","R","BOSS","M","$","M","?","?","R","E","R","T","R","E","M"],"build_version":"2019-01-23","purchased_purges":2,"victory":false,"max_hp_per_floor":[82,82,92,92,92,92,92,92,92,92,92,92,92,92,92,92,92,92,92,92,92,92,92,92,92,92,92,92,92,92,92,92,92,92,92,92,92,92,92,92,92,92,92,92,92,92],"card_choices":[{"not_picked":["Streamline","Gash","Rebound"],"picked":"SKIP","floor":1},{"not_picked":["Stack","Sweeping Beam"],"picked":"Fission","floor":2},{"not_picked":["Stack","Lockon"],"picked":"Hologram","floor":4},{"not_picked":["All For One","Hologram"],"picked":"Reinforced Body","floor":6},{"not_picked":["Rebound","Steam"],"picked":"Ball Lightning","floor":7},{"not_picked":["Gash","Chaos"],"picked":"Static Discharge","floor":8},{"not_picked":["Scrape","Sweeping Beam"],"picked":"Conserve Battery","floor":10},{"not_picked":["Reprogram","Steam"],"picked":"Auto Shields","floor":11},{"not_picked":["Steam","Go for the Eyes"],"picked":"Fission","floor":14},{"not_picked":["Hyperbeam","Fission"],"picked":"Buffer","floor":16},{"not_picked":["Streamline","Leap"],"picked":"Genetic Algorithm","floor":18},{"not_picked":["Reinforced Body+1","Compile Driver"],"picked":"Conserve Battery+1","floor":19},{"not_picked":["Skim","Barrage"],"picked":"Cold Snap","floor":20},{"not_picked":["Reprogram","Redo","Hyperbeam"],"picked":"SKIP","floor":24},{"not_picked":["Auto Shields","Streamline","Fusion+1"],"picked":"SKIP","floor":25},{"not_picked":["Reprogram","Steam"],"picked":"Capacitor","floor":27},{"not_picked":["Recycle","Barrage+1"],"picked":"Heatsinks","floor":28},{"not_picked":["Steam Power","Static Discharge+1"],"picked":"Glacier","floor":29},{"not_picked":["Leap","Beam Cell","Stack"],"picked":"SKIP","floor":30},{"not_picked":["Buffer+1","Meteor Strike"],"picked":"Amplify","floor":33},{"not_picked":["Steam","Rebound+1","Chill"],"picked":"SKIP","floor":35},{"not_picked":["Rebound","Scrape","Ball Lightning"],"picked":"SKIP","floor":37},{"not_picked":["Coolheaded+1","Compile Driver"],"picked":"Consume","floor":41},{"not_picked":["Leap+1","Melter+1"],"picked":"Static Discharge+1","floor":45}],"player_experience":544693,"relics_obtained":[{"floor":6,"key":"Mercury Hourglass"},{"floor":9,"key":"Omamori"},{"floor":10,"key":"Oddly Smooth Stone"},{"floor":14,"key":"Bronze Scales"},{"floor":24,"key":"Tiny Chest"},{"floor":26,"key":"Matryoshka"},{"floor":28,"key":"Frozen Egg 2"},{"floor":30,"key":"Peace Pipe"},{"floor":31,"key":"Emotion Chip"},{"floor":31,"key":"The Courier"},{"floor":41,"key":"Kunai"},{"floor":43,"key":"Letter Opener"},{"floor":45,"key":"Art of War"}],"event_choices":[{"cards_removed":["Fission"],"damage_healed":12,"gold_gain":0,"player_choice":"Offered Rare","damage_taken":0,"max_hp_gain":10,"max_hp_loss":0,"event_name":"Bonfire Elementals","floor":3,"gold_loss":0},{"damage_healed":0,"gold_gain":0,"player_choice":"Upgraded","damage_taken":0,"max_hp_gain":0,"max_hp_loss":0,"event_name":"Upgrade Shrine","floor":5,"gold_loss":0,"cards_upgraded":["Zap"]},{"damage_healed":0,"gold_gain":100,"player_choice":"Pray","damage_taken":0,"max_hp_gain":0,"max_hp_loss":0,"event_name":"Golden Shrine","floor":22,"gold_loss":0},{"damage_healed":0,"gold_gain":0,"player_choice":"Fight","damage_taken":0,"max_hp_gain":0,"max_hp_loss":0,"event_name":"Colosseum","floor":31,"gold_loss":0},{"damage_healed":0,"gold_gain":0,"player_choice":"Fought Nobs","damage_taken":0,"max_hp_gain":0,"max_hp_loss":0,"event_name":"Colosseum","floor":31,"gold_loss":0},{"cards_removed":["Defend_B"],"damage_healed":0,"gold_gain":0,"player_choice":"Removed Skill","damage_taken":0,"max_hp_gain":0,"max_hp_loss":0,"event_name":"Falling","floor":38,"gold_loss":0},{"damage_healed":0,"gold_gain":0,"player_choice":"Copied","damage_taken":0,"max_hp_gain":0,"max_hp_loss":0,"event_name":"Duplicator","floor":39,"gold_loss":0,"cards_obtained":["Echo Form"]}],"is_beta":false,"boss_relics":[{"not_picked":["Tiny House","Nuclear Battery"],"picked":"Snecko Eye"},{"not_picked":["Calling Bell","Lizard Tail"],"picked":"Cursed Key"}],"items_purged_floors":[13,36],"is_endless":false,"potions_floor_spawned":[4,7,11,14,20,24,25,28,30,33,35,37],"killed_by":"Writhing Mass","ascension_level":8}