{"gold_per_floor":[110,285,285,301,301,332,332,332,355,383,383,418,44,60,60,164,164,179,179,179,191,101,101,120,120,120,136,136,162,173,173],"floor_reached":31,"playtime":1050,"items_purged":["Doubt"],"score":389,"play_id":"f01f28bb-bc1e-418b-8919-67d5f2739836","local_time":"20190323003918","is_ascension_mode":true,"campfire_choices":[{"data":"True Grit","floor":7,"key":"SMITH"},{"floor":11,"key":"REST"},{"data":"Armaments","floor":15,"key":"SMITH"},{"data":"Feed","floor":23,"key":"SMITH"},{"floor":25,"key":"REST"}],"neow_cost":"NONE","seed_source_timestamp":857713706451657,"circlet_count":0,"master_deck":["Defend_R","Defend_R+1","Defend_R","Bash+1","Shrug It Off","Anger","Pommel Strike+1","True Grit+1","Evolve+1","Armaments+1","Shrug It Off","Shockwave","Pummel","Heavy Blade","Feed+1","Clothesline","Disarm","Flame Barrier","Flame Barrier+1","Shrug It Off"],"relics":["Burning Blood","Oddly Smooth Stone","Dream Catcher","Frozen Egg 2","Nunchaku","Brimstone","Empty Cage","Mummified Hand"],"potions_floor_usage":[6,10,30,30,31],"damage_taken":[{"damage":19,"enemies":"Jaw Worm","floor":1,"turns":6},{"damage":1,"enemies":"Small Slimes","floor":4,"turns":4},{"damage":8,"enemies":"Gremlin Nob","floor":6,"turns":3},{"damage":8,"enemies":"3 Sentries","floor":10,"turns":9},{"damage":42,"enemies":"Lagavulin","floor":12,"turns":10},{"damage":0,"enemies":"2 Louse","floor":14,"turns":2},{"damage":22,"enemies":"Hexaghost","floor":16,"turns":6},{"damage":5,"enemies":"Chosen","floor":18,"turns":4},{"damage":24,"enemies":"2 Thieves","floor":21,"turns":4},{"damage":34,"enemies":"Snake Plant","floor":24,"turns":5},{"damage":30,"enemies":"Centurion and Healer","floor":27,"turns":6},{"damage":45,"enemies":"Slavers","floor":29,"turns":7},{"damage":7,"enemies":"Shelled Parasite and Fungi","floor":30,"turns":4},{"damage":29,"enemies":"Snake Plant","floor":31,"turns":4}],"seed_played":"1717923612994799670","potions_obtained":[{"floor":4,"key":"AttackPotion"},{"floor":6,"key":"Fire Potion"},{"floor":16,"key":"LiquidBronze"},{"floor":24,"key":"SkillPotion"},{"floor":27,"key":"Fire Potion"}],"is_trial":false,"path_per_floor":["M","?","?","M","?","E","R","?","T","E","R","E","$","M","R","B",null,"M","?","?","M","?","R","M","R","T","M","?","E","M","M"],"character_chosen":"IRONCLAD","items_purchased":["Brimstone","Shockwave","Pummel"],"campfire_rested":2,"item_purchase_floors":[13,13,13],"current_hp_per_floor":[67,67,72,77,70,68,68,51,51,49,74,38,38,44,44,28,71,76,59,90,72,72,72,48,77,77,57,57,22,25,0],"gold":173,"neow_bonus":"TRANSFORM_CARD","is_prod":false,"is_daily":false,"chose_seed":false,"campfire_upgraded":3,"win_rate":0,"timestamp":1553315958,"path_taken":["M","?","?","M","?","E","R","?","T","E","R","E","?","?","R","BOSS","M","?","?","M","?","R","M","R","T","?","?","E","M","M"],"build_version":"2019-01-23","purchased_purges":1,"victory":false,"max_hp_per_floor":[80,80,85,85,85,85,85,85,85,85,85,85,85,85,85,85,85,89,94,94,94,94,94,98,98,98,102,102,106,110,110],"card_choices":[{"not_picked":["Iron Wave","Intimidate"],"picked":"Anger","floor":1},{"not_picked":["Havoc","Iron Wave"],"picked":"Pommel Strike","floor":4},{"not_picked":["Infernal Blade","Shrug It Off"],"picked":"True Grit","floor":6},{"not_picked":["Flex","Seeing Red"],"picked":"Evolve","floor":10},{"not_picked":["Juggernaut+1","Iron Wave"],"picked":"Armaments","floor":11},{"not_picked":["Combust+1","Rupture+1"],"picked":"Shrug It Off","floor":12},{"not_picked":["Armaments","Warcry"],"picked":"Heavy Blade","floor":14},{"not_picked":["Impervious","Brutality+1"],"picked":"Feed","floor":16},{"not_picked":["Wild Strike","Rampage"],"picked":"Clothesline","floor":18},{"not_picked":["Sword Boomerang","Infernal Blade+1"],"picked":"Disarm","floor":21},{"not_picked":["Iron Wave","Hemokinesis"],"picked":"Flame Barrier","floor":24},{"not_picked":["Spot Weakness+1","Sword Boomerang"],"picked":"Flame Barrier+1","floor":25},{"not_picked":["Pommel Strike","Rupture+1"],"picked":"Shrug It Off","floor":27},{"not_picked":["Wild Strike","Reckless Charge","Rampage+1"],"picked":"SKIP","floor":29},{"not_picked":["Bludgeon","Clothesline","Shrug It Off"],"picked":"SKIP","floor":30}],"player_experience":339241,"relics_obtained":[{"floor":6,"key":"Oddly Smooth Stone"},{"floor":9,"key":"Dream Catcher"},{"floor":10,"key":"Frozen Egg 2"},{"floor":12,"key":"Nunchaku"},{"floor":29,"key":"Mummified Hand"}],"event_choices":[{"damage_healed":0,"gold_gain":175,"player_choice":"AGREE","damage_taken":0,"max_hp_gain":0,"max_hp_loss":0,"event_name":"Liars Game","floor":2,"gold_loss":0,"cards_obtained":["Doubt"]},{"damage_healed":0,"gold_gain":0,"player_choice":"Donut","damage_taken":0,"max_hp_gain":5,"max_hp_loss":0,"event_name":"Big Fish","floor":3,"gold_loss":0},{"cards_removed":["Strike_R"],"damage_healed":0,"gold_gain":0,"player_choice":"Card Removal","damage_taken":7,"max_hp_gain":0,"max_hp_loss":0,"event_name":"Golden Wing","floor":5,"gold_loss":0},{"damage_healed":0,"gold_gain":0,"player_choice":"Entered Light","damage_taken":17,"max_hp_gain":0,"max_hp_loss":0,"event_name":"Shining Light","floor":8,"gold_loss":0,"cards_upgraded":["Pommel Strike","Bash"]},{"damage_healed":0,"gold_gain":0,"player_choice":"Shed Blood","damage_taken":22,"max_hp_gain":5,"max_hp_loss":0,"event_name":"Forgotten Altar","floor":19,"gold_loss":0},{"damage_healed":31,"gold_gain":0,"player_choice":"Heal","damage_taken":0,"max_hp_gain":0,"max_hp_loss":0,"event_name":"The Library","floor":20,"gold_loss":0},{"cards_removed":["Defend_R"],"damage_healed":0,"gold_gain":0,"player_choice":"Upgrade and Remove","damage_taken":0,"max_hp_gain":0,"max_hp_loss":0,"event_name":"Designer","floor":22,"gold_loss":90,"cards_upgraded":["Defend_R"]},{"cards_removed":["Strike_R"],"damage_healed":0,"gold_gain":0,"player_choice":"Elegance","damage_taken":0,"max_hp_gain":0,"max_hp_loss":0,"event_name":"Back to Basics","floor":28,"gold_loss":0}],"is_beta":false,"boss_relics":[{"not_picked":["Runic Pyramid","Calling Bell"],"picked":"Empty Cage"}],"items_purged_floors":[13],"is_endless":false,"potions_floor_spawned":[4,6,16,24,27],"killed_by":"Snake Plant","ascension_level":5}