{"gold_per_floor":[118,133,22,22,22,22,57,57,105,123,163,163,163,188,188,318,318,341,359,72,72,72,72,86,8,8,35,58,58],"floor_reached":29,"playtime":1000,"items_purged":["Defend_R","Strike_R"],"score":231,"play_id":"8492b309-cc64-4652-a498-f75622b53c71","local_time":"20181119224337","is_ascension_mode":false,"campfire_choices":[{"data":"Metallicize","floor":6,"key":"SMITH"},{"data":"Pommel Strike","floor":12,"key":"SMITH"},{"data":"Inflame","floor":15,"key":"SMITH"},{"floor":23,"key":"REST"}],"neow_cost":"NONE","seed_source_timestamp":509115186874376,"circlet_count":0,"master_deck":["Strike_R","Strike_R","Strike_R","Defend_R","Defend_R","Defend_R","Bash","Metallicize+1","Pommel Strike+1","Cleave","Rupture","Inflame+1","Reckless Charge","Dropkick","Bash","Hemokinesis","Dark Embrace","Iron Wave+1","Warcry","Combust","Clash","Infernal Blade","Cleave"],"relics":["Burning Blood","Red Skull","Golden Idol","Bird Faced Urn","Blood Vial","Singing Bowl","Black Star","Vajra","Enchiridion","Darkstone Periapt","Lantern"],"potions_floor_usage":[11,22,29],"damage_taken":[{"damage":0,"enemies":"2 Louse","floor":1,"turns":3},{"damage":5,"enemies":"Small Slimes","floor":2,"turns":5},{"damage":22,"enemies":"Gremlin Nob","floor":7,"turns":5},{"damage":3,"enemies":"Cultist","floor":10,"turns":5},{"damage":25,"enemies":"3 Sentries","floor":11,"turns":5},{"damage":8,"enemies":"Blue Slaver","floor":14,"turns":3},{"damage":47,"enemies":"The Guardian","floor":16,"turns":7},{"damage":34,"enemies":"Spheric Guardian","floor":18,"turns":5},{"damage":28,"enemies":"Shell Parasite","floor":19,"turns":6},{"damage":35,"enemies":"Colosseum Slavers","floor":22,"turns":4},{"damage":38,"enemies":"3 Cultists","floor":24,"turns":4},{"damage":26,"enemies":"Shelled Parasite and Fungi","floor":28,"turns":5},{"damage":18,"enemies":"Snake Plant","floor":29,"turns":2}],"seed_played":"-7593336611160072699","potions_obtained":[{"floor":10,"key":"EssenceOfSteel"},{"floor":16,"key":"Ancient Potion"},{"floor":19,"key":"LiquidBronze"},{"floor":28,"key":"EssenceOfSteel"}],"is_trial":false,"path_per_floor":["M","M","$","?","?","R","E","$","T","M","E","R","?","M","R","B",null,"M","M","$","?","?","R","M","$","T","T","M","M"],"character_chosen":"IRONCLAD","items_purchased":["Rupture","Vajra","Combust","Infernal Blade"],"campfire_rested":1,"item_purchase_floors":[3,20,20,25],"current_hp_per_floor":[80,80,80,73,53,53,37,37,37,48,39,39,39,41,41,8,82,60,48,48,32,15,39,19,19,19,19,11,0],"gold":58,"neow_bonus":"TRANSFORM_CARD","is_prod":false,"is_daily":false,"chose_seed":false,"campfire_upgraded":3,"win_rate":0,"timestamp":1542685417,"path_taken":["M","M","$","?","?","R","E","$","T","M","E","R","?","M","R","BOSS","M","M","$","?","?","R","M","?","T","?","M","M"],"build_version":"2018-11-15","purchased_purges":2,"victory":false,"max_hp_per_floor":[80,80,80,80,80,80,80,80,80,80,82,82,82,82,82,82,82,82,82,82,82,82,82,82,82,82,82,82,82],"card_choices":[{"not_picked":["Shrug It Off","Intimidate"],"picked":"Pommel Strike","floor":1},{"not_picked":["Carnage","Armaments"],"picked":"Cleave","floor":2},{"not_picked":["Hemokinesis","Bloodletting"],"picked":"Inflame","floor":7},{"not_picked":["Thunderclap","Shrug It Off"],"picked":"Reckless Charge","floor":10},{"not_picked":["Shrug It Off","Whirlwind","Searing Blow"],"picked":"Singing Bowl","floor":11},{"not_picked":["Warcry","True Grit"],"picked":"Hemokinesis","floor":14},{"not_picked":["Reaper","Limit Break"],"picked":"Dark Embrace","floor":16},{"not_picked":["Clash+1","Disarm"],"picked":"Iron Wave+1","floor":18},{"not_picked":["True Grit","Clothesline"],"picked":"Warcry","floor":19},{"not_picked":["Heavy Blade","Wild Strike"],"picked":"Clash","floor":24},{"not_picked":["True Grit+1","Twin Strike+1"],"picked":"Cleave","floor":28}],"player_experience":131487,"relics_obtained":[{"floor":7,"key":"Bird Faced Urn"},{"floor":9,"key":"Blood Vial"},{"floor":11,"key":"Singing Bowl"},{"floor":21,"key":"Enchiridion"},{"floor":26,"key":"Darkstone Periapt"},{"floor":27,"key":"Lantern"}],"event_choices":[{"damage_healed":0,"gold_gain":0,"player_choice":"Success","damage_taken":7,"relics_obtained":["Red Skull"],"max_hp_gain":0,"max_hp_loss":0,"event_name":"Scrap Ooze","floor":4,"gold_loss":0},{"damage_healed":0,"gold_gain":0,"player_choice":"Take Damage","damage_taken":20,"relics_obtained":["Golden Idol"],"max_hp_gain":0,"max_hp_loss":0,"event_name":"Golden Idol","floor":5,"gold_loss":0},{"damage_healed":0,"gold_gain":0,"player_choice":"2 cards matched","damage_taken":0,"max_hp_gain":0,"max_hp_loss":0,"event_name":"Match and Keep!","floor":13,"gold_loss":0,"cards_obtained":["Dropkick","Bash"]},{"damage_healed":0,"gold_gain":0,"player_choice":"Obtained Book","damage_taken":16,"max_hp_gain":0,"max_hp_loss":0,"event_name":"Cursed Tome","floor":21,"gold_loss":0},{"damage_healed":0,"gold_gain":0,"player_choice":"Fight","damage_taken":0,"max_hp_gain":0,"max_hp_loss":0,"event_name":"Colosseum","floor":22,"gold_loss":0},{"damage_healed":0,"gold_gain":0,"player_choice":"Fled From Nobs","damage_taken":0,"max_hp_gain":0,"max_hp_loss":0,"event_name":"Colosseum","floor":22,"gold_loss":0}],"is_beta":false,"boss_relics":[{"not_picked":["Fusion Hammer","Lizard Tail"],"picked":"Black Star"}],"items_purged_floors":[3,20],"is_endless":false,"potions_floor_spawned":[10,16,19,22,28],"killed_by":"Snake Plant","ascension_level":0}