{"gold_per_floor":[114,114,114,114,38,38,72,72,97,62,96,96,96,115,115,211,211,223,223,223,235,235,235,263,278,278,26,55,55,55],"floor_reached":30,"playtime":827,"items_purged":[],"score":413,"play_id":"a5eddf91-15d6-4d50-b957-cc598275088b","local_time":"20190531221109","is_ascension_mode":true,"campfire_choices":[{"data":"Defragment","floor":6,"key":"SMITH"},{"floor":12,"key":"REST"},{"floor":15,"key":"REST"},{"data":"Fission","floor":23,"key":"SMITH"},{"data":"Undo","floor":29,"key":"SMITH"}],"neow_cost":"NONE","seed_source_timestamp":1467894646449758,"circlet_count":0,"master_deck":["Strike_B","Strike_B","Strike_B","Strike_B","Defend_B","Defend_B","Defend_B","Defend_B","Zap+1","Dualcast","Defragment+1","Heatsinks","Storm","Undo+1","Ball Lightning","Fission+1","Static Discharge","RitualDagger","Hologram","Loop","Machine Learning","Storm"],"relics":["Cracked Core","Orichalcum","Strawberry","Gremlin Horn","Sundial","PreservedInsect","Bottled Lightning","Ginger","Coffee Dripper","Symbiotic Virus","Unceasing Top","Mercury Hourglass","Mummified Hand","Frozen Egg 2"],"potions_floor_usage":[11,28,28,28,28,30],"damage_taken":[{"damage":10,"enemies":"2 Louse","floor":1,"turns":2},{"damage":28,"enemies":"3 Sentries","floor":7,"turns":7},{"damage":14,"enemies":"Lagavulin","floor":11,"turns":4},{"damage":7,"enemies":"Jaw Worm","floor":14,"turns":3},{"damage":33,"enemies":"Slime Boss","floor":16,"turns":9},{"damage":6,"enemies":"Chosen","floor":18,"turns":4},{"damage":16,"enemies":"Spheric Guardian","floor":21,"turns":5},{"damage":32,"enemies":"Gremlin Leader","floor":24,"turns":8},{"damage":20,"enemies":"3 Cultists","floor":25,"turns":5},{"damage":0,"enemies":"Slavers","floor":28,"turns":2},{"damage":14,"enemies":"Shelled Parasite and Fungi","floor":30,"turns":1}],"seed_played":"9089721884406445864","potions_obtained":[{"floor":1,"key":"Poison Potion"},{"floor":7,"key":"EntropicBrew"},{"floor":11,"key":"EssenceOfSteel"},{"floor":18,"key":"SpeedPotion"},{"floor":24,"key":"Dexterity Potion"}],"is_trial":false,"path_per_floor":["M","?","T","?","$","R","E","$","T","$","E","R","T","M","R","B",null,"M","?","?","M","?","R","E","M","T","$","E","R","M"],"character_chosen":"DEFECT","items_purchased":["Defragment","Storm","Mummified Hand"],"campfire_rested":2,"item_purchase_floors":[5,10,27],"current_hp_per_floor":[58,53,53,53,53,53,25,25,25,25,11,35,35,28,52,19,66,60,54,54,38,65,65,33,13,13,13,13,13,0],"gold":55,"neow_bonus":"RANDOM_COMMON_RELIC","is_prod":false,"is_daily":false,"chose_seed":false,"campfire_upgraded":3,"win_rate":0,"timestamp":1559355069,"path_taken":["M","?","?","?","$","R","E","$","T","?","E","R","?","M","R","BOSS","M","?","?","?","?","R","E","M","T","$","E","R","M"],"build_version":"2019-01-23","purchased_purges":0,"victory":false,"max_hp_per_floor":[75,82,82,82,82,82,82,82,82,82,82,82,82,82,82,82,82,82,82,82,82,82,82,82,82,82,82,82,82,82],"card_choices":[{"not_picked":["Tempest","Beam Cell","Stack"],"picked":"SKIP","floor":1},{"not_picked":["Stack","Consume"],"picked":"Heatsinks","floor":7},{"not_picked":["Fusion","Hello World"],"picked":"Undo","floor":11},{"not_picked":["Sunder","Double Energy"],"picked":"Ball Lightning","floor":14},{"not_picked":["Reboot","Multi-Cast"],"picked":"Fission","floor":16},{"not_picked":["Tempest","Turbo+1"],"picked":"Static Discharge","floor":18},{"not_picked":["Barrage+1","Stack"],"picked":"Hologram","floor":21},{"not_picked":["Scrape","Storm"],"picked":"Loop","floor":24},{"not_picked":["Sunder","Rebound"],"picked":"Machine Learning","floor":25},{"not_picked":["Stack","Aggregate"],"picked":"Storm","floor":28}],"player_experience":549539,"relics_obtained":[{"floor":3,"key":"Gremlin Horn"},{"floor":7,"key":"Sundial"},{"floor":9,"key":"PreservedInsect"},{"floor":11,"key":"Bottled Lightning"},{"floor":13,"key":"Ginger"},{"floor":24,"key":"Unceasing Top"},{"floor":26,"key":"Mercury Hourglass"},{"floor":28,"key":"Frozen Egg 2"}],"event_choices":[{"damage_healed":0,"gold_gain":0,"player_choice":"Success","damage_taken":12,"relics_obtained":["Strawberry"],"max_hp_gain":0,"max_hp_loss":0,"event_name":"Scrap Ooze","floor":2,"gold_loss":0},{"damage_healed":0,"gold_gain":0,"player_choice":"Grow","damage_taken":0,"max_hp_gain":0,"max_hp_loss":0,"event_name":"Living Wall","floor":4,"gold_loss":0,"cards_upgraded":["Zap"]},{"damage_healed":0,"gold_gain":0,"player_choice":"Joined the Cult","damage_taken":6,"max_hp_gain":0,"max_hp_loss":0,"event_name":"Nest","floor":19,"gold_loss":0,"cards_obtained":["RitualDagger"]},{"damage_healed":0,"gold_gain":0,"player_choice":"Opened","damage_taken":0,"relics_obtained":["Symbiotic Virus"],"max_hp_gain":0,"max_hp_loss":0,"event_name":"The Mausoleum","floor":20,"gold_loss":0},{"damage_healed":27,"gold_gain":0,"player_choice":"Heal","damage_taken":0,"max_hp_gain":0,"max_hp_loss":0,"event_name":"The Library","floor":22,"gold_loss":0}],"is_beta":false,"boss_relics":[{"not_picked":["Runic Dome","Ectoplasm"],"picked":"Coffee Dripper"}],"items_purged_floors":[],"is_endless":false,"potions_floor_spawned":[1,7,11,18,24,25],"killed_by":"Shelled Parasite and Fungi","ascension_level":8}