{"gold_per_floor":[115,6,20,20,31,31,57,57,104,54,66,66,66,16,16,112,112,132,132,152,32,32,32,43,43,70,70,70],"floor_reached":28,"playtime":744,"items_purged":["Defend_R","Impervious","Defend_R","Defend_R"],"score":264,"play_id":"7736d370-1531-47a5-a858-df995f54a9ce","local_time":"20181119225623","is_ascension_mode":false,"campfire_choices":[{"data":"Combust","floor":13,"key":"SMITH"},{"data":"Fire Breathing","floor":15,"key":"SMITH"},{"data":"Double Tap","floor":23,"key":"SMITH"},{"data":"Fire Breathing","floor":27,"key":"SMITH"}],"neow_cost":"NONE","seed_source_timestamp":510137398850699,"circlet_count":0,"master_deck":["Strike_R","Strike_R","Defend_R","Bash","Anger","Fire Breathing+1","Combust+1","Good Instincts","Fire Breathing+1","Perfected Strike","Inflame","Double Tap+1","Dual Wield+1","Dual Wield","Seeing Red","Perfected Strike"],"relics":["Burning Blood","Smiling Mask","Anchor","Mark of Pain","MutagenicStrength","Boot"],"potions_floor_usage":[20,28,28,28],"damage_taken":[{"damage":2,"enemies":"2 Louse","floor":1,"turns":3},{"damage":6,"enemies":"Cultist","floor":3,"turns":3},{"damage":13,"enemies":"Jaw Worm","floor":5,"turns":3},{"damage":32,"enemies":"Gremlin Nob","floor":7,"turns":5},{"damage":0,"enemies":"Looter","floor":11,"turns":2},{"damage":7,"enemies":"Slime Boss","floor":16,"turns":7},{"damage":3,"enemies":"Chosen","floor":18,"turns":4},{"damage":18,"enemies":"Shell Parasite","floor":20,"turns":4},{"damage":28,"enemies":"Snecko","floor":24,"turns":5},{"damage":17,"enemies":"Colosseum Slavers","floor":28,"turns":2},{"damage":47,"enemies":"Colosseum Nobs","floor":28,"turns":3}],"seed_played":"-6523630925692356954","potions_obtained":[{"floor":8,"key":"LiquidBronze"},{"floor":8,"key":"Explosive Potion"},{"floor":8,"key":"Swift Potion"},{"floor":18,"key":"BloodPotion"},{"floor":20,"key":"Fire Potion"}],"is_trial":false,"path_per_floor":["M","$","M","?","M","?","E","?","T","$","M","?","R","$","R","B",null,"M","?","M","$","?","R","M","?","T","R","?"],"character_chosen":"IRONCLAD","items_purchased":["Fire Breathing","Seeing Red"],"campfire_rested":0,"item_purchase_floors":[2,21],"current_hp_per_floor":[80,80,80,80,73,73,47,47,47,47,53,53,53,53,53,52,80,80,80,68,68,68,68,46,46,46,46,0],"gold":70,"neow_bonus":"REMOVE_CARD","is_prod":false,"is_daily":false,"chose_seed":false,"campfire_upgraded":4,"win_rate":0,"timestamp":1542686183,"path_taken":["M","$","M","?","?","?","E","?","T","$","?","?","R","$","R","BOSS","M","?","M","$","?","R","M","?","T","R","?"],"build_version":"2018-11-15","purchased_purges":4,"victory":false,"max_hp_per_floor":[80,80,80,80,80,80,80,80,80,80,80,80,80,80,80,80,80,80,80,80,80,80,80,80,80,80,80,80],"card_choices":[{"not_picked":["Cleave","Heavy Blade"],"picked":"Anger","floor":1},{"not_picked":["Flex","Armaments"],"picked":"Combust","floor":3},{"not_picked":["Wild Strike","Clothesline"],"picked":"Fire Breathing","floor":5},{"not_picked":["Warcry","Wild Strike"],"picked":"Perfected Strike","floor":7},{"not_picked":["Anger","Iron Wave"],"picked":"Inflame","floor":11},{"not_picked":["Limit Break","Juggernaut"],"picked":"Double Tap","floor":16},{"not_picked":["Shrug It Off","Headbutt"],"picked":"Dual Wield+1","floor":18},{"not_picked":["Shrug It Off","Heavy Blade+1"],"picked":"Dual Wield","floor":20},{"not_picked":["Anger","Uppercut"],"picked":"Perfected Strike","floor":24}],"player_experience":132487,"relics_obtained":[{"floor":7,"key":"Smiling Mask"},{"floor":9,"key":"Anchor"},{"floor":26,"key":"Boot"}],"event_choices":[{"damage_healed":0,"gold_gain":0,"player_choice":"2 cards matched","damage_taken":0,"max_hp_gain":0,"max_hp_loss":0,"event_name":"Match and Keep!","floor":4,"gold_loss":0,"cards_obtained":["Good Instincts","Impervious"]},{"damage_healed":0,"gold_gain":0,"player_choice":"Leave","damage_taken":0,"max_hp_gain":0,"max_hp_loss":0,"event_name":"The Cleric","floor":6,"gold_loss":0},{"damage_healed":0,"gold_gain":0,"player_choice":"Got Potions","damage_taken":0,"max_hp_gain":0,"max_hp_loss":0,"event_name":"Lab","floor":8,"gold_loss":0},{"cards_removed":["Strike_R"],"damage_healed":0,"gold_gain":0,"player_choice":"Purged","damage_taken":0,"max_hp_gain":0,"max_hp_loss":0,"event_name":"Purifier","floor":12,"gold_loss":0},{"damage_healed":0,"gold_gain":0,"player_choice":"Inject Mutagens","damage_taken":0,"relics_obtained":["MutagenicStrength"],"max_hp_gain":0,"max_hp_loss":0,"event_name":"Drug Dealer","floor":19,"gold_loss":0},{"damage_healed":0,"gold_gain":0,"player_choice":"Ignored","damage_taken":0,"max_hp_gain":0,"max_hp_loss":0,"event_name":"Ghosts","floor":22,"gold_loss":0},{"cards_removed":["Strike_R"],"damage_healed":0,"gold_gain":0,"player_choice":"Elegance","damage_taken":0,"max_hp_gain":0,"max_hp_loss":0,"event_name":"Back to Basics","floor":25,"gold_loss":0},{"damage_healed":0,"gold_gain":0,"player_choice":"Fight","damage_taken":0,"max_hp_gain":0,"max_hp_loss":0,"event_name":"Colosseum","floor":28,"gold_loss":0},{"damage_healed":0,"gold_gain":0,"player_choice":"Fought Nobs","damage_taken":0,"max_hp_gain":0,"max_hp_loss":0,"event_name":"Colosseum","floor":28,"gold_loss":0}],"is_beta":false,"boss_relics":[{"not_picked":["Ectoplasm","Calling Bell"],"picked":"Mark of Pain"}],"items_purged_floors":[2,10,14,21],"is_endless":false,"potions_floor_spawned":[16,18,20,28],"killed_by":"Colosseum Nobs","ascension_level":0}