{"gold_per_floor":[18,18,37,37,48,83,96,126,126,142,142,142,159,50,50,50],"floor_reached":16,"playtime":705,"items_purged":["Strike_G"],"score":134,"play_id":"b478ed37-d65d-468f-b6e1-12ba06a7b493","local_time":"20190605180926","is_ascension_mode":true,"campfire_choices":[{"data":"Cloak And Dagger","floor":12,"key":"SMITH"},{"floor":15,"key":"REST"}],"neow_cost":"NO_GOLD","seed_source_timestamp":94749966625240,"circlet_count":0,"master_deck":["Defend_G","Defend_G","Defend_G","Defend_G","Defend_G","Strike_G","Strike_G","Strike_G","Strike_G","Survivor","Neutralize","Flying Knee","Poisoned Stab","Bane","Cloak And Dagger+1","Well Laid Plans","Footwork"],"relics":["Ring of the Snake","Tough Bandages","Dodecahedron","Lantern","Mango"],"potions_floor_usage":[8,8,16],"damage_taken":[{"damage":0,"enemies":"Cultist","floor":1,"turns":5},{"damage":1,"enemies":"Jaw Worm","floor":3,"turns":4},{"damage":1,"enemies":"Small Slimes","floor":5,"turns":3},{"damage":18,"enemies":"3 Sentries","floor":6,"turns":13},{"damage":18,"enemies":"Exordium Wildlife","floor":7,"turns":5},{"damage":22,"enemies":"Gremlin Nob","floor":8,"turns":5},{"damage":0,"enemies":"Red Slaver","floor":10,"turns":3},{"damage":14,"enemies":"3 Louse","floor":13,"turns":3},{"damage":52,"enemies":"Slime Boss","floor":16,"turns":6}],"seed_played":"-1372309429294246578","potions_obtained":[{"floor":6,"key":"Dexterity Potion"},{"floor":7,"key":"Weak Potion"},{"floor":13,"key":"Explosive Potion"}],"is_trial":false,"path_per_floor":["M","?","M","?","M","E","M","E","T","M","T","R","M","$","R","B"],"character_chosen":"THE_SILENT","items_purchased":["Footwork"],"campfire_rested":1,"item_purchase_floors":[14],"current_hp_per_floor":[70,70,69,69,68,50,32,10,10,10,24,24,10,10,35,0],"gold":50,"neow_bonus":"ONE_RARE_RELIC","is_prod":false,"is_daily":false,"chose_seed":false,"campfire_upgraded":1,"win_rate":0,"timestamp":1559776166,"path_taken":["M","?","M","?","?","E","M","E","T","M","?","R","M","$","R","BOSS"],"build_version":"2019-01-23","purchased_purges":1,"victory":false,"max_hp_per_floor":[70,70,70,70,70,70,70,70,70,70,84,84,84,84,84,84],"card_choices":[{"not_picked":["Quick Slash","Choke"],"picked":"Flying Knee","floor":1},{"not_picked":["Bane","Finisher"],"picked":"Poisoned Stab","floor":3},{"not_picked":["Slice","Flying Knee","Acrobatics"],"picked":"SKIP","floor":5},{"not_picked":["PiercingWail","Slice"],"picked":"Bane","floor":6},{"not_picked":["Underhanded Strike","Flying Knee"],"picked":"Cloak And Dagger","floor":7},{"not_picked":["Underhanded Strike","Prepared","Sucker Punch"],"picked":"SKIP","floor":8},{"not_picked":["Masterful Stab","Underhanded Strike","Dagger Throw"],"picked":"SKIP","floor":10},{"not_picked":["Sucker Punch","Concentrate"],"picked":"Well Laid Plans","floor":13}],"player_experience":98799,"relics_obtained":[{"floor":6,"key":"Dodecahedron"},{"floor":8,"key":"Lantern"},{"floor":11,"key":"Mango"}],"event_choices":[{"damage_healed":0,"gold_gain":0,"player_choice":"Leave","damage_taken":0,"max_hp_gain":0,"max_hp_loss":0,"event_name":"The Cleric","floor":2,"gold_loss":0},{"damage_healed":0,"gold_gain":0,"player_choice":"Ignored","damage_taken":0,"max_hp_gain":0,"max_hp_loss":0,"event_name":"WeMeetAgain","floor":4,"gold_loss":0}],"is_beta":false,"boss_relics":[],"items_purged_floors":[14],"is_endless":false,"potions_floor_spawned":[6,7,13],"killed_by":"Slime Boss","ascension_level":4}