{"gold_per_floor":[109,109,109,109,123,123,159,159,159,210,229,196,239,204,204,323,323,337,337,350,133,148,148],"floor_reached":23,"playtime":1011,"items_purged":["Strike_B"],"score":286,"play_id":"3f048609-6ba1-46bc-b224-2b2fd4361cd3","local_time":"20190609230201","is_ascension_mode":true,"campfire_choices":[{"floor":6,"key":"REST"},{"floor":8,"key":"REST"},{"floor":15,"key":"REST"}],"neow_cost":"NONE","seed_source_timestamp":308532446750913,"circlet_count":0,"master_deck":["Strike_B+1","Strike_B","Strike_B","Defend_B","Defend_B","Defend_B+1","Defend_B","Zap","Dualcast","Sweeping Beam","Hello World+1","Coolheaded","Genetic Algorithm","Echo Form+1","Double Energy+1","Hologram+1","Loop+1","White Noise"],"relics":["Cracked Core","Frozen Egg 2","Golden Idol","Bag of Preparation","Mummified Hand","Dream Catcher","Singing Bowl","Nuclear Battery"],"potions_floor_usage":[],"damage_taken":[{"damage":1,"enemies":"2 Louse","floor":1,"turns":2},{"damage":6,"enemies":"Jaw Worm","floor":5,"turns":4},{"damage":32,"enemies":"Gremlin Nob","floor":7,"turns":4},{"damage":0,"enemies":"Small Slimes","floor":11,"turns":4},{"damage":9,"enemies":"Lagavulin","floor":13,"turns":8},{"damage":50,"enemies":"The Guardian","floor":16,"turns":17},{"damage":32,"enemies":"2 Thieves","floor":18,"turns":5},{"damage":23,"enemies":"Shell Parasite","floor":20,"turns":8},{"damage":28,"enemies":"Centurion and Healer","floor":22,"turns":12},{"damage":11,"enemies":"Book of Stabbing","floor":23,"turns":4}],"seed_played":"-3239887676441778272","potions_obtained":[{"floor":7,"key":"LiquidBronze"},{"floor":13,"key":"Explosive Potion"},{"floor":16,"key":"LiquidBronze"},{"floor":18,"key":"Fire Potion"}],"is_trial":false,"path_per_floor":["M","?","?","?","M","R","E","R","T","T","M","?","E","?","R","B",null,"M","?","M","$","M","E"],"character_chosen":"DEFECT","items_purchased":["Loop+1","White Noise"],"campfire_rested":3,"item_purchase_floors":[21,21],"current_hp_per_floor":[74,58,25,25,19,41,9,31,31,31,31,31,24,43,68,18,65,33,59,36,36,10,0],"gold":148,"neow_bonus":"TEN_PERCENT_HP_BONUS","is_prod":false,"is_daily":false,"chose_seed":false,"campfire_upgraded":0,"win_rate":0,"timestamp":1560135721,"path_taken":["M","?","?","?","?","R","E","R","T","?","M","?","E","?","R","BOSS","M","?","M","?","M","E"],"build_version":"2019-01-23","purchased_purges":1,"victory":false,"max_hp_per_floor":[82,82,82,76,76,76,76,76,76,76,76,76,78,78,80,80,80,80,80,80,80,82,82],"card_choices":[{"not_picked":["Turbo","Barrage"],"picked":"Sweeping Beam","floor":1},{"not_picked":["Beam Cell","Blizzard"],"picked":"Hello World+1","floor":5},{"not_picked":["Barrage","Double Energy"],"picked":"Coolheaded","floor":7},{"not_picked":["Heatsinks+1","Streamline"],"picked":"Genetic Algorithm","floor":11},{"not_picked":["Rip and Tear","Streamline","Cold Snap"],"picked":"Singing Bowl","floor":13},{"not_picked":["Cold Snap","Force Field","Consume"],"picked":"Singing Bowl","floor":15},{"not_picked":["Reboot","Electrodynamics+1"],"picked":"Echo Form+1","floor":16},{"not_picked":["Melter","Fusion"],"picked":"Double Energy+1","floor":18},{"not_picked":["Scrape","Leap"],"picked":"Hologram+1","floor":20},{"not_picked":["BootSequence","Gash","Turbo"],"picked":"Singing Bowl","floor":22}],"player_experience":608641,"relics_obtained":[{"floor":7,"key":"Bag of Preparation"},{"floor":9,"key":"Mummified Hand"},{"floor":10,"key":"Dream Catcher"},{"floor":13,"key":"Singing Bowl"}],"event_choices":[{"damage_healed":0,"gold_gain":0,"player_choice":"Entered Light","damage_taken":16,"max_hp_gain":0,"max_hp_loss":0,"event_name":"Shining Light","floor":2,"gold_loss":0,"cards_upgraded":["Strike_B","Defend_B"]},{"damage_healed":0,"gold_gain":0,"player_choice":"Success","damage_taken":33,"relics_obtained":["Frozen Egg 2"],"max_hp_gain":0,"max_hp_loss":0,"event_name":"Scrap Ooze","floor":3,"gold_loss":0},{"damage_healed":0,"gold_gain":0,"player_choice":"Lose Max HP","damage_taken":0,"relics_obtained":["Golden Idol"],"max_hp_gain":0,"max_hp_loss":6,"event_name":"Golden Idol","floor":4,"gold_loss":0},{"damage_healed":0,"gold_gain":0,"player_choice":"Left Gold","damage_taken":0,"max_hp_gain":0,"max_hp_loss":0,"event_name":"World of Goop","floor":12,"gold_loss":33},{"damage_healed":19,"gold_gain":0,"player_choice":"Healed","damage_taken":0,"max_hp_gain":0,"max_hp_loss":0,"event_name":"The Cleric","floor":14,"gold_loss":35},{"damage_healed":26,"gold_gain":0,"player_choice":"Heal","damage_taken":0,"max_hp_gain":0,"max_hp_loss":0,"event_name":"The Library","floor":19,"gold_loss":0}],"is_beta":false,"boss_relics":[{"not_picked":["White Beast Statue","Empty Cage"],"picked":"Nuclear Battery"}],"items_purged_floors":[21],"is_endless":false,"potions_floor_spawned":[7,13,16,18],"killed_by":"Book of Stabbing","ascension_level":9}