{"gold_per_floor":[116,116,142,229,241,286,298,334,346,358,391,403,415,446,458,589,601,591,528,124,147,147],"floor_reached":22,"playtime":942,"items_purged":["Injury"],"score":230,"play_id":"81a0db42-5752-4f0c-bfe4-a467f80c763d","local_time":"20190115233323","is_ascension_mode":true,"campfire_choices":[{"data":"Prepared","floor":7,"key":"SMITH"},{"data":"Neutralize","floor":12,"key":"SMITH"},{"floor":15,"key":"REST"}],"neow_cost":"NONE","seed_source_timestamp":624984380448936,"circlet_count":0,"master_deck":["Defend_G","Defend_G","Defend_G","Defend_G","Defend_G","Strike_G","Strike_G","Strike_G","Strike_G","Strike_G","Survivor","Neutralize+1","Prepared+1","Poisoned Stab","Quick Slash","Flying Knee","Prepared","Dagger Throw","Tools of the Trade+1","Backflip+1","Endless Agony","Infinite Blades+1","Quick Slash"],"relics":["Ring of the Snake","NeowsBlessing","MawBank","Golden Idol","Smiling Mask","Kunai","Frozen Egg 2","Coffee Dripper","Bottled Tornado"],"potions_floor_usage":[16,16],"damage_taken":[{"damage":0,"enemies":"Jaw Worm","floor":1,"turns":1},{"damage":0,"enemies":"2 Louse","floor":3,"turns":1},{"damage":0,"enemies":"Lagavulin","floor":6,"turns":1},{"damage":8,"enemies":"Small Slimes","floor":8,"turns":3},{"damage":3,"enemies":"2 Fungi Beasts","floor":11,"turns":5},{"damage":9,"enemies":"Looter","floor":14,"turns":3},{"damage":24,"enemies":"Hexaghost","floor":16,"turns":13},{"damage":22,"enemies":"2 Thieves","floor":18,"turns":5},{"damage":0,"enemies":"Shell Parasite","floor":21,"turns":7},{"damage":51,"enemies":"Snake Plant","floor":22,"turns":6}],"seed_played":"6468303075909832783","potions_obtained":[{"floor":1,"key":"Dexterity Potion"},{"floor":3,"key":"LiquidBronze"},{"floor":11,"key":"Poison Potion"},{"floor":21,"key":"GamblersBrew"}],"is_trial":false,"path_per_floor":["M","?","M","?","?","E","R","M","T","$","M","R","?","M","R","B",null,"M","?","$","M","M"],"character_chosen":"THE_SILENT","items_purchased":["Bottled Tornado","Endless Agony","Infinite Blades+1"],"campfire_rested":1,"item_purchase_floors":[20,20,20],"current_hp_per_floor":[70,67,67,56,56,56,56,48,48,48,45,45,45,36,57,33,70,48,48,48,48,0],"gold":147,"neow_bonus":"THREE_ENEMY_KILL","is_prod":false,"is_daily":false,"chose_seed":false,"campfire_upgraded":2,"win_rate":0,"timestamp":1547613203,"path_taken":["M","?","M","?","?","E","R","M","T","?","?","R","?","M","R","BOSS","M","?","$","M","M"],"build_version":"2019-01-10","purchased_purges":1,"victory":false,"max_hp_per_floor":[70,70,70,70,70,70,70,70,70,70,70,70,70,70,70,70,70,70,70,70,70,70],"card_choices":[{"not_picked":["Expertise","Dagger Throw"],"picked":"Prepared","floor":1},{"not_picked":["Heel Hook","Riddle With Holes"],"picked":"Poisoned Stab","floor":3},{"not_picked":["Dagger Spray","Venomology"],"picked":"Quick Slash","floor":6},{"not_picked":["Dagger Spray","Bane"],"picked":"Flying Knee","floor":8},{"not_picked":["Bane","Distraction"],"picked":"Prepared","floor":11},{"not_picked":["Deadly Poison","Cloak And Dagger"],"picked":"Dagger Throw","floor":14},{"not_picked":["Glass Knife","Grand Finale"],"picked":"Tools of the Trade+1","floor":16},{"not_picked":["Bouncing Flask","Dagger Throw"],"picked":"Backflip+1","floor":18},{"not_picked":["Backflip","PiercingWail"],"picked":"Quick Slash","floor":21}],"player_experience":270937,"relics_obtained":[{"floor":6,"key":"Smiling Mask"},{"floor":9,"key":"Kunai"}],"event_choices":[{"damage_healed":0,"gold_gain":0,"player_choice":"Success","damage_taken":3,"relics_obtained":["MawBank"],"max_hp_gain":0,"max_hp_loss":0,"event_name":"Scrap Ooze","floor":2,"gold_loss":0},{"damage_healed":0,"gold_gain":75,"player_choice":"Gather Gold","damage_taken":11,"max_hp_gain":0,"max_hp_loss":0,"event_name":"World of Goop","floor":4,"gold_loss":0},{"damage_healed":0,"gold_gain":0,"player_choice":"Take Wound","damage_taken":0,"relics_obtained":["Golden Idol"],"max_hp_gain":0,"max_hp_loss":0,"event_name":"Golden Idol","floor":5,"gold_loss":0,"cards_obtained":["Injury"]},{"damage_healed":0,"gold_gain":0,"player_choice":"Box","damage_taken":0,"relics_obtained":["Frozen Egg 2"],"max_hp_gain":0,"max_hp_loss":0,"event_name":"Big Fish","floor":13,"gold_loss":0,"cards_obtained":["Regret"]},{"cards_removed":["Regret"],"damage_healed":0,"gold_gain":0,"player_choice":"Gave Gold","damage_taken":0,"max_hp_gain":0,"max_hp_loss":0,"event_name":"Beggar","floor":19,"gold_loss":75}],"is_beta":false,"boss_relics":[{"not_picked":["Tiny House","HoveringKite"],"picked":"Coffee Dripper"}],"items_purged_floors":[20],"is_endless":false,"potions_floor_spawned":[1,3,11,21],"killed_by":"Snake Plant","ascension_level":2}