{"gold_per_floor":[110,130,10,10,10,10,10,23,47,81,91,123,17,32,32,32],"floor_reached":16,"playtime":877,"items_purged":["Injury"],"score":209,"play_id":"77579710-e8b5-4082-b0da-fc44137e05a7","local_time":"20190807195520","is_ascension_mode":true,"campfire_choices":[{"data":"Havoc","floor":6,"key":"SMITH"},{"floor":15,"key":"REST"}],"neow_cost":"CURSE","seed_source_timestamp":41129257380137,"circlet_count":0,"master_deck":["Strike_R+1","Strike_R+1","Strike_R","Strike_R","Strike_R","Defend_R","Defend_R","Bash","Spot Weakness","Havoc+1","Havoc","Searing Blow","Uppercut","Uppercut","Shrug It Off","Fiend Fire","Perfected Strike","Seeing Red"],"relics":["Burning Blood","Strawberry","Mercury Hourglass","Gambling Chip"],"potions_floor_usage":[10,12,16],"damage_taken":[{"damage":7,"enemies":"Small Slimes","floor":1,"turns":3},{"damage":7,"enemies":"Jaw Worm","floor":2,"turns":3},{"damage":0,"enemies":"Cultist","floor":8,"turns":2},{"damage":40,"enemies":"3 Sentries","floor":10,"turns":7},{"damage":15,"enemies":"Gremlin Gang","floor":11,"turns":3},{"damage":28,"enemies":"Lagavulin","floor":12,"turns":4},{"damage":0,"enemies":"Exordium Wildlife","floor":14,"turns":1}],"seed_played":"-1999052854244838960","potions_obtained":[{"floor":8,"key":"Block Potion"},{"floor":11,"key":"AttackPotion"}],"is_trial":false,"path_per_floor":["M","M","$","?","?","R","?","M","T","E","M","E","$","M","R","B"],"character_chosen":"IRONCLAD","items_purchased":["Havoc","Perfected Strike","Strength Potion"],"campfire_rested":1,"item_purchase_floors":[3,13,13],"current_hp_per_floor":[95,94,94,87,68,68,68,74,81,47,38,16,16,22,52,0],"gold":32,"neow_bonus":"TWENTY_PERCENT_HP_BONUS","is_prod":false,"is_daily":false,"chose_seed":false,"campfire_upgraded":1,"win_rate":0,"timestamp":1565225720,"path_taken":["M","M","$","?","?","R","?","M","T","E","?","E","$","M","R","BOSS"],"build_version":"2019-07-17","purchased_purges":1,"victory":false,"max_hp_per_floor":[96,96,96,96,96,96,96,96,103,103,103,103,103,103,103,103],"card_choices":[{"not_picked":["Warcry","Flex"],"picked":"Spot Weakness","floor":1},{"not_picked":["Heavy Blade","Anger"],"picked":"Havoc","floor":2},{"not_picked":["Corruption","Clothesline"],"picked":"Uppercut","floor":8},{"not_picked":["Rampage","Havoc"],"picked":"Uppercut","floor":10},{"not_picked":["Headbutt","Warcry"],"picked":"Shrug It Off","floor":11},{"not_picked":["Pommel Strike","True Grit"],"picked":"Fiend Fire","floor":12},{"not_picked":["Evolve","Hemokinesis"],"picked":"Seeing Red","floor":14}],"player_experience":106469,"relics_obtained":[{"floor":9,"key":"Strawberry"},{"floor":10,"key":"Mercury Hourglass"},{"floor":12,"key":"Gambling Chip"}],"event_choices":[{"cards_removed":["Defend_R"],"damage_healed":0,"gold_gain":0,"player_choice":"Card Removal","damage_taken":7,"max_hp_gain":0,"max_hp_loss":0,"event_name":"Golden Wing","floor":4,"gold_loss":0},{"damage_healed":0,"gold_gain":0,"player_choice":"Entered Light","damage_taken":19,"max_hp_gain":0,"max_hp_loss":0,"event_name":"Shining Light","floor":5,"gold_loss":0,"cards_upgraded":["Strike_R","Strike_R"]},{"damage_healed":0,"gold_gain":0,"cards_transformed":["Defend_R"],"player_choice":"Transformed","damage_taken":0,"max_hp_gain":0,"max_hp_loss":0,"event_name":"Transmorgrifier","floor":7,"gold_loss":0,"cards_obtained":["Searing Blow"]}],"is_beta":false,"boss_relics":[],"items_purged_floors":[3],"is_endless":false,"potions_floor_spawned":[8,11],"killed_by":"The Guardian","ascension_level":3}