{"gold_per_floor":[114,64,83,14,32,61,61,92,119,131,160,172,208,263,275,412,424,450,462],"floor_reached":19,"playtime":1357,"items_purged":[],"score":234,"play_id":"9cfdad22-c7ef-44da-989b-5d78bb0eaa74","local_time":"20190519104145","is_ascension_mode":true,"campfire_choices":[{"data":"Neutralize","floor":7,"key":"SMITH"},{"data":"Noxious Fumes","floor":10,"key":"SMITH"},{"floor":15,"key":"REST"}],"neow_cost":"NONE","seed_source_timestamp":389188918246453,"circlet_count":0,"master_deck":["Defend_G","Defend_G","Defend_G","Defend_G","Defend_G","Strike_G+1","Strike_G+1","Strike_G","Strike_G","Survivor","Neutralize+1","Cloak And Dagger","Noxious Fumes+1","Cloak And Dagger","Night Terror","PiercingWail","Escape Plan","Injury","PiercingWail","Caltrops","Envenom","Backflip"],"relics":["Ring of the Snake","Strawberry","Bag of Preparation","MawBank","Golden Idol","Whetstone","Velvet Choker"],"potions_floor_usage":[13,13,16],"damage_taken":[{"damage":0,"enemies":"2 Louse","floor":1,"turns":3},{"damage":8,"enemies":"Jaw Worm","floor":3,"turns":9},{"damage":5,"enemies":"Small Slimes","floor":5,"turns":4},{"damage":19,"enemies":"3 Sentries","floor":6,"turns":9},{"damage":10,"enemies":"Lagavulin","floor":8,"turns":8},{"damage":0,"enemies":"Red Slaver","floor":11,"turns":5},{"damage":2,"enemies":"Exordium Thugs","floor":13,"turns":4},{"damage":25,"enemies":"3 Sentries","floor":14,"turns":8},{"damage":5,"enemies":"Hexaghost","floor":16,"turns":11},{"damage":40,"enemies":"Spheric Guardian","floor":18,"turns":7},{"damage":45,"enemies":"Masked Bandits","floor":19,"turns":4}],"seed_played":"1704322698462139169","potions_obtained":[{"floor":1,"key":"Fire Potion"},{"floor":8,"key":"Explosive Potion"},{"floor":11,"key":"GamblersBrew"},{"floor":13,"key":"SteroidPotion"},{"floor":14,"key":"FairyPotion"},{"floor":18,"key":"FearPotion"}],"is_trial":false,"path_per_floor":["M","?","M","$","M","E","R","E","T","R","M","?","M","E","R","B",null,"M","?"],"character_chosen":"THE_SILENT","items_purchased":["Noxious Fumes"],"campfire_rested":1,"item_purchase_floors":[4],"current_hp_per_floor":[77,77,69,69,64,52,52,42,42,42,42,42,40,15,40,35,72,32,0],"gold":462,"neow_bonus":"TEN_PERCENT_HP_BONUS","is_prod":false,"is_daily":false,"chose_seed":false,"campfire_upgraded":2,"win_rate":0,"timestamp":1558276905,"path_taken":["M","?","M","$","M","E","R","E","T","R","M","?","M","E","R","BOSS","M","?"],"build_version":"2019-01-23","purchased_purges":0,"victory":false,"max_hp_per_floor":[77,77,77,77,77,84,84,84,84,84,84,84,84,84,84,84,84,84,84],"card_choices":[{"not_picked":["All Out Attack","Slice","Prepared"],"picked":"SKIP","floor":1},{"not_picked":["Backflip","Riddle With Holes"],"picked":"Cloak And Dagger","floor":3},{"not_picked":["Reflex","Outmaneuver"],"picked":"Cloak And Dagger","floor":5},{"not_picked":["Tactician","Expertise"],"picked":"Night Terror","floor":6},{"not_picked":["Dagger Throw","Catalyst"],"picked":"PiercingWail","floor":8},{"not_picked":["Prepared","Bouncing Flask"],"picked":"Escape Plan","floor":11},{"not_picked":["Calculated Gamble","Acrobatics"],"picked":"PiercingWail","floor":13},{"not_picked":["Dagger Spray","Quick Slash"],"picked":"Caltrops","floor":14},{"not_picked":["Die Die Die","Doppelganger"],"picked":"Envenom","floor":16},{"not_picked":["Deflect+1","Quick Slash"],"picked":"Backflip","floor":18}],"player_experience":401361,"relics_obtained":[{"floor":6,"key":"Strawberry"},{"floor":8,"key":"Bag of Preparation"},{"floor":9,"key":"MawBank"},{"floor":14,"key":"Whetstone"}],"event_choices":[{"cards_removed":["Strike_G"],"damage_healed":0,"gold_gain":0,"player_choice":"Card Removal","damage_taken":0,"max_hp_gain":0,"max_hp_loss":0,"event_name":"The Cleric","floor":2,"gold_loss":50},{"damage_healed":0,"gold_gain":0,"player_choice":"Take Wound","damage_taken":0,"relics_obtained":["Golden Idol"],"max_hp_gain":0,"max_hp_loss":0,"event_name":"Golden Idol","floor":12,"gold_loss":0,"cards_obtained":["Injury"]},{"damage_healed":0,"gold_gain":0,"player_choice":"Fought Bandits","damage_taken":0,"max_hp_gain":0,"max_hp_loss":0,"event_name":"Masked Bandits","floor":19,"gold_loss":0}],"is_beta":false,"boss_relics":[{"not_picked":["Orrery","Ring of the Serpent"],"picked":"Velvet Choker"}],"items_purged_floors":[],"is_endless":false,"potions_floor_spawned":[1,8,11,13,14,18],"killed_by":"Masked Bandits","ascension_level":5}