{"gold_per_floor":[112,125,95,112,11,45,65,82,82,82,110,110,130,142,142,247,247,267,267,247,261,13,13,25,50,50,82,96,115,115,115,115,115],"floor_reached":33,"playtime":3084,"items_purged":["Defend_B"],"score":316,"play_id":"7065e676-897e-4962-90b8-3bd2023aae28","local_time":"20190721184350","is_ascension_mode":true,"campfire_choices":[{"data":"Leap","floor":10,"key":"SMITH"},{"data":"BootSequence","floor":15,"key":"SMITH"},{"floor":23,"key":"REST"},{"floor":30,"key":"REST"},{"floor":32,"key":"RECALL"}],"neow_cost":"NONE","seed_source_timestamp":888460965144112,"circlet_count":0,"master_deck":["Strike_B+1","Strike_B+1","Strike_B+1","Strike_B+1","Defend_B+1","Defend_B+1","Defend_B+1","Zap","Dualcast","Chill+1","Streamline","Go for the Eyes","Go for the Eyes","Capacitor","Leap+1","Doom and Gloom","Static Discharge","Glacier","BootSequence+1","Meteor Strike","Capacitor","Coolheaded+1","Glacier","Secret Technique","Coolheaded","Force Field","Hologram+1","Hologram+1","Barrage"],"relics":["Cracked Core","Mummified Hand","Bottled Lightning","Torii","Sundial","Black Star","War Paint","Ornamental Fan","Kunai","Darkstone Periapt"],"potions_floor_usage":[13,14,16,20,21,24,25,25,29,33,33],"damage_taken":[{"damage":7,"enemies":"2 Louse","floor":1,"turns":3},{"damage":0,"enemies":"Cultist","floor":2,"turns":3},{"damage":8,"enemies":"Jaw Worm","floor":4,"turns":3},{"damage":10,"enemies":"3 Sentries","floor":6,"turns":8},{"damage":3,"enemies":"Gremlin Gang","floor":7,"turns":5},{"damage":15,"enemies":"Lots of Slimes","floor":8,"turns":5},{"damage":21,"enemies":"Lagavulin","floor":11,"turns":7},{"damage":1,"enemies":"Exordium Thugs","floor":13,"turns":3},{"damage":0,"enemies":"Looter","floor":14,"turns":4},{"damage":6,"enemies":"The Guardian","floor":16,"turns":12},{"damage":42,"enemies":"Chosen","floor":18,"turns":7},{"damage":1,"enemies":"2 Thieves","floor":20,"turns":4},{"damage":9,"enemies":"Cultist and Chosen","floor":21,"turns":8},{"damage":4,"enemies":"Snake Plant","floor":24,"turns":4},{"damage":8,"enemies":"Book of Stabbing","floor":25,"turns":9},{"damage":25,"enemies":"Slavers","floor":27,"turns":7},{"damage":1,"enemies":"Chosen and Byrds","floor":28,"turns":8},{"damage":0,"enemies":"Snecko","floor":29,"turns":3},{"damage":44,"enemies":"Automaton","floor":33,"turns":6}],"seed_played":"-9100064975393051037","potions_obtained":[{"floor":3,"key":"Ancient Potion"},{"floor":3,"key":"Ancient Potion"},{"floor":4,"key":"GamblersBrew"},{"floor":11,"key":"Explosive Potion"},{"floor":13,"key":"SkillPotion"},{"floor":14,"key":"EssenceOfSteel"},{"floor":16,"key":"Strength Potion"},{"floor":20,"key":"LiquidBronze"},{"floor":21,"key":"SteroidPotion"},{"floor":24,"key":"Weak Potion"},{"floor":28,"key":"Poison Potion"},{"floor":29,"key":"SkillPotion"}],"is_trial":false,"path_per_floor":["M","M","?","M","$","E","M","M","T","R","E","?","M","M","R","B",null,"M","?","M","M","$","R","M","E","T","E","M","M","R","?","R","B"],"character_chosen":"DEFECT","items_purchased":["Go for the Eyes","Secret Technique","Energy Potion"],"campfire_rested":2,"item_purchase_floors":[5,22,22],"current_hp_per_floor":[75,75,75,67,67,57,54,39,39,39,18,18,17,17,17,11,82,40,40,39,30,30,54,50,42,42,17,16,16,40,40,40,0],"gold":115,"neow_bonus":"TEN_PERCENT_HP_BONUS","is_prod":false,"is_daily":false,"chose_seed":false,"campfire_upgraded":2,"win_rate":0,"timestamp":1563752630,"path_taken":["M","M","?","M","$","E","M","?","T","R","E","?","?","?","R","BOSS","M","?","M","M","$","R","M","E","T","E","M","M","R","?","R","BOSS"],"build_version":"2019-07-17","purchased_purges":1,"victory":false,"max_hp_per_floor":[82,82,82,82,82,82,82,82,82,82,82,82,82,82,82,82,82,82,82,82,82,82,82,82,82,82,82,82,82,82,82,82,82],"card_choices":[{"not_picked":["Ball Lightning","Gash"],"picked":"Chill","floor":1},{"not_picked":["Steam","Rebound"],"picked":"Streamline","floor":2},{"not_picked":["Fission","Compile Driver"],"picked":"Go for the Eyes","floor":4},{"not_picked":["Compile Driver","Thunder Strike"],"picked":"Capacitor","floor":6},{"not_picked":["Sweeping Beam","Steam"],"picked":"Leap","floor":7},{"not_picked":["Undo","Conserve Battery"],"picked":"Doom and Gloom","floor":8},{"not_picked":["Steam","Aggregate"],"picked":"Static Discharge","floor":11},{"not_picked":["Streamline","Heatsinks"],"picked":"Glacier","floor":13},{"not_picked":["Aggregate","Conserve Battery"],"picked":"BootSequence","floor":14},{"not_picked":["Creative AI","Machine Learning"],"picked":"Meteor Strike","floor":16},{"not_picked":["Compile Driver","Gash"],"picked":"Capacitor","floor":18},{"not_picked":["Beam Cell+1","Genetic Algorithm"],"picked":"Coolheaded","floor":20},{"not_picked":["Melter","Beam Cell"],"picked":"Glacier","floor":21},{"not_picked":["Leap","Genetic Algorithm+1"],"picked":"Coolheaded","floor":24},{"not_picked":["Sunder","Compile Driver"],"picked":"Force Field","floor":25},{"not_picked":["Heatsinks","Sweeping Beam"],"picked":"Hologram+1","floor":27},{"not_picked":["Ball Lightning","Redo+1"],"picked":"Hologram+1","floor":28},{"not_picked":["BootSequence","Rip and Tear"],"picked":"Barrage","floor":29}],"player_experience":58942,"relics_obtained":[{"floor":6,"key":"Mummified Hand"},{"floor":9,"key":"Bottled Lightning"},{"floor":11,"key":"Torii"},{"floor":25,"key":"War Paint"},{"floor":25,"key":"Ornamental Fan"},{"floor":27,"key":"Kunai"},{"floor":27,"key":"Darkstone Periapt"}],"event_choices":[{"damage_healed":0,"gold_gain":0,"player_choice":"Bought 2 Potions","damage_taken":0,"max_hp_gain":0,"max_hp_loss":0,"event_name":"The Woman in Blue","floor":3,"gold_loss":0},{"damage_healed":0,"gold_gain":0,"player_choice":"Gave Potion","damage_taken":0,"relics_obtained":["Sundial"],"max_hp_gain":0,"max_hp_loss":0,"event_name":"WeMeetAgain","floor":12,"gold_loss":0},{"damage_healed":0,"gold_gain":0,"player_choice":"Simplicity","damage_taken":0,"max_hp_gain":0,"max_hp_loss":0,"event_name":"Back to Basics","floor":19,"gold_loss":0,"cards_upgraded":["Strike_B","Strike_B","Strike_B","Strike_B","Defend_B","Defend_B","Defend_B"]},{"damage_healed":0,"gold_gain":0,"player_choice":"Ignored","damage_taken":0,"max_hp_gain":0,"max_hp_loss":0,"event_name":"Vampires","floor":31,"gold_loss":0}],"is_beta":false,"boss_relics":[{"not_picked":["Runic Dome","Inserter"],"picked":"Black Star"}],"items_purged_floors":[5],"is_endless":false,"potions_floor_spawned":[4,11,13,14,16,20,21,24,28,29],"killed_by":"Automaton","ascension_level":1}