{"gold_per_floor":[117,117,133,30,30,30,56,56,82,110,110,27,46,46,46,125,125,140,157,256,15,15,44,44,44,44,55,55,65,65,65,65,144,144,156,173,188,288,304,304,304,333,333,333,345,30,30,42,42,42],"floor_reached":51,"playtime":2404,"items_purged":["Doubt"],"score":1267,"play_id":"f1708945-b1db-423d-928c-a92b6d5aa897","local_time":"20190704135941","is_ascension_mode":true,"campfire_choices":[{"data":"Endless Agony","floor":6.0,"key":"SMITH"},{"data":"Neutralize","floor":8.0,"key":"SMITH"},{"floor":15.0,"key":"REST"},{"floor":24.0,"key":"REST"},{"floor":28.0,"key":"REST"},{"floor":30.0,"key":"REST"},{"data":"Wraith Form v2","floor":32.0,"key":"SMITH"},{"floor":40.0,"key":"REST"},{"data":"Night Terror","floor":47,"key":"SMITH"},{"data":"Parasite","floor":49,"key":"PURGE"}],"neow_cost":"NONE","seed_source_timestamp":1184262687122556,"circlet_count":0,"master_deck":["AscendersBane","Survivor","Neutralize+1","Endless Agony+1","Crippling Poison","Deadly Poison","Calculated Gamble","Night Terror+1","Noxious Fumes","Infinite Blades","Dagger Spray","Wraith Form v2+1","PiercingWail+1","Cloak And Dagger","Adrenaline","Caltrops+1","Sucker Punch+1","Prepared+1","Slice+1","Catalyst+1","A Thousand Cuts","Terror","Eviscerate+1","Night Terror+1","Venomology","Caltrops","Crippling Poison","Storm of Steel","Skewer+1","Eviscerate+1","Distraction+1","PiercingWail","Injury","Accuracy","Footwork","Well Laid Plans"],"special_seed":0,"relics":["Ring of the Snake","Potion Belt","The Courier","Centennial Puzzle","Juzu Bracelet","Cursed Key","Bronze Scales","Dream Catcher","Molten Egg 2","Pandora\u0027s Box","Peace Pipe","Shuriken","Kunai","Lee\u0027s Waffle"],"potions_floor_usage":[45,48,50,50,50,50],"damage_taken":[{"damage":5.0,"enemies":"Jaw Worm","floor":1.0,"turns":10.0},{"damage":6.0,"enemies":"2 Louse","floor":3.0,"turns":3.0},{"damage":4.0,"enemies":"Lagavulin","floor":7.0,"turns":6.0},{"damage":5.0,"enemies":"Gremlin Nob","floor":10.0,"turns":3.0},{"damage":4.0,"enemies":"Cultist","floor":13.0,"turns":3.0},{"damage":0.0,"enemies":"Slime Boss","floor":16.0,"turns":4.0},{"damage":4.0,"enemies":"Spheric Guardian","floor":18.0,"turns":5.0},{"damage":14.0,"enemies":"Shell Parasite","floor":19.0,"turns":6.0},{"damage":24.0,"enemies":"Gremlin Leader","floor":23.0,"turns":7.0},{"damage":16.0,"enemies":"Snecko","floor":27.0,"turns":5.0},{"damage":6.0,"enemies":"Snake Plant","floor":29.0,"turns":4.0},{"damage":42.0,"enemies":"Automaton","floor":33.0,"turns":9.0},{"damage":24.0,"enemies":"3 Darklings","floor":35.0,"turns":6.0},{"damage":0.0,"enemies":"Orb Walker","floor":36.0,"turns":2.0},{"damage":28.0,"enemies":"Sphere and 2 Shapes","floor":37.0,"turns":4.0},{"damage":1.0,"enemies":"Mind Bloom Boss Battle","floor":38.0,"turns":6.0},{"damage":11.0,"enemies":"Writhing Mass","floor":39.0,"turns":6.0},{"damage":19.0,"enemies":"Nemesis","floor":42.0,"turns":9.0},{"damage":11,"enemies":"3 Darklings","floor":45,"turns":4},{"damage":12,"enemies":"4 Shapes","floor":48,"turns":6},{"damage":50,"enemies":"Donu and Deca","floor":50,"turns":9}],"seed_played":"-7779288741356052447","potions_obtained":[{"floor":1.0,"key":"SteroidPotion"},{"floor":3.0,"key":"SteroidPotion"},{"floor":13.0,"key":"FearPotion"},{"floor":14.0,"key":"Fire Potion"},{"floor":14.0,"key":"FearPotion"},{"floor":14.0,"key":"Fire Potion"},{"floor":23.0,"key":"Ancient Potion"},{"floor":27.0,"key":"Poison Potion"},{"floor":36.0,"key":"Weak Potion"},{"floor":38.0,"key":"SteroidPotion"},{"floor":42.0,"key":"Energy Potion"}],"is_trial":false,"path_per_floor":["M","?","M","$","?","R","E","R","T","E","?","$","M","?","R","B",null,"M","M","?","$","?","E","R","$","T","M","R","M","R","?","R","B",null,"M","M","M","?","M","R","?","E","T","?","M","$","R","M","R","B",null],"character_chosen":"THE_SILENT","items_purchased":["Deadly Poison","Fire Potion","Noxious Fumes","Infinite Blades","Adrenaline","Bronze Scales","Footwork","Lee\u0027s Waffle","Well Laid Plans"],"campfire_rested":5,"item_purchase_floors":[4,4,12,12,21,21,46,46,46],"current_hp_per_floor":[54,41,35,35,28,28,24,24,24,19,19,19,15,15,34,34,58,54,40,40,40,28,4,25,25,25,9,30,24,45,45,45,3,54,30,30,2,15,4,25,62,43,43,43,32,69,69,57,57,7],"gold":42,"neow_bonus":"RANDOM_COMMON_RELIC","is_prod":false,"is_daily":false,"chose_seed":false,"campfire_upgraded":4,"win_rate":0,"timestamp":1562266781,"path_taken":["M","?","M","$","?","R","E","R","T","E","?","$","M","?","R","BOSS","M","M","?","$","?","E","R","?","T","M","R","M","R","?","R","BOSS","M","M","M","?","M","R","?","E","T","?","M","$","R","M","R","BOSS"],"build_version":"2019-07-01","purchased_purges":1,"victory":true,"max_hp_per_floor":[66,66,66,66,66,66,66,66,66,66,66,66,66,66,66,66,66,66,66,66,66,71,71,71,71,71,71,71,71,71,71,71,71,71,71,71,71,71,71,71,62,62,62,62,62,69,69,69,66,66],"card_choices":[{"not_picked":["Accuracy","Underhanded Strike"],"picked":"Endless Agony","floor":1.0},{"not_picked":["Expertise","Catalyst"],"picked":"Crippling Poison","floor":3.0},{"not_picked":["Slice","Flying Knee"],"picked":"Calculated Gamble","floor":7.0},{"not_picked":["Dagger Throw","Outmaneuver"],"picked":"Night Terror","floor":10.0},{"not_picked":["Deflect","Finisher"],"picked":"Dagger Spray","floor":13.0},{"not_picked":["Doppelganger","Night Terror"],"picked":"Wraith Form v2","floor":16.0},{"not_picked":["Quick Slash","Dagger Throw+1"],"picked":"PiercingWail+1","floor":18.0},{"not_picked":["Dodge and Roll+1","Outmaneuver+1"],"picked":"Cloak And Dagger","floor":19.0},{"not_picked":["Concentrate","Outmaneuver"],"picked":"Caltrops+1","floor":23.0},{"not_picked":["Skewer+1","Reflex"],"picked":"Sucker Punch+1","floor":27.0},{"not_picked":["Blade Dance","Sucker Punch+1"],"picked":"Prepared+1","floor":28.0},{"not_picked":["Night Terror","Outmaneuver"],"picked":"Slice+1","floor":29.0},{"not_picked":["Deflect","Backstab+1"],"picked":"Catalyst","floor":30.0},{"not_picked":["Malaise","Storm of Steel"],"picked":"A Thousand Cuts","floor":33.0},{"not_picked":["Sucker Punch+1","Dagger Throw+1","Riddle With Holes+1"],"picked":"SKIP","floor":35.0},{"not_picked":["Concentrate","Distraction","Dagger Throw+1"],"picked":"SKIP","floor":36.0},{"not_picked":["Deflect","Predator+1"],"picked":"Distraction+1","floor":37.0},{"not_picked":["Quick Slash+1","Terror","Outmaneuver"],"picked":"SKIP","floor":39.0},{"not_picked":["Setup","Dodge and Roll"],"picked":"PiercingWail","floor":42.0},{"not_picked":["Crippling Poison","Infinite Blades"],"picked":"Accuracy","floor":45},{"not_picked":["PiercingWail","Caltrops","Sucker Punch+1"],"picked":"SKIP","floor":48}],"player_experience":334834,"relics_obtained":[{"floor":7.0,"key":"The Courier"},{"floor":9.0,"key":"Centennial Puzzle"},{"floor":10.0,"key":"Juzu Bracelet"},{"floor":23.0,"key":"Dream Catcher"},{"floor":26.0,"key":"Molten Egg 2"},{"floor":38.0,"key":"Peace Pipe"},{"floor":42.0,"key":"Shuriken"},{"floor":43.0,"key":"Kunai"}],"event_choices":[{"damage_healed":0.0,"max_hp_gain":0.0,"max_hp_loss":0.0,"gold_gain":0.0,"event_name":"Shining Light","player_choice":"Entered Light","floor":2.0,"gold_loss":0.0,"damage_taken":13.0,"cards_upgraded":["Strike_G","Defend_G"]},{"cards_removed":["Strike_G"],"damage_healed":0.0,"max_hp_gain":0.0,"max_hp_loss":0.0,"gold_gain":0.0,"event_name":"Golden Wing","player_choice":"Card Removal","floor":5.0,"gold_loss":0.0,"damage_taken":7.0},{"damage_healed":0.0,"max_hp_gain":0.0,"max_hp_loss":0.0,"gold_gain":0.0,"event_name":"Living Wall","player_choice":"Grow","floor":11.0,"gold_loss":0.0,"damage_taken":0.0,"cards_upgraded":["Night Terror"]},{"damage_healed":0.0,"max_hp_gain":0.0,"max_hp_loss":0.0,"gold_gain":0.0,"event_name":"Lab","player_choice":"Got Potions","floor":14.0,"gold_loss":0.0,"damage_taken":0.0},{"damage_healed":0.0,"max_hp_gain":0.0,"max_hp_loss":0.0,"gold_gain":99.0,"event_name":"Nest","player_choice":"Stole From Cult","floor":20.0,"gold_loss":0.0,"damage_taken":0.0},{"damage_healed":0.0,"max_hp_gain":5.0,"max_hp_loss":0.0,"gold_gain":0.0,"event_name":"Forgotten Altar","player_choice":"Shed Blood","floor":22.0,"gold_loss":0.0,"damage_taken":17.0},{"damage_healed":0.0,"max_hp_gain":0.0,"max_hp_loss":0.0,"gold_gain":0.0,"event_name":"Upgrade Shrine","player_choice":"Upgraded","floor":31.0,"gold_loss":0.0,"damage_taken":0.0,"cards_upgraded":["Catalyst"]},{"damage_healed":0.0,"max_hp_gain":0.0,"max_hp_loss":0.0,"gold_gain":0.0,"event_name":"MindBloom","player_choice":"Fight","floor":38.0,"gold_loss":0.0,"damage_taken":0.0},{"damage_healed":62.0,"max_hp_gain":0.0,"max_hp_loss":9.0,"gold_gain":0.0,"event_name":"The Moai Head","player_choice":"Heal","floor":41.0,"gold_loss":0.0,"damage_taken":0.0},{"damage_healed":0.0,"max_hp_gain":0.0,"max_hp_loss":0.0,"gold_gain":0.0,"event_name":"Mysterious Sphere","player_choice":"Ignored","floor":44.0,"gold_loss":0.0,"damage_taken":0.0}],"is_beta":false,"boss_relics":[{"not_picked":["Philosopher\u0027s Stone","Sozu"],"picked":"Cursed Key"},{"not_picked":["Calling Bell","Runic Dome"],"picked":"Pandora\u0027s Box"}],"items_purged_floors":[46],"is_endless":false,"potions_floor_spawned":[1,3,13,23,27,36,38,39,42,45],"ascension_level":14}