{"gold_per_floor":[114,130,1,31,45,45,58,58,58,70,70,81,100,0,0,101,101,112,127,137,137,152,152],"floor_reached":23,"playtime":2489,"items_purged":["Strike_R","Writhe"],"score":187,"play_id":"d157a54a-bdf0-4a16-b74a-c8ab2d7e9660","local_time":"20190811215207","is_ascension_mode":false,"campfire_choices":[{"data":"Barricade","floor":6.0,"key":"SMITH"},{"data":"True Grit","floor":8.0,"key":"SMITH"},{"data":"Body Slam","floor":11.0,"key":"SMITH"},{"floor":15.0,"key":"RECALL"}],"neow_cost":"CURSE","seed_source_timestamp":0,"circlet_count":0,"master_deck":["Strike_R","Strike_R","Strike_R","Strike_R","Defend_R","Defend_R","Defend_R","Defend_R","Bash","Barricade+1","Cleave","True Grit+1","Body Slam+1","Fiend Fire","Metallicize","Limit Break","Armaments","Pummel","Necronomicurse","Thunderclap+1"],"special_seed":0,"relics":["Burning Blood","Tiny Chest","Paper Frog","Sozu","Necronomicon"],"potions_floor_usage":[],"damage_taken":[{"damage":10.0,"enemies":"Jaw Worm","floor":1.0,"turns":4.0},{"damage":0.0,"enemies":"2 Louse","floor":2.0,"turns":2.0},{"damage":10.0,"enemies":"Small Slimes","floor":5.0,"turns":5.0},{"damage":4.0,"enemies":"Blue Slaver","floor":7.0,"turns":5.0},{"damage":5.0,"enemies":"2 Fungi Beasts","floor":10.0,"turns":7.0},{"damage":6.0,"enemies":"3 Louse","floor":12.0,"turns":2.0},{"damage":7.0,"enemies":"Looter","floor":13.0,"turns":5.0},{"damage":19.0,"enemies":"Hexaghost","floor":16.0,"turns":14.0},{"damage":16.0,"enemies":"Shell Parasite","floor":18.0,"turns":9.0},{"damage":29.0,"enemies":"3 Byrds","floor":19.0,"turns":8.0},{"damage":5,"enemies":"Snecko","floor":20,"turns":7},{"damage":35,"enemies":"Shelled Parasite and Fungi","floor":22,"turns":8},{"damage":15,"enemies":"Book of Stabbing","floor":23,"turns":2}],"seed_played":"-2126616843922617552","potions_obtained":[{"floor":5.0,"key":"FairyPotion"},{"floor":7.0,"key":"Poison Potion"},{"floor":10.0,"key":"PowerPotion"}],"is_trial":false,"path_per_floor":["M","M","$","?","M","R","M","R","T","M","R","M","M","$","R","B",null,"M","M","M","?","M","E"],"character_chosen":"IRONCLAD","items_purchased":["True Grit"],"campfire_rested":0,"item_purchase_floors":[3],"current_hp_per_floor":[76,80,80,55,51,51,53,53,53,54,54,54,53,53,53,40,80,70,47,48,32,13,0],"gold":152,"neow_bonus":"THREE_RARE_CARDS","is_prod":false,"is_daily":false,"chose_seed":false,"campfire_upgraded":3,"win_rate":0,"timestamp":1565553127,"path_taken":["M","M","$","?","M","R","M","R","T","M","R","M","M","$","R","BOSS","M","M","M","?","M","E"],"build_version":"2019-01-23","purchased_purges":2,"victory":false,"max_hp_per_floor":[80,80,80,80,80,80,80,80,80,80,80,80,80,80,80,80,80,80,80,80,80,80,80],"card_choices":[{"not_picked":["Bludgeon","Limit Break"],"picked":"Barricade","floor":0.0},{"not_picked":["Sword Boomerang","Rupture"],"picked":"Cleave","floor":1.0},{"not_picked":["Inflame","Sword Boomerang","Flex"],"picked":"SKIP","floor":2.0},{"not_picked":["Inflame","Cleave","Fire Breathing"],"picked":"SKIP","floor":5.0},{"not_picked":["Flex","Seeing Red","Bloodletting"],"picked":"SKIP","floor":7.0},{"not_picked":["True Grit","Heavy Blade"],"picked":"Body Slam","floor":10.0},{"not_picked":["Headbutt","Pommel Strike"],"picked":"Fiend Fire","floor":12.0},{"not_picked":["Flex","Rampage"],"picked":"Metallicize","floor":13.0},{"not_picked":["Reaper","Bludgeon"],"picked":"Limit Break","floor":16.0},{"not_picked":["Bloodletting","Perfected Strike","Flex"],"picked":"SKIP","floor":18.0},{"not_picked":["Cleave","Anger"],"picked":"Armaments","floor":19.0},{"not_picked":["Perfected Strike","Sword Boomerang"],"picked":"Pummel","floor":20},{"not_picked":["Clash","Disarm"],"picked":"Thunderclap+1","floor":22}],"player_experience":173257,"relics_obtained":[{"floor":9.0,"key":"Paper Frog"},{"floor":21,"key":"Necronomicon"}],"event_choices":[{"damage_healed":0.0,"max_hp_gain":0.0,"max_hp_loss":0.0,"gold_gain":0.0,"event_name":"Scrap Ooze","player_choice":"Success","floor":4.0,"gold_loss":0.0,"damage_taken":25.0,"relics_obtained":["Tiny Chest"]},{"damage_healed":0,"gold_gain":0,"player_choice":"Obtained Book","damage_taken":16,"max_hp_gain":0,"max_hp_loss":0,"event_name":"Cursed Tome","floor":21,"gold_loss":0}],"is_beta":false,"boss_relics":[{"not_picked":["Calling Bell","Orrery"],"picked":"Sozu"}],"items_purged_floors":[3,14],"is_endless":false,"potions_floor_spawned":[5,7,10,20,22],"killed_by":"Book of Stabbing","ascension_level":0}