{"gold_per_floor":[112,112,112,128,128,128,161,177,177,190,190,200,200,213,213,308,308,322,342,361,380,380],"floor_reached":22,"playtime":1398,"items_purged":[],"score":215,"play_id":"d367b5c5-82f8-4b19-90fd-24f5b81f4859","local_time":"20190817203805","is_ascension_mode":false,"campfire_choices":[{"data":"Defragment","floor":6.0,"key":"SMITH"},{"data":"Zap","floor":11.0,"key":"SMITH"},{"data":"Fusion","floor":15.0,"key":"SMITH"}],"neow_cost":"NONE","seed_source_timestamp":0,"circlet_count":0,"master_deck":["Strike_B","Strike_B","Strike_B","Strike_B","Defend_B","Defend_B","Defend_B","Defend_B","Zap+1","Dualcast","Defragment+1","Doom and Gloom","FTL","FTL","Beam Cell","Fusion+1","Reboot","Steam","Capacitor"],"special_seed":0,"relics":["Cracked Core","NeowsBlessing","Gambling Chip","Centennial Puzzle","Thread and Needle","Philosopher\u0027s Stone"],"potions_floor_usage":[],"damage_taken":[{"damage":0.0,"enemies":"Small Slimes","floor":1.0,"turns":1.0},{"damage":0.0,"enemies":"2 Louse","floor":4.0,"turns":1.0},{"damage":0.0,"enemies":"3 Sentries","floor":7.0,"turns":1.0},{"damage":1.0,"enemies":"Jaw Worm","floor":8.0,"turns":3.0},{"damage":0.0,"enemies":"Exordium Wildlife","floor":10.0,"turns":4.0},{"damage":0.0,"enemies":"Lots of Slimes","floor":12.0,"turns":2.0},{"damage":1.0,"enemies":"Looter","floor":14.0,"turns":3.0},{"damage":22.0,"enemies":"Slime Boss","floor":16.0,"turns":7.0},{"damage":13.0,"enemies":"3 Byrds","floor":18.0,"turns":4.0},{"damage":2.0,"enemies":"Spheric Guardian","floor":19.0,"turns":3.0},{"damage":33,"enemies":"Cultist and Chosen","floor":20,"turns":8},{"damage":20,"enemies":"Snecko","floor":21,"turns":5},{"damage":10,"enemies":"Centurion and Healer","floor":22,"turns":4}],"seed_played":"-4910154606216414859","potions_obtained":[{"floor":1.0,"key":"GamblersBrew"},{"floor":7.0,"key":"Ancient Potion"},{"floor":14.0,"key":"Energy Potion"},{"floor":16.0,"key":"Poison Potion"},{"floor":20,"key":"FearPotion"}],"is_trial":false,"path_per_floor":["M","?","?","M","?","R","E","M","T","M","R","M","?","M","R","B",null,"M","M","M","M","M"],"character_chosen":"DEFECT","items_purchased":[],"campfire_rested":0,"item_purchase_floors":[],"current_hp_per_floor":[75,75,75,75,75,75,75,74,74,74,74,74,74,73,73,51,75,62,60,27,7,0],"gold":380,"neow_bonus":"THREE_ENEMY_KILL","is_prod":false,"is_daily":false,"chose_seed":false,"campfire_upgraded":3,"win_rate":0.0,"timestamp":1566038285,"path_taken":["M","?","?","?","?","R","E","?","T","M","R","M","?","M","R","BOSS","M","M","M","M","?"],"build_version":"2019-07-17","purchased_purges":0,"victory":false,"max_hp_per_floor":[75,75,75,75,75,75,75,75,75,75,75,75,75,75,75,75,75,75,75,75,75,75],"card_choices":[{"not_picked":["Skim","Hologram"],"picked":"Defragment","floor":1.0},{"not_picked":["Hologram","Streamline"],"picked":"Doom and Gloom","floor":4.0},{"not_picked":["Cold Snap","Auto Shields"],"picked":"FTL","floor":7.0},{"not_picked":["Redo","Ball Lightning"],"picked":"FTL","floor":8.0},{"not_picked":["Go for the Eyes","Lockon"],"picked":"Beam Cell","floor":10.0},{"not_picked":["Reinforced Body","Ball Lightning"],"picked":"Fusion","floor":12.0},{"not_picked":["Steam Power","Ball Lightning","Stack"],"picked":"SKIP","floor":14.0},{"not_picked":["Rainbow","Machine Learning"],"picked":"Reboot","floor":16.0},{"not_picked":["Redo","Hologram"],"picked":"Steam","floor":18.0},{"not_picked":["Chaos","Steam+1","Beam Cell"],"picked":"SKIP","floor":19},{"not_picked":["Force Field+1","Cold Snap"],"picked":"Capacitor","floor":20},{"not_picked":["Reinforced Body","Steam","Coolheaded"],"picked":"SKIP","floor":21}],"player_experience":51423,"relics_obtained":[{"floor":7.0,"key":"Centennial Puzzle"},{"floor":9.0,"key":"Thread and Needle"}],"event_choices":[{"damage_healed":0.0,"max_hp_gain":0.0,"max_hp_loss":0.0,"gold_gain":0.0,"event_name":"Liars Game","player_choice":"Ignored","floor":2.0,"gold_loss":0.0,"damage_taken":0.0},{"damage_healed":0.0,"max_hp_gain":0.0,"max_hp_loss":0.0,"gold_gain":0.0,"event_name":"Big Fish","player_choice":"Box","floor":3.0,"gold_loss":0.0,"damage_taken":0.0,"relics_obtained":["Gambling Chip"],"cards_obtained":["Regret"]},{"cards_removed":["Regret"],"damage_healed":0.0,"max_hp_gain":0.0,"max_hp_loss":0.0,"gold_gain":0.0,"event_name":"Fountain of Cleansing","player_choice":"Removed Curses","floor":5.0,"gold_loss":0.0,"damage_taken":0.0},{"damage_healed":0.0,"max_hp_gain":0.0,"max_hp_loss":0.0,"gold_gain":0.0,"event_name":"Match and Keep!","player_choice":"0 cards matched","floor":13.0,"gold_loss":0.0,"damage_taken":0.0,"cards_obtained":[]}],"is_beta":false,"boss_relics":[{"not_picked":["Orrery","Runic Dome"],"picked":"Philosopher\u0027s Stone"}],"items_purged_floors":[],"is_endless":false,"potions_floor_spawned":[1,7,14,16,20],"killed_by":"Centurion and Healer","ascension_level":0}