{"gold_per_floor":[111,286,286,296,296,296,296,326,326,326,326,355,355,355],"floor_reached":14,"playtime":487,"items_purged":[],"score":133,"play_id":"3b468e24-8700-41fd-8877-f6ecbc3e4e47","local_time":"20190808165542","is_ascension_mode":true,"campfire_choices":[{"data":"Corruption","floor":6,"key":"SMITH"},{"data":"Immolate","floor":10,"key":"SMITH"},{"data":"Pummel","floor":13,"key":"SMITH"}],"neow_cost":"NONE","seed_source_timestamp":32140528445385,"circlet_count":0,"master_deck":["Strike_R","Strike_R","Strike_R","Strike_R","Strike_R","Defend_R+1","Defend_R","Bash+1","Ghostly Armor","Doubt","Corruption+1","Immolate+1","Pummel+1"],"relics":["Burning Blood","Blood Vial","Strawberry","Bottled Lightning"],"potions_floor_usage":[4,12],"damage_taken":[{"damage":11,"enemies":"Jaw Worm","floor":1,"turns":4},{"damage":0,"enemies":"2 Louse","floor":4,"turns":1},{"damage":53,"enemies":"Lagavulin","floor":8,"turns":9},{"damage":2,"enemies":"3 Sentries","floor":12,"turns":4},{"damage":29,"enemies":"Gremlin Nob","floor":14,"turns":3}],"seed_played":"5541905299995499189","potions_obtained":[{"floor":1,"key":"Explosive Potion"},{"floor":8,"key":"Block Potion"}],"is_trial":false,"path_per_floor":["M","?","?","M","?","R","?","E","T","R","?","E","R","E"],"character_chosen":"IRONCLAD","items_purchased":[],"campfire_rested":0,"item_purchase_floors":[],"current_hp_per_floor":[83,83,76,84,77,77,59,21,21,21,21,27,27,0],"gold":355,"neow_bonus":"TEN_PERCENT_HP_BONUS","is_prod":false,"is_daily":false,"chose_seed":false,"campfire_upgraded":3,"win_rate":0,"timestamp":1565301342,"path_taken":["M","?","?","M","?","R","?","E","T","R","?","E","R","E"],"build_version":"2019-07-17","purchased_purges":0,"victory":false,"max_hp_per_floor":[88,88,88,88,88,88,88,95,95,95,95,95,95,95],"card_choices":[{"not_picked":["Power Through","Flex"],"picked":"Ghostly Armor","floor":1},{"not_picked":["Twin Strike","Rage"],"picked":"Corruption","floor":4},{"not_picked":["Uppercut","Shrug It Off"],"picked":"Immolate","floor":8},{"not_picked":["Dual Wield","Fire Breathing"],"picked":"Pummel","floor":12}],"player_experience":110617,"relics_obtained":[{"floor":8,"key":"Strawberry"},{"floor":12,"key":"Bottled Lightning"}],"event_choices":[{"damage_healed":0,"gold_gain":175,"player_choice":"AGREE","damage_taken":0,"max_hp_gain":0,"max_hp_loss":0,"event_name":"Liars Game","floor":2,"gold_loss":0,"cards_obtained":["Doubt"]},{"damage_healed":0,"gold_gain":0,"player_choice":"Success","damage_taken":7,"relics_obtained":["Blood Vial"],"max_hp_gain":0,"max_hp_loss":0,"event_name":"Scrap Ooze","floor":3,"gold_loss":0},{"cards_removed":["Defend_R"],"damage_healed":0,"gold_gain":0,"player_choice":"Card Removal","damage_taken":7,"max_hp_gain":0,"max_hp_loss":0,"event_name":"Golden Wing","floor":5,"gold_loss":0},{"damage_healed":0,"gold_gain":0,"player_choice":"Entered Light","damage_taken":18,"max_hp_gain":0,"max_hp_loss":0,"event_name":"Shining Light","floor":7,"gold_loss":0,"cards_upgraded":["Defend_R","Bash"]},{"cards_removed":["Defend_R"],"damage_healed":0,"gold_gain":0,"player_choice":"Offered Basic","damage_taken":0,"max_hp_gain":0,"max_hp_loss":0,"event_name":"Bonfire Elementals","floor":11,"gold_loss":0}],"is_beta":false,"boss_relics":[],"items_purged_floors":[],"is_endless":false,"potions_floor_spawned":[1,8],"killed_by":"Gremlin Nob","ascension_level":3}