{"gold_per_floor":[109,128,140,104,117,117,135,164,164,194],"floor_reached":10,"playtime":334,"items_purged":[],"score":105,"play_id":"635605a0-f8ac-4c06-893b-6bf8895223e0","local_time":"20190622165328","is_ascension_mode":true,"campfire_choices":[{"data":"Creative AI","floor":6,"key":"SMITH"}],"neow_cost":"NONE","seed_source_timestamp":160610106334454,"circlet_count":0,"master_deck":["AscendersBane","Strike_B","Strike_B","Strike_B","Strike_B","Defend_B","Defend_B","Defend_B","Defend_B","Zap","Dualcast","Creative AI+1","Capacitor","Melter","Cold Snap","Darkness","Leap","Defragment"],"relics":["Cracked Core","Calipers","Dodecahedron"],"potions_floor_usage":[8,8,10],"damage_taken":[{"damage":2,"enemies":"Jaw Worm","floor":1,"turns":4},{"damage":5,"enemies":"Small Slimes","floor":2,"turns":4},{"damage":1,"enemies":"Cultist","floor":3,"turns":3},{"damage":15,"enemies":"Gremlin Gang","floor":5,"turns":6},{"damage":16,"enemies":"2 Fungi Beasts","floor":7,"turns":3},{"damage":20,"enemies":"3 Sentries","floor":8,"turns":5},{"damage":15,"enemies":"3 Sentries","floor":10,"turns":2}],"seed_played":"895244673394717159","potions_obtained":[{"floor":1,"key":"LiquidBronze"},{"floor":3,"key":"LiquidBronze"},{"floor":7,"key":"Explosive Potion"}],"is_trial":false,"path_per_floor":["M","M","M","$","M","R","M","E","T","?"],"character_chosen":"DEFECT","items_purchased":["Darkness"],"campfire_rested":0,"item_purchase_floors":[4],"current_hp_per_floor":[66,61,60,60,45,45,29,9,9,0],"gold":194,"neow_bonus":"ONE_RANDOM_RARE_CARD","is_prod":false,"is_daily":false,"chose_seed":false,"campfire_upgraded":1,"win_rate":0,"timestamp":1561240408,"path_taken":["M","M","M","$","M","R","M","E","T","?"],"build_version":"2019-01-23","purchased_purges":0,"victory":false,"max_hp_per_floor":[75,75,75,75,75,75,75,75,75,75],"card_choices":[{"not_picked":["Coolheaded","Chill"],"picked":"Capacitor","floor":1},{"not_picked":["Aggregate","Self Repair"],"picked":"Melter","floor":2},{"not_picked":["Stack","Melter"],"picked":"Cold Snap","floor":3},{"not_picked":["Steam","Barrage"],"picked":"Leap","floor":5},{"not_picked":["Turbo","Hologram"],"picked":"Defragment","floor":7},{"not_picked":["Double Energy","Heatsinks","Reprogram"],"picked":"SKIP","floor":8}],"player_experience":251805,"relics_obtained":[{"floor":8,"key":"Calipers"},{"floor":9,"key":"Dodecahedron"}],"event_choices":[{"damage_healed":0,"gold_gain":30,"player_choice":"Searched \u00272\u0027 times","damage_taken":0,"max_hp_gain":0,"max_hp_loss":0,"event_name":"Dead Adventurer","floor":10,"gold_loss":0}],"is_beta":false,"boss_relics":[],"items_purged_floors":[],"is_endless":false,"potions_floor_spawned":[1,3,7],"killed_by":"3 Sentries","ascension_level":10}