{"gold_per_floor":[113,63,63,81,81,81,107,123,123,123,136,164,175,175,175,275,275,285,130,130,229,94,94,94,123,123,123,137,156,81,31,31,133,133,144,0,51,63,81,110,110,125,125,0,0],"floor_reached":45,"playtime":13029,"items_purged":["Strike_B","Defend_B","Defend_B","Defend_B"],"score":494,"play_id":"37063c00-8dec-4957-afd5-b4a6714f62a4","local_time":"20181117170237","is_ascension_mode":false,"campfire_choices":[{"data":"Fission","floor":6,"key":"SMITH"},{"data":"Zap","floor":15,"key":"SMITH"},{"data":"Hello World","floor":23,"key":"SMITH"},{"data":"Redo","floor":27,"key":"SMITH"},{"data":"Rainbow","floor":32,"key":"SMITH"},{"data":"Redo","floor":41,"key":"SMITH"}],"neow_cost":"NONE","seed_source_timestamp":303793050776495,"circlet_count":0,"master_deck":["Strike_B","Zap+1","Dualcast","Fission+1","Redo+1","Ball Lightning","Compile Driver","Cold Snap","Defragment","Ball Lightning","Lockon","Rainbow+1","Coolheaded","Loop","Hello World+1","Redo+1","Hologram","Cold Snap","All For One","Doom and Gloom+1","Barrage+1","Chill+1","Echo Form","Steam Power+1","Capacitor"],"relics":["Cracked Core","Happy Flower","Pear","Torii","Shuriken","Blood Vial","Bottled Flame","Nuclear Battery","Smiling Mask","Omamori","Sozu","Red Mask","Juzu Bracelet","Sundial","WingedGreaves"],"potions_floor_usage":[12,16,33,45],"damage_taken":[{"damage":1,"enemies":"2 Louse","floor":1,"turns":3},{"damage":1,"enemies":"Jaw Worm","floor":4,"turns":3},{"damage":25,"enemies":"3 Sentries","floor":7,"turns":6},{"damage":7,"enemies":"Small Slimes","floor":8,"turns":3},{"damage":0,"enemies":"2 Fungi Beasts","floor":11,"turns":2},{"damage":12,"enemies":"Gremlin Nob","floor":12,"turns":3},{"damage":0,"enemies":"Looter","floor":13,"turns":1},{"damage":9,"enemies":"Slime Boss","floor":16,"turns":8},{"damage":5,"enemies":"3 Byrds","floor":18,"turns":3},{"damage":13,"enemies":"Book of Stabbing","floor":25,"turns":4},{"damage":1,"enemies":"Chosen","floor":28,"turns":2},{"damage":7,"enemies":"Shelled Parasite and Fungi","floor":29,"turns":5},{"damage":43,"enemies":"Champ","floor":33,"turns":8},{"damage":25,"enemies":"3 Darklings","floor":35,"turns":3},{"damage":6,"enemies":"3 Shapes","floor":38,"turns":2},{"damage":15,"enemies":"Maw","floor":39,"turns":5},{"damage":14,"enemies":"Reptomancer","floor":40,"turns":5},{"damage":13,"enemies":"Jaw Worm Horde","floor":42,"turns":4},{"damage":43,"enemies":"Nemesis","floor":45,"turns":6}],"seed_played":"9143559506439536602","potions_obtained":[{"floor":4,"key":"GamblersBrew"},{"floor":7,"key":"FearPotion"},{"floor":11,"key":"FearPotion"},{"floor":16,"key":"Strength Potion"},{"floor":28,"key":"SpeedPotion"},{"floor":33,"key":"Regen Potion"}],"is_trial":false,"path_per_floor":["M","?","?","M","T","R","E","M","T","T","M","E","M","?","R","B",null,"M","$","?","?","$","R","?","E","T","R","M","M","?","$","R","B",null,"M","?","T","M","M","E","R","M","T","$","E"],"character_chosen":"DEFECT","items_purchased":["Loop","Hello World","Capacitor"],"campfire_rested":0,"item_purchase_floors":[19,22,44],"current_hp_per_floor":[74,74,67,66,76,76,51,44,44,44,46,36,38,31,31,24,85,80,80,64,64,64,64,90,77,77,77,78,73,73,73,73,32,90,65,65,65,61,48,36,36,25,25,25,0],"gold":0,"neow_bonus":"ONE_RANDOM_RARE_CARD","is_prod":false,"is_daily":false,"chose_seed":false,"campfire_upgraded":6,"win_rate":0.0,"timestamp":1542492157,"path_taken":["M","?","?","M","?","R","E","M","T","?","M","E","M","?","R","BOSS","M","$","?","?","$","R","?","E","T","R","M","M","?","?","R","BOSS","M","?","?","M","M","E","R","M","T","$","E"],"build_version":"2018-11-15","purchased_purges":4,"victory":false,"max_hp_per_floor":[75,75,75,75,85,85,85,85,85,85,85,85,85,85,85,85,85,85,85,90,90,90,90,90,90,90,90,90,90,90,90,90,90,90,90,90,90,90,90,90,90,90,90,90,90],"card_choices":[{"not_picked":["Coolheaded","Rebound"],"picked":"Redo","floor":1},{"not_picked":["Sweeping Beam","Streamline"],"picked":"Ball Lightning","floor":4},{"not_picked":["Steam","Reprogram"],"picked":"Compile Driver","floor":7},{"not_picked":["Seek","Conserve Battery"],"picked":"Cold Snap","floor":8},{"not_picked":["Steam","Leap"],"picked":"Defragment","floor":11},{"not_picked":["Steam","Machine Learning"],"picked":"Ball Lightning","floor":12},{"not_picked":["Rebound","Hologram"],"picked":"Lockon","floor":13},{"not_picked":["Seek","Thunder Strike"],"picked":"Rainbow","floor":16},{"not_picked":["Gash","Sweeping Beam"],"picked":"Coolheaded","floor":18},{"not_picked":["Force Field","Beam Cell+1"],"picked":"Redo","floor":25},{"not_picked":["Scrape","Steam"],"picked":"Hologram","floor":28},{"not_picked":["FTL","Gash"],"picked":"Cold Snap","floor":29},{"not_picked":["Seek","Multi-Cast"],"picked":"All For One","floor":33},{"not_picked":["Leap","Cold Snap"],"picked":"Doom and Gloom+1","floor":35},{"not_picked":["Go for the Eyes+1","White Noise"],"picked":"Barrage+1","floor":38},{"not_picked":["Lockon+1","Scrape+1"],"picked":"Chill+1","floor":39},{"not_picked":["Lockon+1","Skim+1"],"picked":"Echo Form","floor":40},{"not_picked":["Sweeping Beam+1","Barrage+1"],"picked":"Steam Power+1","floor":42}],"player_experience":101497,"relics_obtained":[{"floor":5,"key":"Pear"},{"floor":7,"key":"Torii"},{"floor":9,"key":"Shuriken"},{"floor":10,"key":"Blood Vial"},{"floor":12,"key":"Bottled Flame"},{"floor":25,"key":"Smiling Mask"},{"floor":26,"key":"Omamori"},{"floor":37,"key":"Juzu Bracelet"},{"floor":40,"key":"Sundial"},{"floor":43,"key":"WingedGreaves"}],"event_choices":[{"cards_removed":["Defend_B"],"damage_healed":0,"gold_gain":0,"player_choice":"Card Removal","damage_taken":0,"max_hp_gain":0,"max_hp_loss":0,"event_name":"The Cleric","floor":2,"gold_loss":50},{"damage_healed":0,"gold_gain":0,"player_choice":"Success","damage_taken":7,"relics_obtained":["Happy Flower"],"max_hp_gain":0,"max_hp_loss":0,"event_name":"Scrap Ooze","floor":3,"gold_loss":0},{"cards_removed":["Strike_B"],"damage_healed":0,"gold_gain":0,"player_choice":"Card Removal","damage_taken":7,"max_hp_gain":0,"max_hp_loss":0,"event_name":"Golden Wing","floor":14,"gold_loss":0},{"damage_healed":0,"gold_gain":0,"player_choice":"Shed Blood","damage_taken":21,"max_hp_gain":5,"max_hp_loss":0,"event_name":"Forgotten Altar","floor":20,"gold_loss":0},{"damage_healed":0,"gold_gain":99,"player_choice":"Stole From Cult","damage_taken":0,"max_hp_gain":0,"max_hp_loss":0,"event_name":"Nest","floor":21,"gold_loss":0},{"damage_healed":30,"gold_gain":0,"player_choice":"Heal","damage_taken":0,"max_hp_gain":0,"max_hp_loss":0,"event_name":"The Library","floor":24,"gold_loss":0},{"cards_removed":["Strike_B"],"damage_healed":0,"gold_gain":0,"player_choice":"Gave Gold","damage_taken":0,"max_hp_gain":0,"max_hp_loss":0,"event_name":"Beggar","floor":30,"gold_loss":75},{"damage_healed":0,"gold_gain":0,"player_choice":"Paid","damage_taken":0,"relics_obtained":["Red Mask"],"max_hp_gain":0,"max_hp_loss":0,"event_name":"Tomb of Lord Red Mask","floor":36,"gold_loss":144}],"is_beta":false,"boss_relics":[{"not_picked":["Philosopher\u0027s Stone","FrozenCore"],"picked":"Nuclear Battery"},{"not_picked":["Eternal Feather","Tiny House"],"picked":"Sozu"}],"items_purged_floors":[19,22,31,44],"is_endless":false,"potions_floor_spawned":[4,7,11,16,28,29,33,42],"killed_by":"Nemesis","ascension_level":0}