{"gold_per_floor":[116,136,152,101,101,101,140,161,232,232,275,3,21,55,55,154,154,178,197,122,172,11,55,71,109,136,180,180,180,180,192,192,270,270,284,284,107,107,20,53,53,53,53,73,73,89,139,157,157,157],"floor_reached":51,"playtime":2220,"items_purged":["Strike_B","Injury"],"score":1417,"play_id":"e48910cb-f696-460a-a755-60b9d23d91a5","local_time":"20190819203741","is_ascension_mode":true,"campfire_choices":[{"data":"Zap","floor":6.0,"key":"SMITH"},{"data":"Sunder","floor":10.0,"key":"SMITH"},{"data":"Barrage","floor":15.0,"key":"SMITH"},{"floor":30.0,"key":"REST"},{"data":"Sunder","floor":32.0,"key":"SMITH"},{"data":"Defragment","floor":41,"key":"SMITH"},{"data":"Capacitor","floor":45,"key":"SMITH"},{"floor":49,"key":"REST"}],"neow_cost":"NONE","seed_source_timestamp":506723449832804,"circlet_count":0,"master_deck":["AscendersBane","Strike_B+1","Strike_B+1","Defend_B+1","Defend_B+1","Defend_B+1","Defend_B+1","Zap+1","Dualcast","Glacier","Sweeping Beam","Capacitor","Sweeping Beam","Barrage+1","Sunder+1","Ball Lightning","Leap","Undo","Hyperbeam","Compile Driver","Glacier","Consume","Sunder+1","Double Energy","Undo","Genetic Algorithm","Biased Cognition","Recycle+1","Capacitor+1","Loop","Defragment+1","Coolheaded+1"],"special_seed":0,"relics":["Cracked Core","Bloody Idol","Du-Vu Doll","Letter Opener","Lantern","Meat on the Bone","Bag of Marbles","Snecko Eye","Strawberry","Bronze Scales","Ancient Tea Set","Blood Vial","Nuclear Battery","Ice Cream","Peace Pipe","Pantograph"],"potions_floor_usage":[50],"damage_taken":[{"damage":1.0,"enemies":"Cultist","floor":1.0,"turns":4.0},{"damage":4.0,"enemies":"Small Slimes","floor":2.0,"turns":3.0},{"damage":1.0,"enemies":"Jaw Worm","floor":3.0,"turns":5.0},{"damage":18.0,"enemies":"Lagavulin","floor":7.0,"turns":9.0},{"damage":12.0,"enemies":"Large Slime","floor":8.0,"turns":3.0},{"damage":10.0,"enemies":"3 Sentries","floor":11.0,"turns":4.0},{"damage":0.0,"enemies":"Looter","floor":13.0,"turns":1.0},{"damage":8.0,"enemies":"Lagavulin","floor":14.0,"turns":5.0},{"damage":17.0,"enemies":"The Guardian","floor":16.0,"turns":11.0},{"damage":14.0,"enemies":"3 Byrds","floor":18.0,"turns":4.0},{"damage":0.0,"enemies":"2 Thieves","floor":19.0,"turns":2.0},{"damage":13.0,"enemies":"Gremlin Leader","floor":23.0,"turns":6.0},{"damage":6.0,"enemies":"Snake Plant","floor":24.0,"turns":4.0},{"damage":37.0,"enemies":"Book of Stabbing","floor":25.0,"turns":5.0},{"damage":2.0,"enemies":"Slavers","floor":27.0,"turns":1.0},{"damage":0.0,"enemies":"Snecko","floor":31.0,"turns":3.0},{"damage":47.0,"enemies":"Collector","floor":33.0,"turns":11.0},{"damage":0.0,"enemies":"Orb Walker","floor":35.0,"turns":2.0},{"damage":25,"enemies":"Giant Head","floor":40,"turns":7},{"damage":0,"enemies":"3 Shapes","floor":44,"turns":3},{"damage":0,"enemies":"3 Darklings","floor":46,"turns":3},{"damage":38,"enemies":"Jaw Worm Horde","floor":48,"turns":3},{"damage":37,"enemies":"Donu and Deca","floor":50,"turns":11}],"seed_played":"-3520628895529529615","potions_obtained":[{"floor":1.0,"key":"EntropicBrew"},{"floor":13.0,"key":"PowerPotion"},{"floor":25.0,"key":"Weak Potion"},{"floor":27.0,"key":"Regen Potion"},{"floor":35,"key":"EssenceOfSteel"},{"floor":40,"key":"LiquidBronze"}],"is_trial":false,"path_per_floor":["M","M","M","$","?","R","E","M","T","R","E","$","M","E","R","B",null,"M","M","?","?","$","E","M","E","T","E","?","?","R","M","R","B",null,"M","?","$","?","$","E","R","$","T","M","R","M","?","M","R","B",null],"character_chosen":"DEFECT","items_purchased":["Barrage","Meat on the Bone","Consume","Capacitor","Loop"],"campfire_rested":2,"item_purchase_floors":[4,12,22,37,39],"current_hp_per_floor":[63,59,58,58,58,58,40,28,28,28,18,18,30,34,34,29,61,47,47,47,47,47,53,47,22,22,32,32,32,55,62,62,46,70,77,77,77,77,77,58,58,58,58,65,65,72,77,45,68,41],"gold":157,"neow_bonus":"THREE_CARDS","is_prod":false,"is_daily":false,"chose_seed":false,"campfire_upgraded":6,"win_rate":0,"timestamp":1566265061,"path_taken":["M","M","M","?","?","R","E","M","T","R","E","$","M","E","R","BOSS","M","M","?","?","$","E","M","E","T","E","?","?","R","M","R","BOSS","M","?","?","?","$","E","R","$","T","M","R","M","?","M","R","BOSS"],"build_version":"2019-07-17","purchased_purges":2,"victory":true,"max_hp_per_floor":[71,71,71,71,71,71,71,71,71,71,71,71,71,71,71,71,71,71,71,71,71,71,78,78,78,78,78,78,78,78,78,78,78,78,78,78,78,78,78,78,78,78,78,78,78,78,78,78,78,78],"card_choices":[{"not_picked":["Streamline","Leap"],"picked":"Glacier","floor":0.0},{"not_picked":["BootSequence","Go for the Eyes"],"picked":"Sweeping Beam","floor":1.0},{"not_picked":["Cold Snap","Steam"],"picked":"Capacitor","floor":2.0},{"not_picked":["Coolheaded","Conserve Battery"],"picked":"Sweeping Beam","floor":3.0},{"not_picked":["Coolheaded","Go for the Eyes"],"picked":"Sunder","floor":7.0},{"not_picked":["Stack","Hyperbeam"],"picked":"Ball Lightning","floor":8.0},{"not_picked":["Skim","Barrage","Rebound"],"picked":"SKIP","floor":11.0},{"not_picked":["Auto Shields","Cold Snap"],"picked":"Leap","floor":13.0},{"not_picked":["Cold Snap","Go for the Eyes"],"picked":"Undo","floor":14.0},{"not_picked":["Machine Learning","Buffer"],"picked":"Hyperbeam","floor":16.0},{"not_picked":["Steam","Tempest"],"picked":"Compile Driver","floor":18.0},{"not_picked":["Rip and Tear","Lockon"],"picked":"Glacier","floor":19.0},{"not_picked":["Barrage","Beam Cell","Redo"],"picked":"SKIP","floor":23.0},{"not_picked":["Coolheaded","Gash"],"picked":"Sunder","floor":24.0},{"not_picked":["Compile Driver","Steam Power"],"picked":"Double Energy","floor":25.0},{"not_picked":["Steam Power","FTL+1"],"picked":"Undo","floor":27.0},{"not_picked":["Reinforced Body","Sunder"],"picked":"Genetic Algorithm","floor":31.0},{"not_picked":["Electrodynamics","Fission"],"picked":"Biased Cognition","floor":33.0},{"not_picked":["Storm","Conserve Battery"],"picked":"Recycle+1","floor":35},{"not_picked":["Go for the Eyes+1","Storm+1"],"picked":"Defragment","floor":40},{"not_picked":["Rebound","Hologram","Beam Cell"],"picked":"SKIP","floor":44},{"not_picked":["Redo","Fission","Turbo+1"],"picked":"SKIP","floor":46},{"not_picked":["Sunder","Conserve Battery"],"picked":"Coolheaded+1","floor":48}],"player_experience":439813,"relics_obtained":[{"floor":7.0,"key":"Du-Vu Doll"},{"floor":9.0,"key":"Letter Opener"},{"floor":11.0,"key":"Lantern"},{"floor":14.0,"key":"Bag of Marbles"},{"floor":23.0,"key":"Strawberry"},{"floor":25.0,"key":"Bronze Scales"},{"floor":26.0,"key":"Ancient Tea Set"},{"floor":27.0,"key":"Blood Vial"},{"floor":36,"key":"Ice Cream"},{"floor":40,"key":"Peace Pipe"},{"floor":43,"key":"Pantograph"}],"event_choices":[{"damage_healed":0.0,"max_hp_gain":0.0,"max_hp_loss":0.0,"gold_gain":0.0,"event_name":"Golden Idol","player_choice":"Take Wound","floor":5.0,"gold_loss":0.0,"damage_taken":0.0,"relics_obtained":["Golden Idol"],"cards_obtained":["Injury"]},{"cards_removed":["Strike_B"],"damage_healed":0.0,"max_hp_gain":0.0,"max_hp_loss":0.0,"gold_gain":0.0,"event_name":"Beggar","player_choice":"Gave Gold","floor":20.0,"gold_loss":75.0,"damage_taken":0.0},{"damage_healed":0.0,"max_hp_gain":0.0,"max_hp_loss":0.0,"gold_gain":50.0,"event_name":"Nest","player_choice":"Stole From Cult","floor":21.0,"gold_loss":0.0,"damage_taken":0.0},{"damage_healed":0.0,"max_hp_gain":0.0,"max_hp_loss":0.0,"gold_gain":0.0,"event_name":"Forgotten Altar","player_choice":"Gave Idol","floor":28.0,"relics_lost":["Golden Idol"],"gold_loss":0.0,"damage_taken":0.0,"relics_obtained":["Bloody Idol"]},{"damage_healed":0.0,"max_hp_gain":0.0,"max_hp_loss":0.0,"gold_gain":0.0,"event_name":"Back to Basics","player_choice":"Simplicity","floor":29.0,"gold_loss":0.0,"damage_taken":0.0,"cards_upgraded":["Strike_B","Strike_B","Defend_B","Defend_B","Defend_B","Defend_B"]},{"damage_healed":0,"gold_gain":0,"player_choice":"Relic","damage_taken":0,"max_hp_gain":0,"max_hp_loss":0,"event_name":"Wheel of Change","floor":36,"gold_loss":0},{"damage_healed":0,"gold_gain":0,"player_choice":"Memory 1","damage_taken":0,"max_hp_gain":0,"max_hp_loss":0,"event_name":"SensoryStone","floor":38,"gold_loss":0},{"damage_healed":0,"gold_gain":50,"player_choice":"Pray","damage_taken":0,"max_hp_gain":0,"max_hp_loss":0,"event_name":"Golden Shrine","floor":47,"gold_loss":0}],"is_beta":false,"boss_relics":[{"not_picked":["Sozu","Eternal Feather"],"picked":"Snecko Eye"},{"not_picked":["Lizard Tail","Busted Crown"],"picked":"Nuclear Battery"}],"items_purged_floors":[22,37],"is_endless":false,"potions_floor_spawned":[1,13,25,27,31,35,40],"ascension_level":19}