{"gold_per_floor":[367,337,19,35,55,55,80,80,130,130,143,206,37,69,69,69],"floor_reached":16,"playtime":674,"items_purged":[],"score":220,"play_id":"08fb7d8f-73f0-4977-964e-13f531e162c0","local_time":"20190818210526","is_ascension_mode":true,"campfire_choices":[{"floor":6.0,"key":"REST"},{"floor":8.0,"key":"REST"},{"data":"Night Terror","floor":15.0,"key":"SMITH"}],"neow_cost":"PERCENT_DAMAGE","seed_source_timestamp":153900319668700,"circlet_count":0,"master_deck":["AscendersBane","Strike_G","Strike_G","Strike_G","Strike_G","Strike_G","Defend_G","Defend_G","Defend_G","Defend_G","Defend_G","Survivor","Neutralize","Dagger Spray","Well Laid Plans","Sucker Punch","Noxious Fumes","Backstab","Dodge and Roll","PiercingWail","Backflip","Night Terror+1"],"special_seed":0,"relics":["Ring of the Snake","Ornamental Fan","Lantern","Oddly Smooth Stone","SsserpentHead","Ancient Tea Set","Regal Pillow"],"potions_floor_usage":[],"damage_taken":[{"damage":5.0,"enemies":"Small Slimes","floor":1.0,"turns":5.0},{"damage":2.0,"enemies":"Cultist","floor":4.0,"turns":5.0},{"damage":2.0,"enemies":"Jaw Worm","floor":5.0,"turns":4.0},{"damage":30.0,"enemies":"Gremlin Nob","floor":7.0,"turns":5.0},{"damage":0.0,"enemies":"Lots of Slimes","floor":11.0,"turns":2.0},{"damage":0.0,"enemies":"Red Slaver","floor":12.0,"turns":5.0},{"damage":1.0,"enemies":"3 Sentries","floor":14.0,"turns":8.0},{"damage":0,"enemies":"Slime Boss","floor":16,"turns":3}],"seed_played":"-4908657790174784486","potions_obtained":[{"floor":2.0,"key":"GamblersBrew"},{"floor":2.0,"key":"Swift Potion"},{"floor":7.0,"key":"Swift Potion"},{"floor":11.0,"key":"Regen Potion"},{"floor":14.0,"key":"Energy Potion"}],"is_trial":false,"path_per_floor":["M","?","$","M","M","R","E","R","T","?","M","M","$","E","R","B"],"character_chosen":"THE_SILENT","items_purchased":["Ornamental Fan","Well Laid Plans","Ancient Tea Set","Backflip"],"campfire_rested":2,"item_purchase_floors":[3,3,13,13],"current_hp_per_floor":[39,39,39,37,35,54,24,43,43,43,43,43,43,57,57,57],"gold":69,"neow_bonus":"TWO_FIFTY_GOLD","is_prod":false,"is_daily":false,"chose_seed":false,"campfire_upgraded":1,"win_rate":0,"timestamp":1566155126,"path_taken":["M","?","$","M","?","R","E","R","T","?","M","?","?","E","R","BOSS"],"build_version":"2019-07-17","purchased_purges":0,"victory":false,"max_hp_per_floor":[66,66,66,66,66,66,66,66,66,66,66,66,66,66,66,66],"card_choices":[{"not_picked":["Outmaneuver","Prepared"],"picked":"Dagger Spray","floor":1.0},{"not_picked":["Deflect","Flechettes"],"picked":"Sucker Punch","floor":4.0},{"not_picked":["Underhanded Strike","Catalyst"],"picked":"Noxious Fumes","floor":5.0},{"not_picked":["Prepared","Setup"],"picked":"Backstab","floor":7.0},{"not_picked":["Expertise","Underhanded Strike"],"picked":"Dodge and Roll","floor":11.0},{"not_picked":["Riddle With Holes","Concentrate"],"picked":"PiercingWail","floor":12.0},{"not_picked":["Outmaneuver","Flying Knee"],"picked":"Night Terror","floor":14.0}],"player_experience":1137650,"relics_obtained":[{"floor":7.0,"key":"Lantern"},{"floor":9.0,"key":"Oddly Smooth Stone"},{"floor":14.0,"key":"Regal Pillow"}],"event_choices":[{"damage_healed":0.0,"max_hp_gain":0.0,"max_hp_loss":0.0,"gold_gain":0.0,"event_name":"The Woman in Blue","player_choice":"Bought 2 Potions","floor":2.0,"gold_loss":0.0,"damage_taken":0.0},{"damage_healed":0.0,"max_hp_gain":0.0,"max_hp_loss":0.0,"gold_gain":0.0,"event_name":"FaceTrader","player_choice":"Trade","floor":10.0,"gold_loss":0.0,"damage_taken":0.0,"relics_obtained":["SsserpentHead"]}],"is_beta":false,"boss_relics":[],"items_purged_floors":[],"is_endless":false,"potions_floor_spawned":[7,11,14],"killed_by":"Slime Boss","ascension_level":20}