{"gold_per_floor":[110,128,143,153,163,163,194,6,6,6,6,22,22,54,54,158,158,177,196,61,61,61,61],"floor_reached":23,"playtime":847,"items_purged":["Strike_B"],"score":251,"play_id":"2b98a0c8-169b-47e4-a184-447eab89f86a","local_time":"20190613190537","is_ascension_mode":true,"campfire_choices":[{"data":"Zap","floor":6,"key":"SMITH"},{"data":"Defragment","floor":11,"key":"SMITH"},{"data":"Electrodynamics","floor":13,"key":"SMITH"},{"data":"Leap","floor":15,"key":"SMITH"}],"neow_cost":"TEN_PERCENT_HP_LOSS","seed_source_timestamp":164949631494935,"circlet_count":0,"master_deck":["Strike_B+1","Strike_B+1","Strike_B+1","Defend_B+1","Defend_B+1","Defend_B+1","Defend_B+1","Zap+1","Dualcast","Ball Lightning","Auto Shields","Cold Snap","Gash","Electrodynamics+1","Static Discharge","Defragment+1","Conserve Battery","Decay","Leap+1","Beam Cell","Thunder Strike","White Noise+1","Seek"],"relics":["Cracked Core","Turnip","MawBank","Matryoshka","Dodecahedron","Inserter"],"potions_floor_usage":[1,7,14],"damage_taken":[{"damage":0,"enemies":"2 Louse","floor":1,"turns":1},{"damage":1,"enemies":"Cultist","floor":2,"turns":4},{"damage":5,"enemies":"Small Slimes","floor":3,"turns":3},{"damage":9,"enemies":"2 Fungi Beasts","floor":4,"turns":3},{"damage":4,"enemies":"Exordium Wildlife","floor":5,"turns":4},{"damage":13,"enemies":"3 Sentries","floor":7,"turns":4},{"damage":13,"enemies":"Blue Slaver","floor":12,"turns":3},{"damage":2,"enemies":"Gremlin Nob","floor":14,"turns":3},{"damage":18,"enemies":"The Guardian","floor":16,"turns":9},{"damage":6,"enemies":"Spheric Guardian","floor":18,"turns":4},{"damage":15,"enemies":"Shell Parasite","floor":19,"turns":8},{"damage":38,"enemies":"Book of Stabbing","floor":23,"turns":4}],"seed_played":"-2407131006516497997","potions_obtained":[{"floor":1,"key":"Fruit Juice"},{"floor":2,"key":"SpeedPotion"},{"floor":5,"key":"AttackPotion"},{"floor":19,"key":"EssenceOfSteel"}],"is_trial":false,"path_per_floor":["M","M","M","M","M","R","E","$","T","?","R","M","R","E","R","B",null,"M","M","$","?","?","E"],"character_chosen":"DEFECT","items_purchased":["Defragment","Conserve Battery","Seek"],"campfire_rested":0,"item_purchase_floors":[8,8,20],"current_hp_per_floor":[73,72,67,58,54,54,41,41,41,41,41,28,28,26,26,8,57,51,36,36,36,36,0],"gold":61,"neow_bonus":"ONE_RARE_RELIC","is_prod":false,"is_daily":false,"chose_seed":false,"campfire_upgraded":4,"win_rate":0,"timestamp":1560470737,"path_taken":["M","M","M","M","M","R","E","$","T","?","R","?","R","E","R","BOSS","M","M","$","?","?","E"],"build_version":"2019-01-23","purchased_purges":1,"victory":false,"max_hp_per_floor":[73,73,73,73,73,73,73,73,73,73,73,73,73,73,73,73,73,73,73,73,73,73,73],"card_choices":[{"not_picked":["Recycle","Reinforced Body"],"picked":"Ball Lightning","floor":1},{"not_picked":["Coolheaded","Barrage"],"picked":"Auto Shields","floor":2},{"not_picked":["Streamline","Ball Lightning"],"picked":"Cold Snap","floor":3},{"not_picked":["Rebound","Sweeping Beam"],"picked":"Gash","floor":4},{"not_picked":["Leap","Go for the Eyes"],"picked":"Electrodynamics","floor":5},{"not_picked":["Redo","Hello World"],"picked":"Static Discharge","floor":7},{"not_picked":["Redo","Rebound"],"picked":"Leap","floor":12},{"not_picked":["Conserve Battery","Barrage"],"picked":"Beam Cell","floor":14},{"not_picked":["Rainbow","Electrodynamics"],"picked":"Thunder Strike","floor":16},{"not_picked":["Go for the Eyes+1","Double Energy+1"],"picked":"White Noise+1","floor":18},{"not_picked":["Turbo","Gash","Skim+1"],"picked":"SKIP","floor":19}],"player_experience":171127,"relics_obtained":[{"floor":7,"key":"MawBank"},{"floor":9,"key":"Matryoshka"},{"floor":14,"key":"Dodecahedron"}],"event_choices":[{"damage_healed":0,"gold_gain":0,"player_choice":"Cursed","damage_taken":0,"max_hp_gain":0,"max_hp_loss":0,"event_name":"Wheel of Change","floor":10,"gold_loss":0,"cards_obtained":["Decay"]},{"damage_healed":0,"gold_gain":0,"player_choice":"Ignored","damage_taken":0,"max_hp_gain":0,"max_hp_loss":0,"event_name":"Vampires","floor":21,"gold_loss":0},{"damage_healed":0,"gold_gain":0,"player_choice":"Simplicity","damage_taken":0,"max_hp_gain":0,"max_hp_loss":0,"event_name":"Back to Basics","floor":22,"gold_loss":0,"cards_upgraded":["Strike_B","Strike_B","Strike_B","Defend_B","Defend_B","Defend_B","Defend_B"]}],"is_beta":false,"boss_relics":[{"not_picked":["Philosopher\u0027s Stone","Nuclear Battery"],"picked":"Inserter"}],"items_purged_floors":[8],"is_endless":false,"potions_floor_spawned":[1,2,5,19],"killed_by":"Book of Stabbing","ascension_level":5}