{"gold_per_floor":[110,110,129,149,149,182,182,49,49,61,72,99,99,113,113,190,190,208,388,7,19,19,19,46,46,70,88,101,101,101,101,101,178,178,188,188,234,249,267,292,292,292,319,333,333,349,375,385,385,385,385,385,5,35,35],"floor_reached":56,"playtime":2930,"items_purged":["Strike_G+1","Doubt"],"score":1846,"play_id":"099e2b44-b99e-44e0-820f-31b8ec04869e","local_time":"20190717003127","is_ascension_mode":true,"campfire_choices":[{"data":"Bouncing Flask","floor":7,"key":"SMITH"},{"floor":15,"key":"REST"},{"floor":23,"key":"REST"},{"data":"Apotheosis","floor":25,"key":"SMITH"},{"floor":29,"key":"REST"},{"data":"Crippling Poison","floor":32,"key":"SMITH"},{"floor":41,"key":"REST"},{"floor":45,"key":"REST"},{"floor":49,"key":"RECALL"},{"data":"Night Terror","floor":52,"key":"SMITH"}],"neow_cost":"NONE","seed_source_timestamp":347948274947444,"circlet_count":0,"master_deck":["AscendersBane","Defend_G","Defend_G","Defend_G","Defend_G","Defend_G+1","Survivor+1","Neutralize+1","Bouncing Flask+1","Deflect","Crippling Poison+1","Night Terror+1","Poisoned Stab+1","Die Die Die","Crippling Poison+1","Endless Agony+1","Doppelganger+1","Infinite Blades","Noxious Fumes","PiercingWail+1","Apotheosis+1","Dark Shackles","Blade Dance","PiercingWail","Footwork+1","Necronomicurse","Wraith Form v2+1","Infinite Blades+1","Backflip","Acrobatics","Well Laid Plans+1","Blur","After Image+1","Predator+1","Footwork+1","Dash"],"relics":["Ring of the Snake","Meat on the Bone","Ancient Tea Set","The Courier","Orichalcum","Astrolabe","Frozen Egg 2","Lantern","Necronomicon","Cursed Key","StoneCalendar","Tough Bandages","Ninja Scroll","Whetstone","Anchor","War Paint"],"potions_floor_usage":[6,6,14,37,55,55],"damage_taken":[{"damage":9,"enemies":"Small Slimes","floor":1,"turns":5},{"damage":0,"enemies":"2 Louse","floor":3,"turns":3},{"damage":0,"enemies":"Cultist","floor":4,"turns":3},{"damage":16,"enemies":"3 Sentries","floor":6,"turns":10},{"damage":4,"enemies":"Blue Slaver","floor":10,"turns":3},{"damage":33,"enemies":"Exordium Wildlife","floor":11,"turns":8},{"damage":24,"enemies":"Gremlin Nob","floor":12,"turns":4},{"damage":0,"enemies":"Exordium Thugs","floor":14,"turns":4},{"damage":12,"enemies":"The Guardian","floor":16,"turns":9},{"damage":14,"enemies":"Chosen","floor":18,"turns":5},{"damage":3,"enemies":"2 Thieves","floor":21,"turns":4},{"damage":7,"enemies":"Gremlin Leader","floor":24,"turns":8},{"damage":2,"enemies":"Centurion and Healer","floor":27,"turns":5},{"damage":7,"enemies":"Sentry and Sphere","floor":28,"turns":5},{"damage":33,"enemies":"Collector","floor":33,"turns":13},{"damage":5,"enemies":"3 Shapes","floor":35,"turns":6},{"damage":42,"enemies":"2 Orb Walkers","floor":37,"turns":7},{"damage":8,"enemies":"Orb Walker","floor":38,"turns":5},{"damage":6,"enemies":"3 Darklings","floor":39,"turns":6},{"damage":22,"enemies":"Giant Head","floor":40,"turns":9},{"damage":15,"enemies":"Jaw Worm Horde","floor":44,"turns":5},{"damage":44,"enemies":"Spire Growth","floor":46,"turns":7},{"damage":0,"enemies":"Nemesis","floor":47,"turns":9},{"damage":11,"enemies":"3 Darklings","floor":48,"turns":6},{"damage":26,"enemies":"Donu and Deca","floor":50,"turns":11},{"damage":36,"enemies":"Shield and Spear","floor":54,"turns":8},{"damage":22,"enemies":"The Heart","floor":55,"turns":15}],"seed_played":"7507104860554270318","potions_obtained":[{"floor":3,"key":"Regen Potion"},{"floor":4,"key":"Poison Potion"},{"floor":10,"key":"Energy Potion"},{"floor":11,"key":"Swift Potion"},{"floor":16,"key":"Dexterity Potion"},{"floor":38,"key":"GhostInAJar"}],"is_trial":false,"path_per_floor":["M","?","M","M","?","E","R","?","T","M","M","E","?","M","R","B",null,"M","?","$","M","$","R","E","R","T","M","M","R","?","?","R","B",null,"M","?","?","M","M","E","R","?","T","M","R","M","E","M","R","B",null,"R","$","E","B",null],"character_chosen":"THE_SILENT","items_purchased":["Noxious Fumes","PiercingWail","Apotheosis","Dark Shackles","Blade Dance","Footwork+1","Whetstone","Anchor"],"campfire_rested":5,"item_purchase_floors":[20,20,20,20,20,53,53,53],"current_hp_per_floor":[54,54,54,54,40,39,39,39,39,47,26,14,14,26,47,47,64,50,29,29,38,38,59,52,52,52,50,43,64,48,48,48,27,59,54,54,24,28,34,24,45,45,45,42,63,31,43,44,44,30,60,60,60,36,26],"gold":35,"neow_bonus":"UPGRADE_CARD","is_prod":false,"is_daily":false,"chose_seed":false,"campfire_upgraded":4,"win_rate":0,"timestamp":1563337887,"path_taken":["M","?","M","M","?","E","R","?","T","M","?","E","?","M","R","BOSS","M","?","$","M","?","R","E","R","T","M","M","R","?","?","R","BOSS","M","?","?","M","M","E","R","?","T","M","R","M","E","?","R","BOSS","R","$","E","BOSS"],"build_version":"2019-07-05","purchased_purges":2,"victory":true,"max_hp_per_floor":[70,70,70,70,70,70,70,70,70,70,70,70,70,70,70,70,70,70,70,70,70,70,70,70,70,70,70,70,70,70,70,70,70,70,70,70,70,70,70,70,70,70,70,70,70,70,70,70,70,70,70,70,70,70,70],"card_choices":[{"not_picked":["Acrobatics","Dagger Throw","Sucker Punch"],"picked":"SKIP","floor":1},{"not_picked":["Flying Knee","Dash"],"picked":"Bouncing Flask","floor":3},{"not_picked":["Choke","Backflip"],"picked":"Deflect","floor":4},{"not_picked":["Prepared","Dagger Throw"],"picked":"Crippling Poison","floor":6},{"not_picked":["Choke","Sucker Punch"],"picked":"Night Terror","floor":10},{"not_picked":["Choke","Predator","Masterful Stab"],"picked":"SKIP","floor":11},{"not_picked":["Calculated Gamble","Dagger Throw","Eviscerate"],"picked":"SKIP","floor":12},{"not_picked":["Dagger Spray","Deflect"],"picked":"Poisoned Stab","floor":14},{"not_picked":["Grand Finale","Doppelganger"],"picked":"Die Die Die","floor":16},{"not_picked":["Skewer","Acrobatics"],"picked":"Infinite Blades","floor":18},{"not_picked":["Accuracy","Deadly Poison"],"picked":"PiercingWail","floor":21},{"not_picked":["Bane","Underhanded Strike+1"],"picked":"Infinite Blades","floor":24},{"not_picked":["Calculated Gamble","Dagger Throw"],"picked":"Footwork+1","floor":27},{"not_picked":["Cloak And Dagger","Sucker Punch","Acrobatics"],"picked":"SKIP","floor":28},{"not_picked":["Grand Finale","Venomology"],"picked":"Wraith Form v2+1","floor":33},{"not_picked":["Skewer+1","Terror+1"],"picked":"Infinite Blades+1","floor":35},{"not_picked":["Bouncing Flask","Outmaneuver"],"picked":"Backflip","floor":37},{"not_picked":["Dagger Throw","Reflex"],"picked":"Acrobatics","floor":38},{"not_picked":["Poisoned Stab+1","Bane+1","Dagger Throw"],"picked":"SKIP","floor":39},{"not_picked":["Bane","Glass Knife"],"picked":"Well Laid Plans+1","floor":40},{"not_picked":["Deadly Poison","Backflip"],"picked":"Blur","floor":44},{"not_picked":["Prepared","Flechettes","Infinite Blades+1"],"picked":"SKIP","floor":46},{"not_picked":["Slice","Caltrops+1"],"picked":"After Image+1","floor":47},{"not_picked":["Dagger Spray","Flying Knee"],"picked":"Predator","floor":48},{"not_picked":["Tactician","Acrobatics"],"picked":"Dash","floor":54}],"player_experience":697552,"relics_obtained":[{"floor":6,"key":"Meat on the Bone"},{"floor":9,"key":"The Courier"},{"floor":12,"key":"Orichalcum"},{"floor":24,"key":"Frozen Egg 2"},{"floor":26,"key":"Lantern"},{"floor":30,"key":"Necronomicon"},{"floor":37,"key":"StoneCalendar"},{"floor":40,"key":"Tough Bandages"},{"floor":47,"key":"Ninja Scroll"},{"floor":54,"key":"War Paint"}],"event_choices":[{"cards_removed":["Strike_G"],"damage_healed":0,"gold_gain":0,"player_choice":"Forget","damage_taken":0,"max_hp_gain":0,"max_hp_loss":0,"event_name":"Living Wall","floor":2,"gold_loss":0},{"damage_healed":0,"gold_gain":0,"player_choice":"Entered Light","damage_taken":14,"max_hp_gain":0,"max_hp_loss":0,"event_name":"Shining Light","floor":5,"gold_loss":0,"cards_upgraded":["Survivor","Strike_G"]},{"damage_healed":0,"gold_gain":0,"player_choice":"Paid Gold","damage_taken":0,"relics_obtained":["Ancient Tea Set"],"max_hp_gain":0,"max_hp_loss":0,"event_name":"WeMeetAgain","floor":8,"gold_loss":133},{"damage_healed":0,"gold_gain":0,"player_choice":"Ignored","damage_taken":0,"max_hp_gain":0,"max_hp_loss":0,"event_name":"Liars Game","floor":13,"gold_loss":0},{"damage_healed":0,"gold_gain":180,"player_choice":"GOLD GOLD ","damage_taken":21,"max_hp_gain":0,"max_hp_loss":0,"event_name":"Knowing Skull","floor":19,"potions_obtained":[],"gold_loss":0,"cards_obtained":[]},{"damage_healed":0,"gold_gain":0,"player_choice":"Obtained Book","damage_taken":16,"max_hp_gain":0,"max_hp_loss":0,"event_name":"Cursed Tome","floor":30,"gold_loss":0},{"damage_healed":0,"gold_gain":0,"player_choice":"Ignored","damage_taken":0,"max_hp_gain":0,"max_hp_loss":0,"event_name":"Ghosts","floor":31,"gold_loss":0},{"cards_removed":["Infinite Blades"],"damage_healed":0,"gold_gain":0,"player_choice":"Removed Power","damage_taken":0,"max_hp_gain":0,"max_hp_loss":0,"event_name":"Falling","floor":36,"gold_loss":0},{"damage_healed":0,"gold_gain":0,"player_choice":"Fight","damage_taken":0,"max_hp_gain":0,"max_hp_loss":0,"event_name":"Mysterious Sphere","floor":37,"gold_loss":0},{"damage_healed":0,"gold_gain":0,"player_choice":"Got Potions","damage_taken":0,"max_hp_gain":0,"max_hp_loss":0,"event_name":"Lab","floor":42,"gold_loss":0}],"is_beta":false,"boss_relics":[{"not_picked":["Empty Cage","Ring of the Serpent"],"picked":"Astrolabe"},{"not_picked":["Runic Dome","White Beast Statue"],"picked":"Cursed Key"}],"items_purged_floors":[20,53],"is_endless":false,"potions_floor_spawned":[3,4,10,11,16,21,24,33,35,38,39,46,48],"ascension_level":13}