{"gold_per_floor":[115,115,126,144,164,164,184,217,217,217,227,245,262,278,278,379,379,394,404,116,134,152,177,177,191,191,210,210,242,341,341],"floor_reached":31,"playtime":1429,"items_purged":["Parasite"],"score":308,"play_id":"9c79bc19-8e34-4deb-a8f5-e35aefb8a05a","local_time":"20190608144201","is_ascension_mode":false,"campfire_choices":[{"data":"Zap","floor":6,"key":"SMITH"},{"data":"Genetic Algorithm","floor":10,"key":"SMITH"},{"data":"Biased Cognition","floor":15,"key":"SMITH"}],"neow_cost":"NONE","seed_source_timestamp":95852588652341,"circlet_count":0,"master_deck":["Strike_B","Defend_B","Defend_B","Defend_B","Defend_B","Zap+1","Dualcast","Ball Lightning","Redo","Glacier","Ball Lightning","Genetic Algorithm+1","Go for the Eyes","Capacitor","Conserve Battery","Biased Cognition+1","Core Surge","Parasite","Clumsy","BootSequence","Self Repair","Seek","Compile Driver+1","Barrage","Auto Shields+1","Rainbow","Hello World","White Noise","Consume"],"relics":["Cracked Core","Odd Mushroom","Juzu Bracelet","Letter Opener","Calling Bell","Vajra","Dead Branch","Oddly Smooth Stone","Ice Cream","Nloth\u0027s Gift","Ginger"],"potions_floor_usage":[5,19,29],"damage_taken":[{"damage":1,"enemies":"Jaw Worm","floor":1,"turns":3},{"damage":0,"enemies":"Cultist","floor":3,"turns":3},{"damage":1,"enemies":"2 Louse","floor":4,"turns":2},{"damage":0,"enemies":"Exordium Wildlife","floor":5,"turns":2},{"damage":24,"enemies":"The Mushroom Lair","floor":7,"turns":5},{"damage":16,"enemies":"Gremlin Nob","floor":8,"turns":4},{"damage":3,"enemies":"Red Slaver","floor":11,"turns":3},{"damage":4,"enemies":"2 Fungi Beasts","floor":12,"turns":3},{"damage":0,"enemies":"Looter","floor":13,"turns":2},{"damage":6,"enemies":"Exordium Thugs","floor":14,"turns":3},{"damage":9,"enemies":"Hexaghost","floor":16,"turns":9},{"damage":11,"enemies":"Shell Parasite","floor":18,"turns":8},{"damage":16,"enemies":"2 Thieves","floor":19,"turns":4},{"damage":24,"enemies":"Snecko","floor":21,"turns":5},{"damage":4,"enemies":"Centurion and Healer","floor":22,"turns":9},{"damage":0,"enemies":"Gremlin Leader","floor":23,"turns":4},{"damage":0,"enemies":"Cultist and Chosen","floor":25,"turns":5},{"damage":9,"enemies":"Shelled Parasite and Fungi","floor":27,"turns":5},{"damage":35,"enemies":"Slavers","floor":29,"turns":7},{"damage":28,"enemies":"3 Cultists","floor":31,"turns":3}],"seed_played":"1909481882029834613","potions_obtained":[{"floor":3,"key":"Poison Potion"},{"floor":11,"key":"SpeedPotion"},{"floor":12,"key":"EssenceOfSteel"},{"floor":14,"key":"Ancient Potion"},{"floor":22,"key":"FairyPotion"},{"floor":23,"key":"Regen Potion"},{"floor":29,"key":"SteroidPotion"}],"is_trial":false,"path_per_floor":["M","?","M","M","M","R","?","E","T","R","M","M","M","M","R","B",null,"M","M","$","M","M","E","?","M","T","M","?","E","?","M"],"character_chosen":"DEFECT","items_purchased":["Self Repair","Oddly Smooth Stone"],"campfire_rested":0,"item_purchase_floors":[20,20],"current_hp_per_floor":[81,81,81,80,80,80,56,40,40,40,37,33,33,27,27,18,82,71,55,55,31,34,41,41,48,48,39,39,19,19,0],"gold":341,"neow_bonus":"TEN_PERCENT_HP_BONUS","is_prod":false,"is_daily":false,"chose_seed":false,"campfire_upgraded":3,"win_rate":0,"timestamp":1560022921,"path_taken":["M","?","?","M","M","R","?","E","T","R","M","M","M","M","R","BOSS","M","M","$","M","M","E","?","M","T","M","?","E","?","M"],"build_version":"2019-01-23","purchased_purges":1,"victory":false,"max_hp_per_floor":[82,82,82,82,82,82,82,82,82,82,82,82,82,82,82,82,82,82,82,79,79,79,79,79,79,79,79,79,79,79,79],"card_choices":[{"not_picked":["White Noise","Coolheaded"],"picked":"Ball Lightning","floor":1},{"not_picked":["Recycle","Leap"],"picked":"Glacier","floor":3},{"not_picked":["Rebound","Reprogram"],"picked":"Ball Lightning","floor":4},{"not_picked":["Leap","Sweeping Beam"],"picked":"Genetic Algorithm","floor":5},{"not_picked":["Steam Power","Ball Lightning"],"picked":"Go for the Eyes","floor":8},{"not_picked":["Force Field","Darkness"],"picked":"Capacitor","floor":11},{"not_picked":["Beam Cell","Rebound"],"picked":"Conserve Battery","floor":12},{"not_picked":["Steam","White Noise","Chaos"],"picked":"SKIP","floor":13},{"not_picked":["Leap","Compile Driver"],"picked":"Biased Cognition","floor":14},{"not_picked":["Meteor Strike","Fission"],"picked":"Core Surge","floor":16},{"not_picked":["Ball Lightning","Redo","Conserve Battery","Coolheaded"],"picked":"SKIP","floor":18},{"not_picked":["Conserve Battery","Sweeping Beam","Steam Power"],"picked":"BootSequence","floor":19},{"not_picked":["Double Energy","Gash","Conserve Battery"],"picked":"Seek","floor":21},{"not_picked":["Conserve Battery","Coolheaded+1","Lockon"],"picked":"Compile Driver+1","floor":22},{"not_picked":["Go for the Eyes","Stack","Cold Snap"],"picked":"Barrage","floor":23},{"not_picked":["Glacier","Lockon+1"],"picked":"Auto Shields+1","floor":25},{"not_picked":["Cold Snap","Fusion"],"picked":"Rainbow","floor":27},{"not_picked":["Go for the Eyes","Genetic Algorithm+1"],"picked":"Consume","floor":29}],"player_experience":139580,"relics_obtained":[{"floor":7,"key":"Odd Mushroom"},{"floor":8,"key":"Juzu Bracelet"},{"floor":9,"key":"Letter Opener"},{"floor":17,"key":"Vajra"},{"floor":17,"key":"Question Card"},{"floor":17,"key":"Dead Branch"},{"floor":23,"key":"Ice Cream"},{"floor":29,"key":"Ginger"}],"event_choices":[{"damage_healed":0,"gold_gain":0,"cards_transformed":["Strike_B"],"player_choice":"Transformed","damage_taken":0,"max_hp_gain":0,"max_hp_loss":0,"event_name":"Transmorgrifier","floor":2,"gold_loss":0,"cards_obtained":["Redo"]},{"damage_healed":0,"gold_gain":0,"player_choice":"Fought Mushrooms","damage_taken":0,"max_hp_gain":0,"max_hp_loss":0,"event_name":"Mushrooms","floor":7,"gold_loss":0},{"damage_healed":0,"gold_gain":0,"player_choice":"Traded Relic","damage_taken":0,"relics_obtained":["Nloth\u0027s Gift"],"max_hp_gain":0,"max_hp_loss":0,"event_name":"N\u0027loth","floor":24,"relics_lost":["Question Card"],"gold_loss":0},{"damage_healed":0,"gold_gain":0,"cards_transformed":["Strike_B","Strike_B"],"player_choice":"Became Test Subject","damage_taken":0,"max_hp_gain":0,"max_hp_loss":0,"event_name":"Drug Dealer","floor":28,"gold_loss":0,"cards_obtained":["Hello World","White Noise"]},{"damage_healed":0,"gold_gain":99,"player_choice":"Stole From Cult","damage_taken":0,"max_hp_gain":0,"max_hp_loss":0,"event_name":"Nest","floor":30,"gold_loss":0}],"is_beta":false,"boss_relics":[{"not_picked":["Eternal Feather","Ectoplasm"],"picked":"Calling Bell"}],"items_purged_floors":[20],"is_endless":false,"potions_floor_spawned":[3,11,12,14,22,23,29],"killed_by":"3 Cultists","ascension_level":0}