{"gold_per_floor":[113,113,0,11,24,24,59,71,83,95,107,154,241,271,283,393,405,436,448,460,482,511,523,186,198,198,73,92,40,40,60,60,160,160,179,29,47,9,9,9,9,43,70,98,98,123,137,154,154,154],"floor_reached":50,"playtime":2638,"items_purged":["Strike_B","Defend_B","Defend_B"],"score":588,"play_id":"06d5c47a-0632-49c0-99ed-5d43f82b7811","local_time":"20190716192822","is_ascension_mode":false,"campfire_choices":[{"data":"Dualcast","floor":6,"key":"SMITH"},{"floor":8,"key":"REST"},{"data":"Zap","floor":10,"key":"SMITH"},{"floor":15,"key":"REST"},{"data":"Beam Cell","floor":23,"key":"SMITH"},{"floor":32,"key":"REST"},{"floor":40,"key":"REST"},{"floor":45,"key":"REST"},{"floor":49,"key":"REST"}],"neow_cost":"TEN_PERCENT_HP_LOSS","seed_source_timestamp":673369890849031,"circlet_count":0,"master_deck":["Strike_B","Defend_B","Zap+1","Dualcast+1","FTL","Double Energy","Go for the Eyes","Skim","Gash","Go for the Eyes","Rainbow","Rip and Tear+1","Biased Cognition+1","Reboot+1","Gash+1","Beam Cell+1","Gash","Turbo+1","Gash","Multi-Cast","Hologram+1","FTL","Writhe","Skim+1","Doubt","Beam Cell+1","Steam Power+1","BootSequence+1","Steam+1"],"relics":["Cracked Core","Thread and Needle","Sundial","MawBank","Happy Flower","Mummified Hand","Astrolabe","Gremlin Horn","Pocketwatch","Cursed Key","Centennial Puzzle","Toxic Egg 2","Juzu Bracelet","Pen Nib","Potion Belt","Kunai"],"potions_floor_usage":[50,50],"damage_taken":[{"damage":0,"enemies":"2 Louse","floor":1,"turns":3},{"damage":0,"enemies":"Small Slimes","floor":4,"turns":2},{"damage":0,"enemies":"Cultist","floor":5,"turns":3},{"damage":15,"enemies":"Lagavulin","floor":7,"turns":6},{"damage":10,"enemies":"3 Sentries","floor":12,"turns":6},{"damage":0,"enemies":"3 Louse","floor":14,"turns":3},{"damage":33,"enemies":"The Guardian","floor":16,"turns":10},{"damage":0,"enemies":"Shell Parasite","floor":18,"turns":4},{"damage":0,"enemies":"3 Byrds","floor":21,"turns":3},{"damage":4,"enemies":"Snake Plant","floor":22,"turns":2},{"damage":20,"enemies":"Snecko","floor":25,"turns":5},{"damage":0,"enemies":"Cultist and Chosen","floor":28,"turns":4},{"damage":0,"enemies":"3 Cultists","floor":31,"turns":3},{"damage":47,"enemies":"Collector","floor":33,"turns":7},{"damage":3,"enemies":"Orb Walker","floor":35,"turns":2},{"damage":26,"enemies":"3 Shapes","floor":37,"turns":2},{"damage":5,"enemies":"Nemesis","floor":42,"turns":3},{"damage":18,"enemies":"Reptomancer","floor":44,"turns":4},{"damage":1,"enemies":"Nemesis","floor":46,"turns":3},{"damage":30,"enemies":"Maw","floor":47,"turns":5},{"damage":3,"enemies":"Spire Growth","floor":48,"turns":3},{"damage":42,"enemies":"Time Eater","floor":50,"turns":5}],"seed_played":"2017076625764917180","potions_obtained":[{"floor":4,"key":"Poison Potion"},{"floor":5,"key":"PowerPotion"},{"floor":14,"key":"Explosive Potion"},{"floor":46,"key":"Swift Potion"}],"is_trial":false,"path_per_floor":["M","?","$","M","M","R","E","R","T","R","$","E","?","M","R","B",null,"M","?","?","M","M","R","$","M","T","$","M","$","?","M","R","B",null,"M","$","M","$","T","R","?","E","T","E","R","E","M","M","R","B"],"character_chosen":"DEFECT","items_purchased":["FTL","Gremlin Horn","Gash","Centennial Puzzle","FTL"],"campfire_rested":6,"item_purchase_floors":[3,24,29,36,38],"current_hp_per_floor":[68,61,61,61,61,61,46,66,66,66,66,56,45,45,65,32,68,68,68,68,68,64,64,64,44,44,44,44,44,38,38,58,11,68,65,65,39,39,39,59,59,54,54,36,56,55,25,22,42,0],"gold":154,"neow_bonus":"ONE_RARE_RELIC","is_prod":false,"is_daily":false,"chose_seed":false,"campfire_upgraded":3,"win_rate":0.0,"timestamp":1563330502,"path_taken":["M","?","$","M","M","R","E","R","T","R","$","E","?","M","R","BOSS","M","?","?","M","?","R","$","M","T","$","M","$","?","M","R","BOSS","M","$","M","$","?","R","?","E","T","E","R","E","M","M","R","BOSS"],"build_version":"2019-07-05","purchased_purges":3,"victory":false,"max_hp_per_floor":[68,68,68,68,68,68,68,68,68,68,68,68,68,68,68,68,68,68,68,68,68,68,68,68,68,68,68,68,68,68,68,68,68,68,68,68,68,68,68,68,68,68,68,68,68,68,68,68,68,68],"card_choices":[{"not_picked":["Ball Lightning","Rebound","Doom and Gloom"],"picked":"SKIP","floor":1},{"not_picked":["Redo","Rip and Tear"],"picked":"Double Energy","floor":4},{"not_picked":["Blizzard","Stack"],"picked":"Go for the Eyes","floor":5},{"not_picked":["Stack","Leap"],"picked":"Skim","floor":7},{"not_picked":["Stack","Conserve Battery"],"picked":"Gash","floor":12},{"not_picked":["Electrodynamics","Steam"],"picked":"Go for the Eyes","floor":14},{"not_picked":["Electrodynamics","Buffer"],"picked":"Rainbow","floor":16},{"not_picked":["Melter","White Noise"],"picked":"Gash+1","floor":18},{"not_picked":["Rebound","Ball Lightning","Glacier+1"],"picked":"SKIP","floor":21},{"not_picked":["Blizzard","Cold Snap"],"picked":"Gash","floor":22},{"not_picked":["White Noise","Steam Power"],"picked":"Turbo+1","floor":25},{"not_picked":["Doom and Gloom+1","Streamline","Steam"],"picked":"SKIP","floor":28},{"not_picked":["Darkness","Biased Cognition","Fusion+1"],"picked":"SKIP","floor":31},{"not_picked":["Rainbow","Fission"],"picked":"Multi-Cast","floor":33},{"not_picked":["Streamline","Barrage+1"],"picked":"Hologram+1","floor":35},{"not_picked":["Leap","Barrage+1","Force Field+1"],"picked":"SKIP","floor":37},{"not_picked":["Compile Driver+1","Meteor Strike"],"picked":"Skim+1","floor":42},{"not_picked":["Compile Driver+1","Hologram+1"],"picked":"Beam Cell+1","floor":44},{"not_picked":["Leap+1","Melter"],"picked":"Steam Power+1","floor":46},{"not_picked":["Gash","Ball Lightning+1"],"picked":"BootSequence+1","floor":47},{"not_picked":["Barrage","Leap+1"],"picked":"Steam+1","floor":48}],"player_experience":134798,"relics_obtained":[{"floor":7,"key":"MawBank"},{"floor":9,"key":"Happy Flower"},{"floor":12,"key":"Mummified Hand"},{"floor":26,"key":"Pocketwatch"},{"floor":39,"key":"Toxic Egg 2"},{"floor":42,"key":"Juzu Bracelet"},{"floor":43,"key":"Pen Nib"},{"floor":44,"key":"Potion Belt"},{"floor":46,"key":"Kunai"}],"event_choices":[{"damage_healed":0,"gold_gain":0,"player_choice":"Success","damage_taken":7,"relics_obtained":["Sundial"],"max_hp_gain":0,"max_hp_loss":0,"event_name":"Scrap Ooze","floor":2,"gold_loss":0},{"damage_healed":0,"gold_gain":75,"player_choice":"Gather Gold","damage_taken":11,"max_hp_gain":0,"max_hp_loss":0,"event_name":"World of Goop","floor":13,"gold_loss":0},{"damage_healed":0,"gold_gain":0,"player_choice":"Read","damage_taken":0,"max_hp_gain":0,"max_hp_loss":0,"event_name":"The Library","floor":19,"gold_loss":0,"cards_obtained":["Beam Cell"]},{"damage_healed":0,"gold_gain":0,"player_choice":"Bought 0 Potions","damage_taken":0,"max_hp_gain":0,"max_hp_loss":0,"event_name":"The Woman in Blue","floor":20,"gold_loss":0},{"damage_healed":0,"gold_gain":0,"player_choice":"","damage_taken":6,"max_hp_gain":0,"max_hp_loss":0,"event_name":"Knowing Skull","floor":30,"potions_obtained":[],"gold_loss":0,"cards_obtained":[]},{"damage_healed":0,"gold_gain":0,"player_choice":"Ignored","damage_taken":0,"max_hp_gain":0,"max_hp_loss":0,"event_name":"Mysterious Sphere","floor":41,"gold_loss":0}],"is_beta":false,"boss_relics":[{"not_picked":["Philosopher\u0027s Stone","Sozu"],"picked":"Astrolabe"},{"not_picked":["Velvet Choker","Empty Cage"],"picked":"Cursed Key"}],"items_purged_floors":[3,24,27],"is_endless":false,"potions_floor_spawned":[4,5,14,18,21,33,37,42,46,47],"killed_by":"Time Eater","ascension_level":0}