{"gold_per_floor":[110,121,136,136,136,165,135,151,178,178,193,143,143,143],"floor_reached":14,"playtime":467,"items_purged":[],"score":140,"play_id":"031a8190-3f01-4bb1-8263-35eda68560d8","local_time":"20190601094620","is_ascension_mode":true,"campfire_choices":[{"floor":10,"key":"REST"}],"neow_cost":"NONE","seed_source_timestamp":1509968317631011,"circlet_count":0,"master_deck":["AscendersBane","Strike_R","Strike_R","Strike_R","Strike_R","Strike_R+1","Defend_R","Defend_R","Defend_R","Defend_R","Bash","Disarm","Shockwave","Clothesline","Anger","Carnage+1","Cleave"],"relics":["Burning Blood","Art of War","Bag of Marbles","Whetstone"],"potions_floor_usage":[7,14],"damage_taken":[{"damage":6,"enemies":"Cultist","floor":1,"turns":4},{"damage":15,"enemies":"Small Slimes","floor":2,"turns":3},{"damage":9,"enemies":"2 Louse","floor":3,"turns":3},{"damage":44,"enemies":"3 Sentries","floor":6,"turns":10},{"damage":4,"enemies":"Looter","floor":7,"turns":4},{"damage":18,"enemies":"3 Louse","floor":8,"turns":4},{"damage":24,"enemies":"Exordium Wildlife","floor":11,"turns":3},{"damage":27,"enemies":"Gremlin Nob","floor":14,"turns":3}],"seed_played":"-573134192303707729","potions_obtained":[{"floor":1,"key":"Regen Potion"},{"floor":6,"key":"PowerPotion"},{"floor":8,"key":"Ancient Potion"}],"is_trial":false,"path_per_floor":["M","M","M","?","?","E","M","M","T","R","M","?","?","E"],"character_chosen":"IRONCLAD","items_purchased":[],"campfire_rested":1,"item_purchase_floors":[],"current_hp_per_floor":[80,71,68,73,48,10,26,14,14,41,23,23,23,0],"gold":143,"neow_bonus":"TEN_PERCENT_HP_BONUS","is_prod":false,"is_daily":false,"chose_seed":false,"campfire_upgraded":0,"win_rate":0,"timestamp":1559396780,"path_taken":["M","M","?","?","?","E","M","M","T","R","M","?","?","E"],"build_version":"2019-01-23","purchased_purges":0,"victory":false,"max_hp_per_floor":[88,88,88,93,93,93,93,93,93,93,93,93,93,93],"card_choices":[{"not_picked":["Thunderclap","True Grit"],"picked":"Disarm","floor":1},{"not_picked":["Cleave","Warcry"],"picked":"Shockwave","floor":2},{"not_picked":["Sword Boomerang","Infernal Blade"],"picked":"Clothesline","floor":3},{"not_picked":["Pommel Strike","Cleave"],"picked":"Anger","floor":6},{"not_picked":["Sword Boomerang","Rupture"],"picked":"Carnage","floor":7},{"not_picked":["Infernal Blade","Burning Pact"],"picked":"Cleave","floor":8},{"not_picked":["Sword Boomerang","Twin Strike","Iron Wave"],"picked":"SKIP","floor":11}],"player_experience":550694,"relics_obtained":[{"floor":6,"key":"Bag of Marbles"},{"floor":9,"key":"Whetstone"}],"event_choices":[{"damage_healed":0,"gold_gain":0,"player_choice":"Donut","damage_taken":0,"max_hp_gain":5,"max_hp_loss":0,"event_name":"Big Fish","floor":4,"gold_loss":0},{"damage_healed":0,"gold_gain":0,"player_choice":"Success","damage_taken":25,"relics_obtained":["Art of War"],"max_hp_gain":0,"max_hp_loss":0,"event_name":"Scrap Ooze","floor":5,"gold_loss":0},{"damage_healed":0,"gold_gain":0,"player_choice":"Left Gold","damage_taken":0,"max_hp_gain":0,"max_hp_loss":0,"event_name":"World of Goop","floor":12,"gold_loss":50},{"damage_healed":0,"gold_gain":0,"player_choice":"Ignored","damage_taken":0,"max_hp_gain":0,"max_hp_loss":0,"event_name":"Liars Game","floor":13,"gold_loss":0}],"is_beta":false,"boss_relics":[],"items_purged_floors":[],"is_endless":false,"potions_floor_spawned":[1,6,8,11],"killed_by":"Gremlin Nob","ascension_level":11}