{"gold_per_floor":[109,127,127,142,161,161,189,189,242,254,12,29,29,57,57,131,131,148,158,171,71,71,71],"floor_reached":23,"playtime":835,"items_purged":["Strike_B","Strike_B"],"score":376,"play_id":"b511a59f-1f40-4b2b-902b-3b9b78391af0","local_time":"20190803085040","is_ascension_mode":true,"campfire_choices":[{"data":"Ball Lightning","floor":6,"key":"SMITH"},{"data":"Zap","floor":8,"key":"SMITH"},{"floor":13,"key":"REST"},{"floor":15,"key":"REST"}],"neow_cost":"TEN_PERCENT_HP_LOSS","seed_source_timestamp":2107656549781979,"circlet_count":0,"master_deck":["AscendersBane","Strike_B","Strike_B","Defend_B","Defend_B","Defend_B","Defend_B","Zap+1","Dualcast","Hyperbeam+1","Ball Lightning+1","Compile Driver","Steam","Leap","Fission","Heatsinks+1","Gash+1","Ghostly","Ghostly","Ghostly"],"relics":["Cracked Core","Oddly Smooth Stone","Tiny Chest","Lantern","Regal Pillow","Sozu"],"potions_floor_usage":[7,16],"damage_taken":[{"damage":0,"enemies":"Small Slimes","floor":1,"turns":1},{"damage":1,"enemies":"Cultist","floor":2,"turns":3},{"damage":7,"enemies":"Jaw Worm","floor":4,"turns":3},{"damage":0,"enemies":"Large Slime","floor":5,"turns":3},{"damage":26,"enemies":"Lagavulin","floor":7,"turns":6},{"damage":0,"enemies":"3 Louse","floor":10,"turns":1},{"damage":8,"enemies":"Red Slaver","floor":12,"turns":2},{"damage":8,"enemies":"Gremlin Nob","floor":14,"turns":4},{"damage":28,"enemies":"Slime Boss","floor":16,"turns":8},{"damage":9,"enemies":"Spheric Guardian","floor":18,"turns":4},{"damage":22,"enemies":"2 Thieves","floor":19,"turns":2},{"damage":9,"enemies":"Sentry and Sphere","floor":20,"turns":5},{"damage":18,"enemies":"Book of Stabbing","floor":23,"turns":5}],"seed_played":"-272778825613759033","potions_obtained":[{"floor":5,"key":"Dexterity Potion"},{"floor":7,"key":"FocusPotion"},{"floor":10,"key":"Explosive Potion"}],"is_trial":false,"path_per_floor":["M","M","?","M","M","R","E","R","T","M","$","M","R","E","R","B",null,"M","M","M","$","?","E"],"character_chosen":"DEFECT","items_purchased":["Lantern"],"campfire_rested":2,"item_purchase_floors":[11],"current_hp_per_floor":[64,63,63,56,56,56,30,30,30,30,30,22,41,33,64,36,57,48,26,17,17,17,0],"gold":71,"neow_bonus":"THREE_RARE_CARDS","is_prod":false,"is_daily":false,"chose_seed":false,"campfire_upgraded":2,"win_rate":0,"timestamp":1564840240,"path_taken":["M","M","?","M","M","R","E","R","T","M","$","?","R","E","R","BOSS","M","?","M","$","?","E"],"build_version":"2019-07-17","purchased_purges":2,"victory":false,"max_hp_per_floor":[64,64,64,64,64,64,64,64,64,64,64,64,64,64,64,64,64,64,64,64,64,32,32],"card_choices":[{"not_picked":["Thunder Strike","Reboot"],"picked":"Hyperbeam","floor":0},{"not_picked":["Streamline","Sunder"],"picked":"Ball Lightning","floor":1},{"not_picked":["Self Repair","Barrage"],"picked":"Compile Driver","floor":2},{"not_picked":["Hologram","Reprogram","Lockon"],"picked":"SKIP","floor":4},{"not_picked":["Go for the Eyes","Rebound","Barrage"],"picked":"SKIP","floor":5},{"not_picked":["Scrape","Blizzard","Redo"],"picked":"SKIP","floor":7},{"not_picked":["Go for the Eyes","Multi-Cast","Rebound"],"picked":"SKIP","floor":10},{"not_picked":["Rebound","Ball Lightning"],"picked":"Steam","floor":12},{"not_picked":["Beam Cell","Force Field"],"picked":"Leap","floor":14},{"not_picked":["Amplify","Reboot"],"picked":"Fission","floor":16},{"not_picked":["Double Energy","Reprogram+1"],"picked":"Heatsinks+1","floor":18},{"not_picked":["Go for the Eyes","Blizzard","Scrape"],"picked":"SKIP","floor":19},{"not_picked":["Coolheaded","Cold Snap"],"picked":"Gash+1","floor":20}],"player_experience":413377,"relics_obtained":[{"floor":7,"key":"Oddly Smooth Stone"},{"floor":9,"key":"Tiny Chest"},{"floor":14,"key":"Regal Pillow"}],"event_choices":[{"damage_healed":0,"gold_gain":0,"player_choice":"Upgraded","damage_taken":0,"max_hp_gain":0,"max_hp_loss":0,"event_name":"Upgrade Shrine","floor":3,"gold_loss":0,"cards_upgraded":["Hyperbeam"]},{"damage_healed":0,"gold_gain":0,"player_choice":"Became a Ghost","damage_taken":0,"max_hp_gain":0,"max_hp_loss":32,"event_name":"Ghosts","floor":22,"gold_loss":0,"cards_obtained":["Ghostly","Ghostly","Ghostly"]}],"is_beta":false,"boss_relics":[{"not_picked":["FrozenCore","Snecko Eye"],"picked":"Sozu"}],"items_purged_floors":[11,21],"is_endless":false,"potions_floor_spawned":[5,7,10,12,19,20],"killed_by":"Book of Stabbing","ascension_level":17}