{"gold_per_floor":[12,29,48,66,241,267,267,296,296,311,311],"floor_reached":11,"playtime":519,"items_purged":[],"score":94,"play_id":"6ef1ab92-7555-4fac-9809-4b3913552300","local_time":"20190113212751","is_ascension_mode":true,"campfire_choices":[{"floor":7,"key":"REST"}],"neow_cost":"NO_GOLD","seed_source_timestamp":445073962133649,"circlet_count":0,"master_deck":["Defend_G","Defend_G","Defend_G","Defend_G","Strike_G","Strike_G","Strike_G","Strike_G","Survivor","Neutralize","Footwork","Crippling Poison","Quick Slash","Deadly Poison","Doubt","Caltrops","Footwork","Prepared+1"],"relics":["Ring of the Snake","Oddly Smooth Stone","Toxic Egg 2","Frozen Egg 2"],"potions_floor_usage":[6,8,10,11],"damage_taken":[{"damage":1,"enemies":"Jaw Worm","floor":1,"turns":4},{"damage":3,"enemies":"Small Slimes","floor":2,"turns":5},{"damage":10,"enemies":"Cultist","floor":3,"turns":5},{"damage":19,"enemies":"Lots of Slimes","floor":4,"turns":4},{"damage":32,"enemies":"Lagavulin","floor":6,"turns":8},{"damage":22,"enemies":"3 Sentries","floor":8,"turns":9},{"damage":3,"enemies":"Large Slime","floor":10,"turns":8},{"damage":5,"enemies":"3 Louse","floor":11,"turns":1}],"seed_played":"5751598473662521353","potions_obtained":[{"floor":1,"key":"SpeedPotion"},{"floor":4,"key":"AttackPotion"},{"floor":6,"key":"AttackPotion"},{"floor":10,"key":"SkillPotion"}],"is_trial":false,"path_per_floor":["M","M","M","M","?","E","R","E","T","M","M"],"character_chosen":"THE_SILENT","items_purchased":[],"campfire_rested":1,"item_purchase_floors":[],"current_hp_per_floor":[69,66,56,37,37,5,26,4,4,1,0],"gold":311,"neow_bonus":"REMOVE_TWO","is_prod":false,"is_daily":false,"chose_seed":false,"campfire_upgraded":0,"win_rate":0,"timestamp":1547432871,"path_taken":["M","M","M","M","?","E","R","E","T","M","M"],"build_version":"2019-01-10","purchased_purges":0,"victory":false,"max_hp_per_floor":[70,70,70,70,70,70,70,70,70,70,70],"card_choices":[{"not_picked":["Backflip","Sucker Punch"],"picked":"Footwork","floor":1},{"not_picked":["Dodge and Roll","Flechettes"],"picked":"Crippling Poison","floor":2},{"not_picked":["Slice","Outmaneuver"],"picked":"Quick Slash","floor":3},{"not_picked":["Quick Slash","Slice"],"picked":"Deadly Poison","floor":4},{"not_picked":["Accuracy","Choke"],"picked":"Caltrops","floor":6},{"not_picked":["Poisoned Stab","Masterful Stab"],"picked":"Footwork","floor":8},{"not_picked":["Underhanded Strike","Sucker Punch"],"picked":"Prepared+1","floor":10}],"player_experience":264273,"relics_obtained":[{"floor":6,"key":"Oddly Smooth Stone"},{"floor":8,"key":"Toxic Egg 2"},{"floor":9,"key":"Frozen Egg 2"}],"event_choices":[{"damage_healed":0,"gold_gain":175,"player_choice":"AGREE","damage_taken":0,"max_hp_gain":0,"max_hp_loss":0,"event_name":"Liars Game","floor":5,"gold_loss":0,"cards_obtained":["Doubt"]}],"is_beta":false,"boss_relics":[],"items_purged_floors":[],"is_endless":false,"potions_floor_spawned":[1,4,6,10],"killed_by":"3 Louse","ascension_level":2}