{"gold_per_floor":[111,126,141,141,153,153,186,200,200,527,527,438,453,453,453,453],"floor_reached":16,"playtime":622,"items_purged":[],"score":190,"play_id":"92ac8683-2ecf-44d1-b7eb-40806331edbe","local_time":"20190704130719","is_ascension_mode":true,"campfire_choices":[{"data":"Backstab","floor":6,"key":"SMITH"},{"floor":15,"key":"REST"}],"neow_cost":"NONE","seed_source_timestamp":1183550067447399,"circlet_count":0,"master_deck":["AscendersBane","Strike_G","Strike_G","Strike_G","Strike_G","Strike_G","Defend_G","Defend_G","Defend_G","Defend_G","Defend_G","Survivor","Neutralize+1","Backflip","Choke+1","Backstab+1","Leg Sweep","Deflect","Cloak And Dagger","Parasite","Calculated Gamble"],"relics":["Ring of the Snake","NeowsBlessing","Bag of Preparation","WingedGreaves","Old Coin","Molten Egg 2"],"potions_floor_usage":[2],"damage_taken":[{"damage":0,"enemies":"Jaw Worm","floor":1,"turns":1},{"damage":0,"enemies":"Cultist","floor":2,"turns":1},{"damage":0,"enemies":"Small Slimes","floor":3,"turns":1},{"damage":6,"enemies":"2 Fungi Beasts","floor":5,"turns":3},{"damage":40,"enemies":"3 Sentries","floor":7,"turns":13},{"damage":6,"enemies":"Gremlin Gang","floor":8,"turns":4},{"damage":7,"enemies":"Gremlin Nob","floor":10,"turns":4},{"damage":4,"enemies":"Large Slime","floor":13,"turns":7},{"damage":42,"enemies":"The Guardian","floor":16,"turns":15}],"seed_played":"-6905729429911934998","potions_obtained":[{"floor":1,"key":"SneckoOil"},{"floor":2,"key":"Fruit Juice"},{"floor":3,"key":"GamblersBrew"},{"floor":7,"key":"Ancient Potion"}],"is_trial":false,"path_per_floor":["M","M","M","?","M","R","E","M","T","E","?","?","M","?","R","B"],"character_chosen":"THE_SILENT","items_purchased":[],"campfire_rested":1,"item_purchase_floors":[],"current_hp_per_floor":[59,64,64,64,58,58,18,12,12,5,22,22,18,18,39,0],"gold":453,"neow_bonus":"THREE_ENEMY_KILL","is_prod":false,"is_daily":false,"chose_seed":false,"campfire_upgraded":1,"win_rate":0,"timestamp":1562263639,"path_taken":["M","M","M","?","?","R","E","M","T","E","?","?","?","?","R","BOSS"],"build_version":"2019-07-01","purchased_purges":0,"victory":false,"max_hp_per_floor":[66,71,71,71,71,71,71,71,71,71,71,71,71,71,71,71],"card_choices":[{"not_picked":["Masterful Stab","Underhanded Strike"],"picked":"Backflip","floor":1},{"not_picked":["Acrobatics","Eviscerate"],"picked":"Choke","floor":2},{"not_picked":["Backflip","Accuracy"],"picked":"Backstab","floor":3},{"not_picked":["Dagger Throw","Tools of the Trade"],"picked":"Leg Sweep","floor":5},{"not_picked":["All Out Attack","Flechettes"],"picked":"Deflect","floor":7},{"not_picked":["Slice","Dagger Spray"],"picked":"Cloak And Dagger","floor":8},{"not_picked":["Outmaneuver","Finisher","Prepared"],"picked":"SKIP","floor":10},{"not_picked":["Dodge and Roll","Sucker Punch+1"],"picked":"Calculated Gamble","floor":13}],"player_experience":334212,"relics_obtained":[{"floor":7,"key":"Bag of Preparation"},{"floor":9,"key":"WingedGreaves"},{"floor":10,"key":"Old Coin"}],"event_choices":[{"damage_healed":0,"gold_gain":0,"player_choice":"Upgraded","damage_taken":0,"max_hp_gain":0,"max_hp_loss":0,"event_name":"Upgrade Shrine","floor":4,"gold_loss":0,"cards_upgraded":["Neutralize"]},{"damage_healed":17,"gold_gain":0,"player_choice":"Healed and dodged fight","damage_taken":0,"max_hp_gain":0,"max_hp_loss":0,"event_name":"Mushrooms","floor":11,"gold_loss":0,"cards_obtained":["Parasite"]},{"damage_healed":0,"gold_gain":0,"player_choice":"Paid Gold","damage_taken":0,"relics_obtained":["Molten Egg 2"],"max_hp_gain":0,"max_hp_loss":0,"event_name":"WeMeetAgain","floor":12,"gold_loss":89},{"damage_healed":0,"gold_gain":0,"player_choice":"Grow","damage_taken":0,"max_hp_gain":0,"max_hp_loss":0,"event_name":"Living Wall","floor":14,"gold_loss":0,"cards_upgraded":["Choke"]}],"is_beta":false,"boss_relics":[],"items_purged_floors":[],"is_endless":false,"potions_floor_spawned":[1,2,3,7,8],"killed_by":"The Guardian","ascension_level":14}