{"gold_per_floor":[119,119,119,138,6,6,16,16,16,51,51,67,100,110,110,184,184,198,1,16,26,0,0,0],"floor_reached":24,"playtime":1119,"items_purged":[],"score":381,"play_id":"8294ea10-ea05-4a96-a0c1-5718cbdf2d34","local_time":"20190807180258","is_ascension_mode":true,"campfire_choices":[{"data":"Ball Lightning","floor":6,"key":"SMITH"},{"floor":11,"key":"REST"},{"floor":15,"key":"REST"},{"data":"Recycle","floor":23,"key":"SMITH"}],"neow_cost":"NONE","seed_source_timestamp":2486118785357889,"circlet_count":0,"master_deck":["AscendersBane","Zap+1","Dualcast+1","Compile Driver","Ball Lightning+1","Doom and Gloom","Conserve Battery","Scrape","Steam","Gash","Gash","Creative AI","Sunder","Tempest","Reboot+1","Undo","Echo Form","Recycle+1","BootSequence","Coolheaded","Go for the Eyes","Chill+1"],"relics":["Cracked Core","Letter Opener","Du-Vu Doll","Pear","Pandora\u0027s Box","War Paint"],"potions_floor_usage":[10,24],"damage_taken":[{"damage":10,"enemies":"Small Slimes","floor":1,"turns":3},{"damage":2,"enemies":"Jaw Worm","floor":4,"turns":3},{"damage":0,"enemies":"Cultist","floor":7,"turns":3},{"damage":12,"enemies":"Lagavulin","floor":10,"turns":5},{"damage":0,"enemies":"Looter","floor":12,"turns":2},{"damage":32,"enemies":"Gremlin Nob","floor":13,"turns":4},{"damage":6,"enemies":"Exordium Wildlife","floor":14,"turns":2},{"damage":24,"enemies":"Hexaghost","floor":16,"turns":9},{"damage":8,"enemies":"3 Byrds","floor":18,"turns":3},{"damage":10,"enemies":"Shell Parasite","floor":20,"turns":4},{"damage":15,"enemies":"Cultist and Chosen","floor":21,"turns":6},{"damage":38,"enemies":"Book of Stabbing","floor":24,"turns":6}],"seed_played":"-154661484413581203","potions_obtained":[{"floor":7,"key":"Weak Potion"},{"floor":10,"key":"Dexterity Potion"},{"floor":13,"key":"PowerPotion"},{"floor":18,"key":"Weak Potion"}],"is_trial":false,"path_per_floor":["M","?","?","M","$","R","M","$","T","E","R","M","E","M","R","B",null,"M","$","M","M","?","R","E"],"character_chosen":"DEFECT","items_purchased":["Doom and Gloom","Conserve Battery","Go for the Eyes","War Paint"],"campfire_rested":2,"item_purchase_floors":[5,5,19,19],"current_hp_per_floor":[61,54,31,29,29,29,29,29,29,17,40,40,18,12,38,14,70,62,62,52,37,37,37,0],"gold":0,"neow_bonus":"TEN_PERCENT_HP_BONUS","is_prod":false,"is_daily":false,"chose_seed":false,"campfire_upgraded":2,"win_rate":0,"timestamp":1565218978,"path_taken":["M","?","?","?","$","R","M","?","T","E","R","M","E","M","R","BOSS","M","$","M","M","?","R","E"],"build_version":"2019-07-17","purchased_purges":0,"victory":false,"max_hp_per_floor":[78,78,78,78,78,78,78,78,78,78,78,78,88,88,88,88,88,88,88,88,88,88,88,88],"card_choices":[{"not_picked":["Melter","Stack"],"picked":"Compile Driver","floor":1},{"not_picked":["Loop","Cold Snap"],"picked":"Ball Lightning","floor":4},{"not_picked":["Stack","Doom and Gloom","Redo"],"picked":"SKIP","floor":7},{"not_picked":["Ball Lightning","Barrage"],"picked":"Scrape","floor":10},{"not_picked":["Static Discharge","BootSequence"],"picked":"Steam","floor":12},{"not_picked":["Capacitor","Defragment"],"picked":"Gash","floor":13},{"not_picked":["Redo","Sweeping Beam"],"picked":"Gash","floor":14},{"not_picked":["Hyperbeam","Buffer"],"picked":"Creative AI","floor":16},{"not_picked":["Barrage+1","Lockon"],"picked":"Coolheaded","floor":18},{"not_picked":["BootSequence+1","Ball Lightning+1"],"picked":"Chill+1","floor":20},{"not_picked":["Hologram","Creative AI","Recycle"],"picked":"SKIP","floor":21}],"player_experience":418739,"relics_obtained":[{"floor":9,"key":"Letter Opener"},{"floor":10,"key":"Du-Vu Doll"},{"floor":13,"key":"Pear"}],"event_choices":[{"cards_removed":["Strike_B"],"damage_healed":0,"gold_gain":0,"player_choice":"Card Removal","damage_taken":7,"max_hp_gain":0,"max_hp_loss":0,"event_name":"Golden Wing","floor":2,"gold_loss":0},{"damage_healed":0,"gold_gain":0,"player_choice":"Entered Light","damage_taken":23,"max_hp_gain":0,"max_hp_loss":0,"event_name":"Shining Light","floor":3,"gold_loss":0,"cards_upgraded":["Zap","Defend_B"]},{"damage_healed":0,"gold_gain":0,"player_choice":"Paid Fearfully","damage_taken":0,"max_hp_gain":0,"max_hp_loss":0,"event_name":"Masked Bandits","floor":22,"gold_loss":26}],"is_beta":false,"boss_relics":[{"not_picked":["Coffee Dripper","Black Star"],"picked":"Pandora\u0027s Box"}],"items_purged_floors":[],"is_endless":false,"potions_floor_spawned":[7,10,13,18,21],"killed_by":"Book of Stabbing","ascension_level":17}