{"gold_per_floor":[109,109,119,137,154,489,489,522,522,522,522,537,537,547,547,623,623,643,660,375,410,423,423,457,382,436,436,436,436,467,33,33,33],"floor_reached":33,"playtime":3545,"items_purged":["Strike_B","Strike_B"],"score":617,"play_id":"b99acd7a-ab3d-4f2d-b9f6-b5c13fdff526","local_time":"20190805010923","is_ascension_mode":true,"campfire_choices":[{"floor":7.0,"key":"REST"},{"data":"Zap","floor":11.0,"key":"SMITH"},{"data":"Dualcast","floor":13.0,"key":"SMITH"},{"data":"Streamline","floor":15.0,"key":"SMITH"},{"floor":23,"key":"REST"},{"floor":28,"key":"REST"},{"floor":32,"key":"REST"}],"neow_cost":"TEN_PERCENT_HP_LOSS","seed_source_timestamp":0,"circlet_count":0,"master_deck":["AscendersBane","Strike_B+1","Defend_B+1","Defend_B","Defend_B","Defend_B+1","Zap+1","Dualcast+1","Ball Lightning","Barrage","Cold Snap","Coolheaded+1","Streamline+1","Stack","Reinforced Body","Core Surge","Turbo","Sunder","BootSequence","Glacier"],"special_seed":0,"relics":["FrozenCore","Unceasing Top","Old Coin","Du-Vu Doll","Singing Bowl","Lee\u0027s Waffle","Red Mask","Matryoshka","War Paint","Oddly Smooth Stone","Lantern","Bronze Scales","Art of War","Cables"],"potions_floor_usage":[16,21,21,24,30,30,33],"damage_taken":[{"damage":1.0,"enemies":"2 Louse","floor":1.0,"turns":3.0},{"damage":0.0,"enemies":"Small Slimes","floor":3.0,"turns":2.0},{"damage":6.0,"enemies":"Cultist","floor":4.0,"turns":3.0},{"damage":7.0,"enemies":"Exordium Wildlife","floor":5.0,"turns":3.0},{"damage":27.0,"enemies":"Gremlin Nob","floor":6.0,"turns":4.0},{"damage":21.0,"enemies":"Lagavulin","floor":8.0,"turns":6.0},{"damage":0.0,"enemies":"2 Fungi Beasts","floor":12.0,"turns":2.0},{"damage":6.0,"enemies":"Blue Slaver","floor":14.0,"turns":2.0},{"damage":0,"enemies":"Slime Boss","floor":16,"turns":5},{"damage":30,"enemies":"2 Thieves","floor":18,"turns":4},{"damage":5,"enemies":"Spheric Guardian","floor":19,"turns":4},{"damage":55,"enemies":"Masked Bandits","floor":21,"turns":7},{"damage":12,"enemies":"Chosen and Byrds","floor":22,"turns":8},{"damage":22,"enemies":"Book of Stabbing","floor":24,"turns":7},{"damage":23,"enemies":"Gremlin Leader","floor":30,"turns":7},{"damage":39,"enemies":"Champ","floor":33,"turns":17}],"seed_played":"4788338110343132269","potions_obtained":[{"floor":4.0,"key":"GamblersBrew"},{"floor":6.0,"key":"SmokeBomb"},{"floor":8.0,"key":"SteroidPotion"},{"floor":14.0,"key":"Dexterity Potion"},{"floor":18,"key":"SpeedPotion"},{"floor":22,"key":"FocusPotion"},{"floor":29,"key":"Block Potion"},{"floor":29,"key":"EssenceOfSteel"}],"is_trial":false,"path_per_floor":["M","?","M","M","M","E","R","E","T","?","R","M","R","M","R","B",null,"M","M","$","?","M","R","E","?","T","T","R","?","E","$","R","B"],"character_chosen":"DEFECT","items_purchased":["Lee\u0027s Waffle","Cables","FearPotion"],"campfire_rested":4,"item_purchase_floors":[20,31,31],"current_hp_per_floor":[63,44,44,38,31,4,23,2,2,64,64,64,64,58,58,58,63,33,30,73,18,6,27,7,7,7,7,29,29,6,6,28,0],"gold":33,"neow_bonus":"ONE_RARE_RELIC","is_prod":false,"is_daily":false,"chose_seed":false,"campfire_upgraded":3,"win_rate":0,"timestamp":1564992563,"path_taken":["M","?","M","M","M","E","R","E","T","?","R","?","R","M","R","BOSS","M","M","$","?","M","R","E","?","T","?","R","?","E","$","R","BOSS"],"build_version":"2019-07-17","purchased_purges":2,"victory":false,"max_hp_per_floor":[64,64,64,64,64,64,64,64,64,64,64,64,64,64,64,64,64,64,66,73,73,73,73,75,75,75,75,75,75,75,75,75,75],"card_choices":[{"not_picked":["Beam Cell","Hologram"],"picked":"Ball Lightning","floor":1.0},{"not_picked":["Consume","Leap"],"picked":"Barrage","floor":3.0},{"not_picked":["Barrage","Redo"],"picked":"Cold Snap","floor":4.0},{"not_picked":["Recycle","Machine Learning"],"picked":"Darkness","floor":5.0},{"not_picked":["Stack","Creative AI"],"picked":"Coolheaded","floor":6.0},{"not_picked":["Gash","Ball Lightning"],"picked":"Streamline","floor":8.0},{"not_picked":["Rebound","Streamline"],"picked":"Stack","floor":12.0},{"not_picked":["Rip and Tear","Doom and Gloom"],"picked":"Reinforced Body","floor":14.0},{"not_picked":["Amplify","Thunder Strike"],"picked":"Core Surge","floor":16},{"not_picked":["Steam","Redo"],"picked":"Turbo","floor":18},{"not_picked":["Lockon","Compile Driver","Undo"],"picked":"Singing Bowl","floor":19},{"not_picked":["Chaos","Rebound"],"picked":"Sunder","floor":21},{"not_picked":["Coolheaded","Sweeping Beam"],"picked":"BootSequence","floor":22},{"not_picked":["Go for the Eyes+1","Undo","Double Energy"],"picked":"Singing Bowl","floor":24},{"not_picked":["Hyperbeam","Cold Snap"],"picked":"Glacier","floor":30}],"player_experience":498937,"relics_obtained":[{"floor":6.0,"key":"Old Coin"},{"floor":8.0,"key":"Du-Vu Doll"},{"floor":9.0,"key":"Singing Bowl"},{"floor":21,"key":"Red Mask"},{"floor":24,"key":"Matryoshka"},{"floor":26,"key":"War Paint"},{"floor":26,"key":"Oddly Smooth Stone"},{"floor":27,"key":"Lantern"},{"floor":27,"key":"Bronze Scales"},{"floor":30,"key":"Art of War"}],"event_choices":[{"damage_healed":0.0,"max_hp_gain":0.0,"max_hp_loss":0.0,"gold_gain":0.0,"event_name":"Shining Light","player_choice":"Entered Light","floor":2.0,"gold_loss":0.0,"damage_taken":19.0,"cards_upgraded":["Strike_B","Defend_B"]},{"cards_removed":["Darkness"],"damage_healed":62.0,"max_hp_gain":0.0,"max_hp_loss":0.0,"gold_gain":0.0,"event_name":"Bonfire Elementals","player_choice":"Offered Uncommon","floor":10.0,"gold_loss":0.0,"damage_taken":0.0},{"damage_healed":0,"gold_gain":0,"player_choice":"Fought Bandits","damage_taken":0,"max_hp_gain":0,"max_hp_loss":0,"event_name":"Masked Bandits","floor":21,"gold_loss":0},{"cards_removed":["Strike_B"],"damage_healed":0,"gold_gain":0,"player_choice":"Gave Gold","damage_taken":0,"max_hp_gain":0,"max_hp_loss":0,"event_name":"Beggar","floor":25,"gold_loss":75},{"damage_healed":0,"gold_gain":0,"player_choice":"Got Potions","damage_taken":0,"max_hp_gain":0,"max_hp_loss":0,"event_name":"Lab","floor":29,"gold_loss":0}],"is_beta":false,"boss_relics":[{"not_picked":["White Beast Statue","Black Star"],"picked":"FrozenCore"}],"items_purged_floors":[20,31],"is_endless":false,"potions_floor_spawned":[4,6,8,14,18,22],"killed_by":"Champ","ascension_level":16}