{"gold_per_floor":[212,212,11,24,24,24,37,63,109,121,167,193,205,242,254,338,350,372,402,431,4,21,21,47,47,93,104,104,104,132,148,148,226,226,243,100,50,62,62,62,97,97,170,170,186,197,197],"floor_reached":47,"playtime":4222,"items_purged":["Beam Cell","Strike_B"],"score":1126,"play_id":"0695db9e-1b71-4a8c-9336-58cbb7a5439f","local_time":"20190818185231","is_ascension_mode":true,"campfire_choices":[{"data":"Zap","floor":6,"key":"SMITH"},{"floor":10,"key":"REST"},{"data":"Chaos","floor":15,"key":"SMITH"},{"floor":23,"key":"REST"},{"floor":25,"key":"REST"},{"data":"Ghostly","floor":32,"key":"SMITH"},{"data":"Ghostly","floor":40,"key":"SMITH"},{"floor":42,"key":"REST"},{"data":"Ghostly","floor":44,"key":"SMITH"}],"neow_cost":"NONE","seed_source_timestamp":200046303666900,"circlet_count":0,"master_deck":["AscendersBane","Strike_B","Strike_B","Strike_B+1","Defend_B","Defend_B+1","Defend_B","Defend_B+1","Zap+1","Dualcast","Defragment+1","Turbo","Rebound","Chill+1","Core Surge","Chaos+1","Ball Lightning","Rainbow","Reinforced Body+1","Ball Lightning+1","Cold Snap","Meteor Strike","Barrage+1","Hologram","Ghostly+1","Ghostly+1","Ghostly+1","Thunder Strike","Genetic Algorithm+1","Echo Form","Leap+1","Parasite"],"relics":["Cracked Core","Bag of Preparation","War Paint","MawBank","Anchor","Vajra","Snecko Eye","Membership Card","Kunai","Girya","Strawberry","Ancient Tea Set","Inserter","Strange Spoon","Juzu Bracelet"],"potions_floor_usage":[16,18,18,24,27,33,46],"damage_taken":[{"damage":0,"enemies":"Small Slimes","floor":1,"turns":3},{"damage":1,"enemies":"2 Louse","floor":4,"turns":3},{"damage":6,"enemies":"Cultist","floor":7,"turns":3},{"damage":1,"enemies":"3 Sentries","floor":8,"turns":15},{"damage":4,"enemies":"Gremlin Nob","floor":11,"turns":3},{"damage":0,"enemies":"3 Louse","floor":12,"turns":2},{"damage":0,"enemies":"3 Sentries","floor":14,"turns":11},{"damage":25,"enemies":"The Guardian","floor":16,"turns":10},{"damage":0,"enemies":"Chosen","floor":18,"turns":3},{"damage":11,"enemies":"Shell Parasite","floor":19,"turns":5},{"damage":19,"enemies":"Snake Plant","floor":20,"turns":4},{"damage":0,"enemies":"Chosen and Byrds","floor":22,"turns":4},{"damage":36,"enemies":"Slavers","floor":24,"turns":5},{"damage":0,"enemies":"Centurion and Healer","floor":27,"turns":5},{"damage":0,"enemies":"Book of Stabbing","floor":30,"turns":6},{"damage":0,"enemies":"Sentry and Sphere","floor":31,"turns":5},{"damage":34,"enemies":"Automaton","floor":33,"turns":11},{"damage":0,"enemies":"3 Shapes","floor":35,"turns":10},{"damage":4,"enemies":"Orb Walker","floor":38,"turns":6},{"damage":18,"enemies":"Giant Head","floor":41,"turns":9},{"damage":0,"enemies":"Maw","floor":45,"turns":6},{"damage":0,"enemies":"Writhing Mass","floor":46,"turns":6},{"damage":26,"enemies":"Nemesis","floor":47,"turns":6}],"seed_played":"718123466034573298","potions_obtained":[{"floor":1,"key":"LiquidBronze"},{"floor":11,"key":"Explosive Potion"},{"floor":16,"key":"Poison Potion"},{"floor":19,"key":"SpeedPotion"},{"floor":20,"key":"LiquidBronze"},{"floor":24,"key":"SkillPotion"},{"floor":30,"key":"SteroidPotion"},{"floor":45,"key":"AttackPotion"}],"is_trial":false,"path_per_floor":["M","?","$","M","?","R","M","E","T","R","E","M","?","E","R","B",null,"M","M","M","$","M","R","E","R","T","M","?","?","E","M","R","B",null,"M","$","$","M","?","R","E","R","T","R","M","M","E"],"character_chosen":"DEFECT","items_purchased":["Bag of Preparation","Turbo","Membership Card","Meteor Strike","Kunai","Strange Spoon"],"campfire_rested":4,"item_purchase_floors":[3,3,21,21,21,36],"current_hp_per_floor":[64,43,43,42,42,42,36,35,35,56,52,52,42,42,42,17,58,58,47,28,28,28,49,13,34,41,41,39,39,39,39,39,5,31,31,31,31,27,27,27,9,20,20,20,20,20,0],"gold":197,"neow_bonus":"HUNDRED_GOLD","is_prod":false,"is_daily":false,"chose_seed":false,"campfire_upgraded":5,"win_rate":0,"timestamp":1566168751,"path_taken":["M","?","$","M","?","R","M","E","T","R","E","M","?","E","R","BOSS","M","M","M","$","M","R","E","R","T","M","?","?","E","?","R","BOSS","M","?","$","?","?","R","E","R","T","R","M","M","E"],"build_version":"2019-07-17","purchased_purges":2,"victory":false,"max_hp_per_floor":[71,71,71,71,71,71,71,71,71,71,71,71,71,71,71,71,71,71,71,71,71,71,71,71,71,78,78,39,39,39,39,39,39,39,39,39,39,39,39,39,39,39,39,39,39,39,39],"card_choices":[{"not_picked":["Coolheaded","Stack"],"picked":"Defragment","floor":1},{"not_picked":["BootSequence","Coolheaded"],"picked":"Rebound","floor":4},{"not_picked":["Storm","Steam"],"picked":"Chill","floor":7},{"not_picked":["Blizzard","Rebound"],"picked":"Beam Cell","floor":8},{"not_picked":["Conserve Battery","Chill"],"picked":"Core Surge","floor":11},{"not_picked":["Hello World","Skim"],"picked":"Chaos","floor":12},{"not_picked":["Redo","Steam"],"picked":"Ball Lightning","floor":14},{"not_picked":["All For One","Creative AI"],"picked":"Rainbow","floor":16},{"not_picked":["Ball Lightning","Sweeping Beam"],"picked":"Reinforced Body+1","floor":18},{"not_picked":["Lockon","Fusion"],"picked":"Ball Lightning+1","floor":19},{"not_picked":["Stack","Beam Cell"],"picked":"Cold Snap","floor":20},{"not_picked":["Go for the Eyes","Compile Driver"],"picked":"Barrage+1","floor":22},{"not_picked":["Double Energy","Blizzard","Fusion"],"picked":"SKIP","floor":24},{"not_picked":["Conserve Battery","Redo"],"picked":"Hologram","floor":27},{"not_picked":["Steam Power+1","Stack","Conserve Battery"],"picked":"SKIP","floor":30},{"not_picked":["Gash+1","Heatsinks"],"picked":"Genetic Algorithm+1","floor":31},{"not_picked":["Fission","Thunder Strike"],"picked":"Echo Form","floor":33},{"not_picked":["Rebound","Steam+1"],"picked":"Leap+1","floor":35},{"not_picked":["Rebound+1","Stack","Melter"],"picked":"SKIP","floor":38},{"not_picked":["Barrage+1","Darkness+1","Heatsinks"],"picked":"SKIP","floor":41},{"not_picked":["BootSequence","Defragment","Doom and Gloom"],"picked":"SKIP","floor":45},{"not_picked":["Steam","Rebound","Conserve Battery"],"picked":"SKIP","floor":46}],"player_experience":2396495,"relics_obtained":[{"floor":8,"key":"War Paint"},{"floor":9,"key":"MawBank"},{"floor":11,"key":"Anchor"},{"floor":14,"key":"Vajra"},{"floor":24,"key":"Girya"},{"floor":26,"key":"Strawberry"},{"floor":30,"key":"Ancient Tea Set"},{"floor":41,"key":"Juzu Bracelet"}],"event_choices":[{"damage_healed":0,"gold_gain":0,"player_choice":"Entered Light","damage_taken":21,"max_hp_gain":0,"max_hp_loss":0,"event_name":"Shining Light","floor":2,"gold_loss":0,"cards_upgraded":["Strike_B","Defend_B"]},{"damage_healed":0,"gold_gain":0,"player_choice":"Grow","damage_taken":0,"max_hp_gain":0,"max_hp_loss":0,"event_name":"Living Wall","floor":5,"gold_loss":0,"cards_upgraded":["Defragment"]},{"damage_healed":0,"gold_gain":0,"player_choice":"Damaged","damage_taken":10,"max_hp_gain":0,"max_hp_loss":0,"event_name":"Wheel of Change","floor":13,"gold_loss":0},{"damage_healed":0,"gold_gain":0,"player_choice":"Became a Ghost","damage_taken":0,"max_hp_gain":0,"max_hp_loss":39,"event_name":"Ghosts","floor":28,"gold_loss":0,"cards_obtained":["Ghostly","Ghostly","Ghostly"]},{"damage_healed":0,"gold_gain":0,"player_choice":"1 cards matched","damage_taken":0,"max_hp_gain":0,"max_hp_loss":0,"event_name":"Match and Keep!","floor":29,"gold_loss":0,"cards_obtained":["Thunder Strike"]},{"damage_healed":0,"gold_gain":0,"player_choice":"Ignored","damage_taken":0,"max_hp_gain":0,"max_hp_loss":0,"event_name":"Mysterious Sphere","floor":39,"gold_loss":0}],"is_beta":false,"boss_relics":[{"not_picked":["Nuclear Battery","Philosopher\u0027s Stone"],"picked":"Snecko Eye"},{"not_picked":["Eternal Feather","Calling Bell"],"picked":"Inserter"}],"items_purged_floors":[36,37],"is_endless":false,"potions_floor_spawned":[1,11,12,14,16,19,20,24,30,31,45],"killed_by":"Nemesis","ascension_level":20}