{"gold_per_floor":[109,126,144,34,109,109,128,154,179,179,134,134,99,64,64,138,138,151,151,170,96,111,111,176,66,66,79,4,4,4,17,17,88,88,99,99],"floor_reached":36,"playtime":1885,"items_purged":["Strike_R"],"score":715,"play_id":"c8de9c15-9491-403f-9cba-8d4bf3978b48","local_time":"20190707010238","is_ascension_mode":true,"campfire_choices":[{"data":"True Grit","floor":6,"key":"SMITH"},{"data":"Clothesline","floor":15,"key":"SMITH"},{"floor":23,"key":"REST"},{"data":"Disarm","floor":32,"key":"SMITH"}],"neow_cost":"NONE","seed_source_timestamp":1398007607620360,"circlet_count":0,"master_deck":["AscendersBane","Defend_R","Defend_R","Defend_R","Defend_R","Bash","Disarm+1","True Grit+1","Heavy Blade","Spot Weakness","Battle Trance","Corruption","Clothesline+1","Dropkick","Reaper+1","Rampage","Metallicize","Sword Boomerang+1","Feel No Pain","Bite","Bite","Bite","Bite","Bite","Sentinel","Limit Break","Shrug It Off"],"relics":["Burning Blood","Bag of Marbles","Kunai","Philosopher\u0027s Stone","Tiny Chest","Mango","Mark of Pain"],"potions_floor_usage":[8,8,18,24,24,31,33],"damage_taken":[{"damage":7,"enemies":"2 Louse","floor":1,"turns":3},{"damage":7,"enemies":"Small Slimes","floor":2,"turns":5},{"damage":5,"enemies":"Cultist","floor":3,"turns":4},{"damage":15,"enemies":"Exordium Thugs","floor":7,"turns":5},{"damage":48,"enemies":"Gremlin Nob","floor":8,"turns":6},{"damage":4,"enemies":"Looter","floor":11,"turns":5},{"damage":25,"enemies":"The Guardian","floor":16,"turns":12},{"damage":9,"enemies":"3 Byrds","floor":18,"turns":7},{"damage":18,"enemies":"Shell Parasite","floor":20,"turns":4},{"damage":42,"enemies":"3 Cultists","floor":22,"turns":6},{"damage":38,"enemies":"Book of Stabbing","floor":24,"turns":6},{"damage":15,"enemies":"Snake Plant","floor":27,"turns":6},{"damage":15,"enemies":"Centurion and Healer","floor":31,"turns":19},{"damage":97,"enemies":"Collector","floor":33,"turns":13},{"damage":34,"enemies":"Orb Walker","floor":35,"turns":5},{"damage":91,"enemies":"3 Darklings","floor":36,"turns":6}],"seed_played":"4793451241947550866","potions_obtained":[{"floor":2,"key":"Weak Potion"},{"floor":3,"key":"SkillPotion"},{"floor":8,"key":"Fire Potion"},{"floor":16,"key":"FearPotion"},{"floor":20,"key":"Fire Potion"},{"floor":27,"key":"SpeedPotion"},{"floor":31,"key":"SpeedPotion"},{"floor":35,"key":"Ancient Potion"}],"is_trial":false,"path_per_floor":["M","M","M","$","?","R","M","E","T","?","M","T","?","$","R","B",null,"M","?","M","$","M","R","E","?","T","M","$","?","?","M","R","B",null,"M","M"],"character_chosen":"IRONCLAD","items_purchased":["Spot Weakness","Dropkick","Metallicize","Feel No Pain"],"campfire_rested":1,"item_purchase_floors":[4,14,21,28],"current_hp_per_floor":[74,73,74,74,63,63,54,12,12,12,16,16,36,36,36,19,66,68,44,34,34,12,38,9,9,23,21,21,21,21,68,68,20,81,64,0],"gold":99,"neow_bonus":"TEN_PERCENT_HP_BONUS","is_prod":false,"is_daily":false,"chose_seed":false,"campfire_upgraded":3,"win_rate":0,"timestamp":1562479358,"path_taken":["M","M","M","$","?","R","M","E","T","?","?","?","?","?","R","BOSS","M","?","M","$","M","R","E","?","T","?","?","?","?","M","R","BOSS","M","M"],"build_version":"2019-07-05","purchased_purges":1,"victory":false,"max_hp_per_floor":[82,82,82,82,82,82,82,82,82,82,82,82,82,82,82,82,82,82,87,87,87,87,87,87,87,101,101,101,101,101,101,101,101,101,101,101],"card_choices":[{"not_picked":["Sword Boomerang","Havoc"],"picked":"Disarm","floor":1},{"not_picked":["Havoc","Thunderclap"],"picked":"True Grit","floor":2},{"not_picked":["Twin Strike","Warcry"],"picked":"Heavy Blade","floor":3},{"not_picked":["Intimidate","Heavy Blade"],"picked":"Battle Trance","floor":7},{"not_picked":["Sword Boomerang","Dual Wield"],"picked":"Corruption","floor":8},{"not_picked":["Sever Soul","Armaments"],"picked":"Clothesline","floor":11},{"not_picked":["Fiend Fire","Demon Form"],"picked":"Reaper","floor":16},{"not_picked":["Body Slam","Wild Strike"],"picked":"Rampage","floor":18},{"not_picked":["Iron Wave","Hemokinesis","Combust"],"picked":"SKIP","floor":20},{"not_picked":["Sword Boomerang","Cleave","Burning Pact"],"picked":"SKIP","floor":22},{"not_picked":["Pommel Strike","Combust","Perfected Strike"],"picked":"SKIP","floor":24},{"not_picked":["Rampage","Power Through"],"picked":"Sword Boomerang+1","floor":27},{"not_picked":["Infernal Blade","Second Wind"],"picked":"Sentinel","floor":31},{"not_picked":["Impervious","Bludgeon"],"picked":"Limit Break","floor":33},{"not_picked":["Heavy Blade","Pommel Strike"],"picked":"Shrug It Off","floor":35}],"player_experience":351332,"relics_obtained":[{"floor":8,"key":"Bag of Marbles"},{"floor":9,"key":"Blood Vial"},{"floor":12,"key":"Kunai"},{"floor":24,"key":"Tiny Chest"},{"floor":26,"key":"Mango"}],"event_choices":[{"damage_healed":0,"gold_gain":75,"player_choice":"Gather Gold","damage_taken":11,"max_hp_gain":0,"max_hp_loss":0,"event_name":"World of Goop","floor":5,"gold_loss":0},{"cards_removed":["Strike_R"],"damage_healed":0,"gold_gain":0,"player_choice":"Offered Basic","damage_taken":0,"max_hp_gain":0,"max_hp_loss":0,"event_name":"Bonfire Elementals","floor":10,"gold_loss":0},{"damage_healed":20,"gold_gain":0,"player_choice":"Healed","damage_taken":0,"max_hp_gain":0,"max_hp_loss":0,"event_name":"The Cleric","floor":13,"gold_loss":35},{"damage_healed":0,"gold_gain":0,"player_choice":"Shed Blood","damage_taken":29,"max_hp_gain":5,"max_hp_loss":0,"event_name":"Forgotten Altar","floor":19,"gold_loss":0},{"cards_removed":["Strike_R"],"damage_healed":0,"gold_gain":0,"player_choice":"Upgrade and Remove","damage_taken":0,"max_hp_gain":0,"max_hp_loss":0,"event_name":"Designer","floor":25,"gold_loss":110,"cards_upgraded":["Reaper"]},{"damage_healed":0,"gold_gain":0,"player_choice":"Ignored","damage_taken":0,"max_hp_gain":0,"max_hp_loss":0,"event_name":"Ghosts","floor":29,"gold_loss":0},{"damage_healed":0,"gold_gain":0,"player_choice":"Became a vampire (Vial)","damage_taken":0,"max_hp_gain":0,"max_hp_loss":0,"event_name":"Vampires","floor":30,"relics_lost":["Blood Vial"],"gold_loss":0,"cards_obtained":["Bite","Bite","Bite","Bite","Bite"]}],"is_beta":false,"boss_relics":[{"not_picked":["Calling Bell","Astrolabe"],"picked":"Philosopher\u0027s Stone"},{"not_picked":["Tiny House","Eternal Feather"],"picked":"Mark of Pain"}],"items_purged_floors":[4],"is_endless":false,"potions_floor_spawned":[2,3,8,16,20,27,31,35],"killed_by":"3 Darklings","ascension_level":15}