{"gold_per_floor":[112,262,279,299,299,299,327,345,345,365,394,412,423,423,423,497,497,512,26,42,42,58,86,86,96,96,96,96,111,11,11],"floor_reached":31,"playtime":1382,"items_purged":["Strike_B","Strike_B"],"score":498,"play_id":"025ac2c9-6634-4b28-8a71-7e7c98d90a09","local_time":"20190802180138","is_ascension_mode":true,"campfire_choices":[{"data":"Zap","floor":6,"key":"SMITH"},{"data":"Darkness","floor":15,"key":"SMITH"},{"data":"Seek","floor":24,"key":"SMITH"}],"neow_cost":"NONE","seed_source_timestamp":2053769636264981,"circlet_count":0,"master_deck":["AscendersBane","Defend_B","Defend_B","Defend_B","Defend_B","Zap+1","Dualcast","Sweeping Beam","Darkness+1","FTL","Echo Form","Capacitor","Self Repair","Conserve Battery+1","Glacier+1","Echo Form","Streamline","Loop","Ball Lightning","RitualDagger","Seek+1","Reboot","Redo"],"relics":["Cracked Core","Emotion Chip","Pear","Cables","Happy Flower","Snecko Eye","War Paint","Bag of Marbles","Orichalcum","Frozen Egg 2"],"potions_floor_usage":[7,11,12,23,23,29],"damage_taken":[{"damage":7,"enemies":"Jaw Worm","floor":1,"turns":4},{"damage":7,"enemies":"Small Slimes","floor":3,"turns":4},{"damage":7,"enemies":"Cultist","floor":4,"turns":4},{"damage":25,"enemies":"Lagavulin","floor":7,"turns":6},{"damage":2,"enemies":"Looter","floor":8,"turns":3},{"damage":1,"enemies":"2 Fungi Beasts","floor":10,"turns":2},{"damage":30,"enemies":"3 Sentries","floor":11,"turns":5},{"damage":3,"enemies":"Large Slime","floor":12,"turns":4},{"damage":1,"enemies":"Blue Slaver","floor":13,"turns":3},{"damage":2,"enemies":"The Guardian","floor":16,"turns":10},{"damage":6,"enemies":"Spheric Guardian","floor":18,"turns":5},{"damage":18,"enemies":"Chosen","floor":20,"turns":6},{"damage":14,"enemies":"3 Cultists","floor":22,"turns":5},{"damage":53,"enemies":"Slavers","floor":23,"turns":5},{"damage":15,"enemies":"Centurion and Healer","floor":25,"turns":6},{"damage":8,"enemies":"Snake Plant","floor":29,"turns":4},{"damage":13,"enemies":"Book of Stabbing","floor":31,"turns":2}],"seed_played":"6043672690066673375","potions_obtained":[{"floor":3,"key":"Regen Potion"},{"floor":7,"key":"SteroidPotion"},{"floor":11,"key":"Block Potion"},{"floor":16,"key":"AttackPotion"},{"floor":20,"key":"GamblersBrew"},{"floor":22,"key":"Swift Potion"},{"floor":25,"key":"Block Potion"}],"is_trial":false,"path_per_floor":["M","?","M","M","?","R","E","M","T","M","E","M","M","?","R","B",null,"M","$","M","?","M","E","R","M","T","?","?","M","$","E"],"character_chosen":"DEFECT","items_purchased":["Loop","War Paint","Bag of Marbles"],"campfire_rested":0,"item_purchase_floors":[19,19,19],"current_hp_per_floor":[64,64,57,50,50,50,37,35,45,44,14,18,24,24,24,36,75,76,76,72,66,59,20,20,19,19,19,19,11,11,0],"gold":11,"neow_bonus":"TEN_PERCENT_HP_BONUS","is_prod":false,"is_daily":false,"chose_seed":false,"campfire_upgraded":3,"win_rate":0,"timestamp":1564786898,"path_taken":["M","?","M","M","?","R","E","M","T","M","E","M","?","?","R","BOSS","M","$","M","?","M","E","R","M","T","?","?","M","$","E"],"build_version":"2019-07-17","purchased_purges":2,"victory":false,"max_hp_per_floor":[78,78,78,78,78,78,78,78,88,88,88,88,88,88,88,88,88,88,88,88,88,88,88,88,88,88,88,88,88,88,88],"card_choices":[{"not_picked":["Coolheaded","Cold Snap"],"picked":"Sweeping Beam","floor":1},{"not_picked":["Static Discharge","Sweeping Beam"],"picked":"Darkness","floor":3},{"not_picked":["Turbo","Rebound"],"picked":"FTL","floor":4},{"not_picked":["Gash","Heatsinks"],"picked":"Echo Form","floor":7},{"not_picked":["Compile Driver","Cold Snap"],"picked":"Capacitor","floor":8},{"not_picked":["Blizzard","Skim","Scrape"],"picked":"SKIP","floor":10},{"not_picked":["FTL","Heatsinks"],"picked":"Self Repair","floor":11},{"not_picked":["White Noise","Static Discharge"],"picked":"Conserve Battery","floor":12},{"not_picked":["Gash","White Noise"],"picked":"Glacier","floor":13},{"not_picked":["Machine Learning","Amplify"],"picked":"Echo Form","floor":16},{"not_picked":["Hologram","Compile Driver"],"picked":"Streamline","floor":18},{"not_picked":["Go for the Eyes","Undo+1"],"picked":"Ball Lightning","floor":20},{"not_picked":["Gash","White Noise","Hologram"],"picked":"SKIP","floor":22},{"not_picked":["Rebound","Redo"],"picked":"Seek","floor":23},{"not_picked":["Hologram","Heatsinks","Ball Lightning"],"picked":"SKIP","floor":25},{"not_picked":["Melter","Static Discharge+1","Stack"],"picked":"SKIP","floor":29}],"player_experience":411995,"relics_obtained":[{"floor":7,"key":"Emotion Chip"},{"floor":9,"key":"Pear"},{"floor":11,"key":"Cables"},{"floor":23,"key":"Orichalcum"},{"floor":26,"key":"Frozen Egg 2"}],"event_choices":[{"damage_healed":0,"gold_gain":150,"player_choice":"AGREE","damage_taken":0,"max_hp_gain":0,"max_hp_loss":0,"event_name":"Liars Game","floor":2,"gold_loss":0,"cards_obtained":["Doubt"]},{"cards_removed":["Doubt"],"damage_healed":0,"gold_gain":0,"player_choice":"Purged","damage_taken":0,"max_hp_gain":0,"max_hp_loss":0,"event_name":"Purifier","floor":5,"gold_loss":0},{"damage_healed":0,"gold_gain":0,"player_choice":"Searched \u00271\u0027 times","damage_taken":0,"relics_obtained":["Happy Flower"],"max_hp_gain":0,"max_hp_loss":0,"event_name":"Dead Adventurer","floor":14,"gold_loss":0},{"damage_healed":0,"gold_gain":0,"player_choice":"Joined the Cult","damage_taken":6,"max_hp_gain":0,"max_hp_loss":0,"event_name":"Nest","floor":21,"gold_loss":0,"cards_obtained":["RitualDagger"]},{"damage_healed":0,"gold_gain":0,"cards_transformed":["Strike_B","Strike_B"],"player_choice":"Became Test Subject","damage_taken":0,"max_hp_gain":0,"max_hp_loss":0,"event_name":"Drug Dealer","floor":27,"gold_loss":0,"cards_obtained":["Reboot","Redo"]},{"damage_healed":0,"gold_gain":0,"player_choice":"Ignored","damage_taken":0,"max_hp_gain":0,"max_hp_loss":0,"event_name":"Cursed Tome","floor":28,"gold_loss":0}],"is_beta":false,"boss_relics":[{"not_picked":["Velvet Choker","Philosopher\u0027s Stone"],"picked":"Snecko Eye"}],"items_purged_floors":[19,30],"is_endless":false,"potions_floor_spawned":[3,7,11,16,20,22,25],"killed_by":"Book of Stabbing","ascension_level":17}