{"gold_per_floor":[125,137,99,124,136,179,214,226,238,250,303,340,376,429,441,546,558,584,617,629,641,653,665,321,321],"floor_reached":25,"playtime":918,"items_purged":["Strike_G"],"score":438,"play_id":"f35359d5-cd4b-4f0c-8b10-14e9729650ac","local_time":"20190818200104","is_ascension_mode":true,"campfire_choices":[{"floor":8.0,"key":"REST"},{"data":"Bouncing Flask","floor":10.0,"key":"SMITH"},{"data":"Neutralize","floor":15.0,"key":"SMITH"},{"data":"A Thousand Cuts","floor":23.0,"key":"SMITH"}],"neow_cost":"NONE","seed_source_timestamp":149489149668100,"circlet_count":0,"master_deck":["AscendersBane","Strike_G","Strike_G","Strike_G","Strike_G","Defend_G","Defend_G","Defend_G","Defend_G","Defend_G","Survivor+1","Neutralize+1","Bouncing Flask+1","Injury","Dagger Spray+1","Dagger Spray+1","Finisher+1","Flechettes+1","Poisoned Stab+1","Dodge and Roll","A Thousand Cuts+1","Bouncing Flask+1","Distraction","PiercingWail","Deadly Poison","Terror","Poisoned Stab+1","Catalyst","Noxious Fumes"],"special_seed":0,"relics":["Ring of the Snake","MawBank","Golden Idol","Molten Egg 2","Smiling Mask","Meat on the Bone","PreservedInsect","Lantern","Orrery","War Paint"],"potions_floor_usage":[25,25],"damage_taken":[{"damage":1.0,"enemies":"Small Slimes","floor":1.0,"turns":4.0},{"damage":0.0,"enemies":"Cultist","floor":4.0,"turns":3.0},{"damage":27.0,"enemies":"3 Sentries","floor":6.0,"turns":5.0},{"damage":0.0,"enemies":"2 Louse","floor":7.0,"turns":2.0},{"damage":39.0,"enemies":"Gremlin Nob","floor":11.0,"turns":4.0},{"damage":3.0,"enemies":"Exordium Wildlife","floor":12.0,"turns":3.0},{"damage":7.0,"enemies":"3 Louse","floor":13.0,"turns":3.0},{"damage":5.0,"enemies":"3 Sentries","floor":14.0,"turns":3.0},{"damage":30.0,"enemies":"The Guardian","floor":16.0,"turns":9.0},{"damage":14.0,"enemies":"Shell Parasite","floor":18.0,"turns":5.0},{"damage":23.0,"enemies":"Spheric Guardian","floor":19.0,"turns":5.0},{"damage":29,"enemies":"Slavers","floor":25,"turns":2}],"seed_played":"-5750685441203664663","potions_obtained":[{"floor":1.0,"key":"AttackPotion"},{"floor":11.0,"key":"SteroidPotion"},{"floor":13.0,"key":"Swift Potion"},{"floor":16.0,"key":"PowerPotion"}],"is_trial":false,"path_per_floor":["M","?","?","M","$","E","M","R","T","R","E","M","M","E","R","B",null,"M","M","?","?","?","R","$","E"],"character_chosen":"THE_SILENT","items_purchased":["War Paint","Noxious Fumes","Energy Potion","Swift Potion"],"campfire_rested":1,"item_purchase_floors":[24,24,24,24],"current_hp_per_floor":[58,58,58,58,58,31,31,50,50,50,23,32,37,44,44,26,56,42,31,31,31,31,31,31,2],"gold":321,"neow_bonus":"RANDOM_COMMON_RELIC","is_prod":false,"is_daily":false,"chose_seed":false,"campfire_upgraded":3,"win_rate":0,"timestamp":1566151264,"path_taken":["M","?","?","M","$","E","M","R","T","R","E","?","M","E","R","BOSS","M","M","?","?","?","R","$","E"],"build_version":"2019-07-17","purchased_purges":1,"victory":false,"max_hp_per_floor":[66,66,66,66,66,66,66,66,66,66,66,66,66,66,66,66,66,66,66,66,66,66,66,66,66],"card_choices":[{"not_picked":["Skewer","Infinite Blades"],"picked":"Bouncing Flask","floor":1.0},{"not_picked":["Cloak And Dagger","Riddle With Holes+1"],"picked":"Dagger Spray+1","floor":4.0},{"not_picked":["Finisher+1","Slice+1"],"picked":"Dagger Spray+1","floor":6.0},{"not_picked":["Dagger Spray+1","Choke+1"],"picked":"Finisher+1","floor":7.0},{"not_picked":["Finisher+1","PiercingWail"],"picked":"Flechettes+1","floor":11.0},{"not_picked":["Outmaneuver","Deflect"],"picked":"Poisoned Stab+1","floor":12.0},{"not_picked":["Underhanded Strike+1","Quick Slash+1","Dagger Spray+1"],"picked":"SKIP","floor":13.0},{"not_picked":["Unload+1","Quick Slash+1"],"picked":"Dodge and Roll","floor":14.0},{"not_picked":["Phantasmal Killer","Burst"],"picked":"A Thousand Cuts","floor":16.0},{"not_picked":["Sucker Punch+1","Slice+1"],"picked":"Bouncing Flask","floor":17.0},{"not_picked":["Sucker Punch+1","Accuracy"],"picked":"Distraction","floor":17.0},{"not_picked":["Tactician","Expertise"],"picked":"PiercingWail","floor":17.0},{"not_picked":["Concentrate","Prepared"],"picked":"Deadly Poison","floor":17.0},{"not_picked":["Accuracy+1","Grand Finale+1"],"picked":"Terror","floor":18.0},{"not_picked":["Outmaneuver+1","All Out Attack+1"],"picked":"Poisoned Stab+1","floor":19.0}],"player_experience":1136138,"relics_obtained":[{"floor":6.0,"key":"Smiling Mask"},{"floor":9.0,"key":"Meat on the Bone"},{"floor":11.0,"key":"PreservedInsect"},{"floor":14.0,"key":"Lantern"}],"event_choices":[{"damage_healed":0.0,"max_hp_gain":0.0,"max_hp_loss":0.0,"gold_gain":0.0,"event_name":"Golden Idol","player_choice":"Take Wound","floor":2.0,"gold_loss":0.0,"damage_taken":0.0,"relics_obtained":["Golden Idol"],"cards_obtained":["Injury"]},{"damage_healed":0.0,"max_hp_gain":0.0,"max_hp_loss":0.0,"gold_gain":0.0,"event_name":"WeMeetAgain","player_choice":"Paid Gold","floor":3.0,"gold_loss":50.0,"damage_taken":0.0,"relics_obtained":["Molten Egg 2"]},{"damage_healed":0.0,"max_hp_gain":0.0,"max_hp_loss":0.0,"gold_gain":0.0,"event_name":"Ghosts","player_choice":"Ignored","floor":20.0,"gold_loss":0.0,"damage_taken":0.0},{"damage_healed":0.0,"max_hp_gain":0.0,"max_hp_loss":0.0,"gold_gain":0.0,"event_name":"The Library","player_choice":"Read","floor":21.0,"gold_loss":0.0,"damage_taken":0.0,"cards_obtained":["Catalyst"]},{"damage_healed":0.0,"max_hp_gain":0.0,"max_hp_loss":0.0,"gold_gain":0.0,"event_name":"Vampires","player_choice":"Ignored","floor":22.0,"gold_loss":0.0,"damage_taken":0.0}],"is_beta":false,"boss_relics":[{"not_picked":["Philosopher\u0027s Stone","Ectoplasm"],"picked":"Orrery"}],"items_purged_floors":[24],"is_endless":false,"potions_floor_spawned":[1,11,13,16],"killed_by":"Slavers","ascension_level":20}