{"gold_per_floor":[119,119,136,149,149,182,182,201,253,271,300,314,2,16,16,119,119,131,56,56,73,73,99,99,131,185,185,205,205,280,310,310,310],"floor_reached":33,"playtime":2870,"items_purged":["Strike_R"],"score":315,"play_id":"2b2de678-496b-41fa-afa6-32ee68a6412e","local_time":"20181229142334","is_ascension_mode":false,"campfire_choices":[{"data":"Uppercut","floor":7,"key":"SMITH"},{"floor":15,"key":"RECALL"},{"data":"Armaments","floor":24,"key":"SMITH"},{"data":"Flame Barrier","floor":27,"key":"SMITH"},{"data":"Juggernaut","floor":32,"key":"SMITH"}],"neow_cost":"NONE","seed_source_timestamp":520626754276189,"circlet_count":0,"master_deck":["Strike_R","Defend_R","Defend_R","Defend_R","Defend_R","Bash","Uppercut+1","Iron Wave","Anger","Juggernaut+1","Flame Barrier+1","Cleave","Shrug It Off","Headbutt","Metallicize","Writhe","Battle Trance","Armaments+1","Shockwave+1"],"relics":["Burning Blood","Gremlin Horn","Oddly Smooth Stone","Ancient Tea Set","Torii","Empty Cage","Question Card","Potion Belt","Incense Burner","MutagenicStrength","Toxic Egg 2","Bag of Marbles"],"potions_floor_usage":[6,6,6,12,16,25,25,31],"damage_taken":[{"damage":6,"enemies":"Jaw Worm","floor":1,"turns":4},{"damage":2,"enemies":"Small Slimes","floor":3,"turns":4},{"damage":1,"enemies":"Cultist","floor":4,"turns":3},{"damage":7,"enemies":"Lagavulin","floor":6,"turns":5},{"damage":7,"enemies":"Looter","floor":8,"turns":3},{"damage":13,"enemies":"3 Louse","floor":10,"turns":3},{"damage":18,"enemies":"Gremlin Nob","floor":11,"turns":4},{"damage":4,"enemies":"Large Slime","floor":12,"turns":5},{"damage":1,"enemies":"Looter","floor":14,"turns":4},{"damage":41,"enemies":"Hexaghost","floor":16,"turns":12},{"damage":0,"enemies":"3 Byrds","floor":18,"turns":3},{"damage":2,"enemies":"Chosen","floor":21,"turns":5},{"damage":23,"enemies":"Book of Stabbing","floor":23,"turns":6},{"damage":16,"enemies":"Gremlin Leader","floor":25,"turns":9},{"damage":1,"enemies":"Shelled Parasite and Fungi","floor":28,"turns":6},{"damage":3,"enemies":"Book of Stabbing","floor":31,"turns":7},{"damage":82,"enemies":"Automaton","floor":33,"turns":12}],"seed_played":"6162160029157194973","potions_obtained":[{"floor":0,"key":"Strength Potion"},{"floor":0,"key":"SpeedPotion"},{"floor":0,"key":"SkillPotion"},{"floor":1,"key":"EssenceOfSteel"},{"floor":5,"key":"Block Potion"},{"floor":11,"key":"SkillPotion"},{"floor":12,"key":"Swift Potion"},{"floor":21,"key":"FearPotion"},{"floor":23,"key":"FearPotion"},{"floor":28,"key":"Block Potion"}],"is_trial":false,"path_per_floor":["M","?","M","M","?","E","R","M","T","M","E","M","$","M","R","B",null,"M","$","?","M","?","E","R","E","T","R","M","?","T","E","R","B"],"character_chosen":"IRONCLAD","items_purchased":["Torii"],"campfire_rested":0,"item_purchase_floors":[13],"current_hp_per_floor":[80,85,85,85,85,84,84,83,83,76,64,66,66,71,71,36,85,85,85,85,85,85,68,68,58,58,58,63,63,63,66,66,0],"gold":310,"neow_bonus":"THREE_SMALL_POTIONS","is_prod":false,"is_daily":false,"chose_seed":false,"campfire_upgraded":4,"win_rate":0,"timestamp":1546071814,"path_taken":["M","?","M","M","?","E","R","M","T","M","E","M","$","M","R","BOSS","M","?","?","M","?","E","R","E","T","R","M","?","?","E","R","BOSS"],"build_version":"2018-12-20","purchased_purges":1,"victory":false,"max_hp_per_floor":[80,85,85,85,85,85,85,85,85,85,85,85,85,85,85,85,85,85,85,85,85,85,85,85,85,85,85,85,85,85,85,85,85],"card_choices":[{"not_picked":["Headbutt","Wild Strike"],"picked":"Uppercut","floor":1},{"not_picked":["Carnage","Burning Pact"],"picked":"Iron Wave","floor":3},{"not_picked":["Perfected Strike","Havoc"],"picked":"Anger","floor":4},{"not_picked":["Intimidate","Perfected Strike"],"picked":"Juggernaut","floor":6},{"not_picked":["Reckless Charge","Clash"],"picked":"Flame Barrier","floor":8},{"not_picked":["Havoc","Heavy Blade"],"picked":"Cleave","floor":10},{"not_picked":["Armaments","Perfected Strike"],"picked":"Shrug It Off","floor":11},{"not_picked":["Shrug It Off","Twin Strike"],"picked":"Headbutt","floor":12},{"not_picked":["Inflame","Perfected Strike","Infernal Blade"],"picked":"SKIP","floor":14},{"not_picked":["True Grit","Clothesline"],"picked":"Metallicize","floor":18},{"not_picked":["Reckless Charge","Rupture","Blood for Blood"],"picked":"Battle Trance","floor":21},{"not_picked":["Ghostly Armor","Power Through","Inflame"],"picked":"Armaments","floor":23},{"not_picked":["Sword Boomerang+1","Uppercut","Clash","Dual Wield"],"picked":"SKIP","floor":25},{"not_picked":["Reckless Charge+1","Hemokinesis","Bloodletting","Anger"],"picked":"SKIP","floor":28},{"not_picked":["Evolve","Bloodletting+1","Juggernaut"],"picked":"Shockwave+1","floor":31}],"player_experience":440833,"relics_obtained":[{"floor":6,"key":"Gremlin Horn"},{"floor":9,"key":"Oddly Smooth Stone"},{"floor":11,"key":"Ancient Tea Set"},{"floor":23,"key":"Potion Belt"},{"floor":25,"key":"Incense Burner"},{"floor":30,"key":"Toxic Egg 2"},{"floor":31,"key":"Bag of Marbles"}],"event_choices":[{"damage_healed":0,"gold_gain":0,"player_choice":"Donut","damage_taken":0,"max_hp_gain":5,"max_hp_loss":0,"event_name":"Big Fish","floor":2,"gold_loss":0},{"damage_healed":0,"gold_gain":0,"player_choice":"Got Potions","damage_taken":0,"max_hp_gain":0,"max_hp_loss":0,"event_name":"Lab","floor":5,"gold_loss":0},{"damage_healed":0,"gold_gain":0,"player_choice":"Opened","damage_taken":0,"relics_obtained":["Question Card"],"max_hp_gain":0,"max_hp_loss":0,"event_name":"The Mausoleum","floor":20,"gold_loss":0,"cards_obtained":["Writhe"]},{"cards_removed":["Strike_R"],"damage_healed":0,"gold_gain":0,"player_choice":"Elegance","damage_taken":0,"max_hp_gain":0,"max_hp_loss":0,"event_name":"Back to Basics","floor":22,"gold_loss":0},{"damage_healed":0,"gold_gain":0,"player_choice":"Inject Mutagens","damage_taken":0,"relics_obtained":["MutagenicStrength"],"max_hp_gain":0,"max_hp_loss":0,"event_name":"Drug Dealer","floor":29,"gold_loss":0}],"is_beta":false,"boss_relics":[{"not_picked":["Calling Bell","Pandora\u0027s Box"],"picked":"Empty Cage"}],"items_purged_floors":[19],"is_endless":false,"potions_floor_spawned":[1,4,11,12,21,23,28],"killed_by":"Automaton","ascension_level":0}