{"gold_per_floor":[112,128,53,64,11,11,38,48,48,48,65,98,98,129,129,129],"floor_reached":16,"playtime":715,"items_purged":["Parasite"],"score":222,"play_id":"e077e8c1-7411-4bf2-8b8e-dbcdbca7310b","local_time":"20190801195953","is_ascension_mode":true,"campfire_choices":[{"data":"Zap","floor":6,"key":"SMITH"},{"data":"Gash","floor":10,"key":"SMITH"},{"floor":13,"key":"REST"},{"floor":15,"key":"REST"}],"neow_cost":"CURSE","seed_source_timestamp":1975129937651456,"circlet_count":0,"master_deck":["AscendersBane","Strike_B","Strike_B","Strike_B","Strike_B","Defend_B","Defend_B","Defend_B","Defend_B","Zap+1","Dualcast","Core Surge","Sweeping Beam","Steam","Ball Lightning","Gash+1","Rip and Tear","White Noise","Coolheaded","Gash"],"relics":["Cracked Core","WingedGreaves","Prayer Wheel","Pocketwatch","The Courier"],"potions_floor_usage":[4,12,12],"damage_taken":[{"damage":6,"enemies":"Cultist","floor":1,"turns":3},{"damage":9,"enemies":"Jaw Worm","floor":2,"turns":4},{"damage":3,"enemies":"Small Slimes","floor":4,"turns":3},{"damage":14,"enemies":"3 Sentries","floor":7,"turns":5},{"damage":2,"enemies":"3 Louse","floor":8,"turns":2},{"damage":15,"enemies":"Lots of Slimes","floor":11,"turns":4},{"damage":13,"enemies":"Gremlin Nob","floor":12,"turns":4},{"damage":15,"enemies":"Lagavulin","floor":14,"turns":6},{"damage":31,"enemies":"Slime Boss","floor":16,"turns":6}],"seed_played":"8058320393207316989","potions_obtained":[{"floor":1,"key":"Energy Potion"},{"floor":2,"key":"EssenceOfSteel"},{"floor":4,"key":"Weak Potion"}],"is_trial":false,"path_per_floor":["M","M","$","M","$","R","E","M","T","R","M","E","R","E","R","B"],"character_chosen":"DEFECT","items_purchased":["Ball Lightning"],"campfire_rested":2,"item_purchase_floors":[5],"current_hp_per_floor":[58,49,49,46,46,46,32,30,30,30,15,2,22,7,27,0],"gold":129,"neow_bonus":"THREE_RARE_CARDS","is_prod":false,"is_daily":false,"chose_seed":false,"campfire_upgraded":2,"win_rate":0,"timestamp":1564707593,"path_taken":["M","M","?","M","$","R","E","M","T","R","M","E","R","E","R","BOSS"],"build_version":"2019-07-17","purchased_purges":1,"victory":false,"max_hp_per_floor":[71,71,68,68,68,68,68,68,68,68,68,68,68,68,68,68],"card_choices":[{"not_picked":["Fission","Rainbow"],"picked":"Core Surge","floor":0},{"not_picked":["Steam Power","Double Energy","Turbo"],"picked":"SKIP","floor":1},{"not_picked":["Redo","Leap"],"picked":"Sweeping Beam","floor":2},{"not_picked":["Reprogram","Hologram"],"picked":"Steam","floor":4},{"not_picked":["Steam Power","Recycle"],"picked":"Gash","floor":7},{"not_picked":["Steam Power","Recycle","Ball Lightning"],"picked":"SKIP","floor":8},{"not_picked":["FTL","Barrage"],"picked":"Rip and Tear","floor":11},{"not_picked":["FTL","Streamline"],"picked":"White Noise","floor":11},{"not_picked":["Rebound","Hello World"],"picked":"Coolheaded","floor":12},{"not_picked":["Self Repair","Scrape"],"picked":"Gash","floor":14}],"player_experience":408318,"relics_obtained":[{"floor":7,"key":"WingedGreaves"},{"floor":9,"key":"Prayer Wheel"},{"floor":12,"key":"Pocketwatch"},{"floor":14,"key":"The Courier"}],"event_choices":[],"is_beta":false,"boss_relics":[],"items_purged_floors":[3],"is_endless":false,"potions_floor_spawned":[1,2,4,7],"killed_by":"Slime Boss","ascension_level":17}