{"gold_per_floor":[109,120,132,144,64,91,91,91,115,125,160,171,171,186,186,285,285,301,301,318,336,138,138],"floor_reached":23,"playtime":1075,"items_purged":["Strike_B"],"score":408,"play_id":"7596b579-7e19-4c6d-aa66-70dce0444934","local_time":"20190628224258","is_ascension_mode":true,"campfire_choices":[{"data":"Defragment","floor":7,"key":"SMITH"},{"floor":13,"key":"REST"},{"floor":15,"key":"REST"}],"neow_cost":"NONE","seed_source_timestamp":699238273001072,"circlet_count":0,"master_deck":["AscendersBane","Strike_B","Strike_B","Strike_B+1","Defend_B","Defend_B+1","Defend_B","Defend_B+1","Zap","Dualcast","FTL+1","Leap","Steam","Barrage","Defragment+1","Fusion","Genetic Algorithm","Electrodynamics","Defragment","White Noise","Core Surge","Conserve Battery","Self Repair","Coolheaded","Loop"],"relics":["Cracked Core","NeowsBlessing","Whetstone","CultistMask","War Paint","Pen Nib","Fusion Hammer"],"potions_floor_usage":[11,14,16,16,23,23],"damage_taken":[{"damage":0,"enemies":"Small Slimes","floor":1,"turns":1},{"damage":0,"enemies":"Cultist","floor":2,"turns":1},{"damage":0,"enemies":"Jaw Worm","floor":3,"turns":1},{"damage":0,"enemies":"2 Fungi Beasts","floor":4,"turns":3},{"damage":32,"enemies":"3 Sentries","floor":6,"turns":7},{"damage":0,"enemies":"3 Louse","floor":10,"turns":4},{"damage":26,"enemies":"Lagavulin","floor":11,"turns":5},{"damage":6,"enemies":"Exordium Wildlife","floor":12,"turns":3},{"damage":9,"enemies":"Exordium Thugs","floor":14,"turns":3},{"damage":0,"enemies":"Slime Boss","floor":16,"turns":5},{"damage":21,"enemies":"3 Byrds","floor":18,"turns":4},{"damage":10,"enemies":"Spheric Guardian","floor":20,"turns":4},{"damage":32,"enemies":"Snecko","floor":21,"turns":5},{"damage":15,"enemies":"Book of Stabbing","floor":23,"turns":1}],"seed_played":"2377531426544789162","potions_obtained":[{"floor":1,"key":"Energy Potion"},{"floor":3,"key":"Poison Potion"},{"floor":12,"key":"Fire Potion"},{"floor":14,"key":"Poison Potion"}],"is_trial":false,"path_per_floor":["M","M","M","M","$","E","R","?","T","M","E","M","R","M","R","B",null,"M","?","M","M","$","E"],"character_chosen":"DEFECT","items_purchased":["Defragment","LiquidBronze","Dexterity Potion"],"campfire_rested":2,"item_purchase_floors":[5,22,22],"current_hp_per_floor":[68,68,68,68,68,36,36,36,36,36,10,4,26,17,39,39,66,45,45,35,3,3,0],"gold":138,"neow_bonus":"THREE_ENEMY_KILL","is_prod":false,"is_daily":false,"chose_seed":false,"campfire_upgraded":1,"win_rate":0,"timestamp":1561779778,"path_taken":["M","M","M","M","$","E","R","?","T","M","E","?","R","M","R","BOSS","M","?","M","M","$","E"],"build_version":"2019-01-23","purchased_purges":1,"victory":false,"max_hp_per_floor":[75,75,75,75,75,75,75,75,75,75,75,75,75,75,75,75,75,75,75,75,75,75,75],"card_choices":[{"not_picked":["Lockon","Compile Driver"],"picked":"FTL","floor":1},{"not_picked":["Reprogram","Double Energy"],"picked":"Leap","floor":2},{"not_picked":["Gash","Storm"],"picked":"Steam","floor":3},{"not_picked":["Double Energy","Force Field"],"picked":"Barrage","floor":4},{"not_picked":["Steam","Gash"],"picked":"Fusion","floor":6},{"not_picked":["Rebound","Chaos"],"picked":"Genetic Algorithm","floor":10},{"not_picked":["Blizzard","Stack"],"picked":"Electrodynamics","floor":11},{"not_picked":["Go for the Eyes","Barrage"],"picked":"Defragment","floor":12},{"not_picked":["Rebound","Barrage"],"picked":"White Noise","floor":14},{"not_picked":["Seek","Meteor Strike"],"picked":"Core Surge","floor":16},{"not_picked":["Redo","Go for the Eyes"],"picked":"Conserve Battery","floor":18},{"not_picked":["Stack","Undo"],"picked":"Coolheaded","floor":20},{"not_picked":["Genetic Algorithm","Sweeping Beam"],"picked":"Loop","floor":21}],"player_experience":304363,"relics_obtained":[{"floor":6,"key":"Whetstone"},{"floor":9,"key":"War Paint"},{"floor":11,"key":"Pen Nib"}],"event_choices":[{"damage_healed":0,"gold_gain":0,"player_choice":"Trade","damage_taken":0,"relics_obtained":["CultistMask"],"max_hp_gain":0,"max_hp_loss":0,"event_name":"FaceTrader","floor":8,"gold_loss":0},{"damage_healed":0,"gold_gain":0,"player_choice":"Read","damage_taken":0,"max_hp_gain":0,"max_hp_loss":0,"event_name":"The Library","floor":19,"gold_loss":0,"cards_obtained":["Self Repair"]}],"is_beta":false,"boss_relics":[{"not_picked":["Philosopher\u0027s Stone","Empty Cage"],"picked":"Fusion Hammer"}],"items_purged_floors":[22],"is_endless":false,"potions_floor_spawned":[1,3,6,12,14],"killed_by":"Book of Stabbing","ascension_level":12}