{"gold_per_floor":[119,131,306,45,45,72,23,48,48,60,60,90,103,3,3,3],"floor_reached":16,"playtime":603,"items_purged":["Doubt","Strike_B"],"score":159,"play_id":"8d237784-9466-4c45-94cb-bf312e277306","local_time":"20190526215727","is_ascension_mode":true,"campfire_choices":[{"floor":15,"key":"REST"}],"neow_cost":"NONE","seed_source_timestamp":1035289343886932,"circlet_count":0,"master_deck":["Strike_B","Strike_B","Strike_B","Defend_B","Defend_B","Defend_B","Defend_B","Zap","Dualcast","Undo","Coolheaded","Panacea","Hologram","Storm","Chill","Conserve Battery","Storm"],"relics":["Cracked Core","Symbiotic Virus","Ornamental Fan","Sundial","Incense Burner"],"potions_floor_usage":[8,12],"damage_taken":[{"damage":1,"enemies":"Cultist","floor":1,"turns":3},{"damage":5,"enemies":"2 Louse","floor":2,"turns":2},{"damage":44,"enemies":"Gremlin Nob","floor":6,"turns":5},{"damage":6,"enemies":"Lagavulin","floor":8,"turns":10},{"damage":7,"enemies":"Small Slimes","floor":10,"turns":3},{"damage":4,"enemies":"Gremlin Nob","floor":12,"turns":4},{"damage":0,"enemies":"Exordium Wildlife","floor":13,"turns":6},{"damage":40,"enemies":"Slime Boss","floor":16,"turns":9}],"seed_played":"4107412153692392598","potions_obtained":[{"floor":1,"key":"Strength Potion"}],"is_trial":false,"path_per_floor":["M","M","?","$","?","E","$","E","T","M","$","E","M","$","R","B"],"character_chosen":"DEFECT","items_purchased":["Coolheaded","Panacea","PowerPotion","Hologram"],"campfire_rested":1,"item_purchase_floors":[4,4,4,7],"current_hp_per_floor":[74,69,69,69,74,30,30,24,24,17,17,13,13,13,39,0],"gold":3,"neow_bonus":"TEN_PERCENT_HP_BONUS","is_prod":false,"is_daily":false,"chose_seed":false,"campfire_upgraded":0,"win_rate":0,"timestamp":1558922247,"path_taken":["M","?","?","$","?","E","$","E","T","M","?","E","M","?","R","BOSS"],"build_version":"2019-01-23","purchased_purges":2,"victory":false,"max_hp_per_floor":[82,82,82,82,87,87,87,87,87,87,87,87,87,87,87,87],"card_choices":[{"not_picked":["Skim","Beam Cell","Redo"],"picked":"SKIP","floor":1},{"not_picked":["Steam","Auto Shields"],"picked":"Undo","floor":2},{"not_picked":["Rebound","Leap","Reprogram"],"picked":"SKIP","floor":6},{"not_picked":["Cold Snap","Hologram"],"picked":"Storm","floor":8},{"not_picked":["Steam Power","Redo"],"picked":"Chill","floor":10},{"not_picked":["Static Discharge","Redo"],"picked":"Conserve Battery","floor":12},{"not_picked":["Redo","Leap"],"picked":"Storm","floor":13}],"player_experience":513480,"relics_obtained":[{"floor":6,"key":"Symbiotic Virus"},{"floor":8,"key":"Ornamental Fan"},{"floor":9,"key":"Sundial"},{"floor":12,"key":"Incense Burner"}],"event_choices":[{"damage_healed":0,"gold_gain":175,"player_choice":"AGREE","damage_taken":0,"max_hp_gain":0,"max_hp_loss":0,"event_name":"Liars Game","floor":3,"gold_loss":0,"cards_obtained":["Doubt"]},{"damage_healed":0,"gold_gain":0,"player_choice":"Donut","damage_taken":0,"max_hp_gain":5,"max_hp_loss":0,"event_name":"Big Fish","floor":5,"gold_loss":0}],"is_beta":false,"boss_relics":[],"items_purged_floors":[4,14],"is_endless":false,"potions_floor_spawned":[1],"killed_by":"Slime Boss","ascension_level":7}