{"gold_per_floor":[116,116,4,4,24,24,64,77,131,131,165,178,196,234,234,354,354,375,399,399,32,32],"floor_reached":22,"playtime":783,"items_purged":["Strike_R","Strike_R"],"score":240,"play_id":"9a6fd554-cdcd-4212-a738-a818c21fe67c","local_time":"20181118002824","is_ascension_mode":true,"campfire_choices":[{"data":"Combust","floor":6,"key":"SMITH"},{"floor":15,"key":"REST"}],"neow_cost":"NONE","seed_source_timestamp":342816631411977,"circlet_count":0,"master_deck":["Strike_R+1","Strike_R+1","Defend_R","Defend_R","Defend_R","Bash","Warcry","Rupture","Combust+1","Dark Embrace","Flex","Iron Wave","Flex","Heavy Blade","Heavy Blade","Brutality","Shrug It Off","Clash","Inflame"],"relics":["Black Blood","Golden Idol","Lantern","Smiling Mask","Red Skull","Centennial Puzzle","Nilry\u0027s Codex","Kunai"],"potions_floor_usage":[11,14,14,16],"damage_taken":[{"damage":9,"enemies":"2 Louse","floor":1,"turns":4},{"damage":11,"enemies":"Jaw Worm","floor":5,"turns":2},{"damage":30,"enemies":"Lagavulin","floor":7,"turns":5},{"damage":8,"enemies":"Cultist","floor":8,"turns":3},{"damage":25,"enemies":"3 Sentries","floor":11,"turns":5},{"damage":10,"enemies":"Blue Slaver","floor":12,"turns":3},{"damage":3,"enemies":"3 Louse","floor":13,"turns":3},{"damage":0,"enemies":"Gremlin Nob","floor":14,"turns":2},{"damage":36,"enemies":"Hexaghost","floor":16,"turns":7},{"damage":9,"enemies":"Chosen","floor":18,"turns":3},{"damage":29,"enemies":"Shell Parasite","floor":19,"turns":5},{"damage":46,"enemies":"Sentry and Sphere","floor":22,"turns":5}],"seed_played":"-5943456612571485889","potions_obtained":[{"floor":7,"key":"EssenceOfSteel"},{"floor":12,"key":"Energy Potion"},{"floor":13,"key":"Weak Potion"},{"floor":14,"key":"Ancient Potion"},{"floor":18,"key":"Fire Potion"}],"is_trial":false,"path_per_floor":["M","?","$","?","M","R","E","M","T","?","E","M","M","E","R","B",null,"M","M","?","$","M"],"character_chosen":"IRONCLAD","items_purchased":["Rupture","Inflame","Kunai"],"campfire_rested":1,"item_purchase_floors":[3,21,21],"current_hp_per_floor":[77,61,61,61,56,56,32,30,30,30,11,7,10,16,38,8,74,74,55,39,39,0],"gold":32,"neow_bonus":"REMOVE_CARD","is_prod":false,"is_daily":false,"chose_seed":false,"campfire_upgraded":1,"win_rate":0,"timestamp":1542518904,"path_taken":["M","?","$","?","M","R","E","M","T","?","E","M","?","E","R","BOSS","M","M","?","$","M"],"build_version":"2018-11-15","purchased_purges":2,"victory":false,"max_hp_per_floor":[80,80,80,74,74,74,74,74,74,74,74,74,74,74,74,74,74,74,74,74,74,74],"card_choices":[{"not_picked":["Perfected Strike","Body Slam"],"picked":"Warcry","floor":1},{"not_picked":["Berserk","Bloodletting"],"picked":"Combust","floor":5},{"not_picked":["Rage","Body Slam"],"picked":"Dark Embrace","floor":7},{"not_picked":["Wild Strike","Thunderclap"],"picked":"Flex","floor":8},{"not_picked":["Sentinel","Anger"],"picked":"Iron Wave","floor":11},{"not_picked":["Thunderclap","Limit Break"],"picked":"Flex","floor":12},{"not_picked":["Evolve","Thunderclap"],"picked":"Heavy Blade","floor":13},{"not_picked":["Bludgeon","Sword Boomerang"],"picked":"Heavy Blade","floor":14},{"not_picked":["Offering","Double Tap"],"picked":"Brutality","floor":16},{"not_picked":["Intimidate","Shockwave"],"picked":"Shrug It Off","floor":18},{"not_picked":["Sword Boomerang","Havoc+1"],"picked":"Clash","floor":19}],"player_experience":126243,"relics_obtained":[{"floor":7,"key":"Lantern"},{"floor":9,"key":"Smiling Mask"},{"floor":11,"key":"Red Skull"},{"floor":14,"key":"Centennial Puzzle"},{"floor":20,"key":"Nilry\u0027s Codex"}],"event_choices":[{"damage_healed":0,"gold_gain":0,"player_choice":"Entered Light","damage_taken":16,"max_hp_gain":0,"max_hp_loss":0,"event_name":"Shining Light","floor":2,"gold_loss":0,"cards_upgraded":["Strike_R","Strike_R"]},{"damage_healed":0,"gold_gain":0,"player_choice":"Lose Max HP","damage_taken":0,"relics_obtained":["Golden Idol"],"max_hp_gain":0,"max_hp_loss":6,"event_name":"Golden Idol","floor":4,"gold_loss":0},{"cards_removed":["Defend_R"],"damage_healed":0,"gold_gain":0,"player_choice":"Purged","damage_taken":0,"max_hp_gain":0,"max_hp_loss":0,"event_name":"Purifier","floor":10,"gold_loss":0},{"damage_healed":0,"gold_gain":0,"player_choice":"Obtained Book","damage_taken":16,"max_hp_gain":0,"max_hp_loss":0,"event_name":"Cursed Tome","floor":20,"gold_loss":0}],"is_beta":false,"boss_relics":[{"not_picked":["Black Star","Runic Pyramid"],"picked":"Black Blood"}],"items_purged_floors":[3,21],"is_endless":false,"potions_floor_spawned":[7,12,13,14,18],"killed_by":"Sentry and Sphere","ascension_level":1}