{"gold_per_floor":[19,38,38,38,53,86,86,11,35,35,48,21,21,41,41,137,137,149,80,80,80,64,96,96],"floor_reached":24,"playtime":3556,"items_purged":["Regret"],"score":214,"play_id":"68f05d9d-e6c7-48b0-856f-c9f151459010","local_time":"20190703002611","is_ascension_mode":false,"campfire_choices":[{"floor":7.0,"key":"REST"},{"data":"Go for the Eyes","floor":15,"key":"SMITH"}],"neow_cost":"NO_GOLD","seed_source_timestamp":354899649155200,"circlet_count":0,"master_deck":["Defend_B","Defend_B","Defend_B","Defend_B","Zap","Dualcast","Leap","Conserve Battery","Chaos+1","Steam","Genetic Algorithm","Go for the Eyes+1","Lockon","Multi-Cast","Darkness","Loop","Consume","BootSequence","Defragment+1"],"special_seed":0,"relics":["Cracked Core","Pen Nib","Mango","Bag of Preparation","Empty Cage","Enchiridion","Molten Egg 2"],"potions_floor_usage":[16,22],"damage_taken":[{"damage":0.0,"enemies":"2 Louse","floor":1.0,"turns":3.0},{"damage":0.0,"enemies":"Jaw Worm","floor":2.0,"turns":4.0},{"damage":5.0,"enemies":"Small Slimes","floor":5.0,"turns":5.0},{"damage":40.0,"enemies":"3 Sentries","floor":6.0,"turns":11.0},{"damage":0,"enemies":"Blue Slaver","floor":11,"turns":3},{"damage":0,"enemies":"2 Fungi Beasts","floor":14,"turns":3},{"damage":28,"enemies":"The Guardian","floor":16,"turns":13},{"damage":0,"enemies":"Shell Parasite","floor":18,"turns":7},{"damage":7,"enemies":"2 Thieves","floor":22,"turns":5},{"damage":48,"enemies":"Book of Stabbing","floor":23,"turns":6},{"damage":18,"enemies":"Sentry and Sphere","floor":24,"turns":4}],"seed_played":"-6201619300572618426","potions_obtained":[{"floor":5.0,"key":"Fire Potion"},{"floor":11,"key":"Explosive Potion"},{"floor":14,"key":"FearPotion"},{"floor":18,"key":"FocusPotion"}],"is_trial":false,"path_per_floor":["M","M","$","?","M","E","R","$","T","?","M","?","$","M","R","B",null,"M","$","?","?","M","E","M"],"character_chosen":"DEFECT","items_purchased":["Loop"],"campfire_rested":1,"item_purchase_floors":[19],"current_hp_per_floor":[75,75,75,75,70,44,70,70,70,70,70,70,70,70,70,42,89,89,89,89,73,66,18,0],"gold":96,"neow_bonus":"TRANSFORM_TWO_CARDS","is_prod":false,"is_daily":false,"chose_seed":false,"campfire_upgraded":1,"win_rate":0,"timestamp":1562106371,"path_taken":["M","M","$","?","M","E","R","$","T","?","M","?","?","M","R","BOSS","M","$","?","?","?","E","M"],"build_version":"2019-01-23","purchased_purges":1,"victory":false,"max_hp_per_floor":[75,75,75,75,75,89,89,89,89,89,89,89,89,89,89,89,89,89,89,89,89,89,89,89],"card_choices":[{"not_picked":["Stack","Genetic Algorithm"],"picked":"Chaos","floor":1.0},{"not_picked":["Streamline","Turbo"],"picked":"Steam","floor":2.0},{"not_picked":["Streamline","Force Field"],"picked":"Genetic Algorithm","floor":5.0},{"not_picked":["Steam","Auto Shields"],"picked":"Go for the Eyes","floor":6.0},{"not_picked":["Reprogram","Ball Lightning"],"picked":"Lockon","floor":11},{"not_picked":["Beam Cell","Fission","Coolheaded"],"picked":"SKIP","floor":14},{"not_picked":["Amplify","Buffer"],"picked":"Multi-Cast","floor":16},{"not_picked":["Redo","Chaos"],"picked":"Darkness","floor":18},{"not_picked":["Coolheaded","Hologram+1"],"picked":"BootSequence","floor":22},{"not_picked":["Hologram","Multi-Cast"],"picked":"Defragment+1","floor":23}],"player_experience":109501,"relics_obtained":[{"floor":6.0,"key":"Mango"},{"floor":9.0,"key":"Bag of Preparation"},{"floor":21,"key":"Enchiridion"},{"floor":23,"key":"Molten Egg 2"}],"event_choices":[{"damage_healed":0.0,"max_hp_gain":0.0,"max_hp_loss":0.0,"gold_gain":0.0,"event_name":"Big Fish","player_choice":"Box","floor":4.0,"gold_loss":0.0,"damage_taken":0.0,"relics_obtained":["Pen Nib"],"cards_obtained":["Regret"]},{"damage_healed":0.0,"max_hp_gain":0.0,"max_hp_loss":0.0,"gold_gain":0.0,"event_name":"Living Wall","player_choice":"Grow","floor":10.0,"gold_loss":0.0,"damage_taken":0.0,"cards_upgraded":["Chaos"]},{"damage_healed":0,"gold_gain":0,"player_choice":"Left Gold","damage_taken":0,"max_hp_gain":0,"max_hp_loss":0,"event_name":"World of Goop","floor":12,"gold_loss":27},{"damage_healed":0,"gold_gain":0,"player_choice":"Read","damage_taken":0,"max_hp_gain":0,"max_hp_loss":0,"event_name":"The Library","floor":20,"gold_loss":0,"cards_obtained":["Consume"]},{"damage_healed":0,"gold_gain":0,"player_choice":"Obtained Book","damage_taken":16,"max_hp_gain":0,"max_hp_loss":0,"event_name":"Cursed Tome","floor":21,"gold_loss":0}],"is_beta":false,"boss_relics":[{"not_picked":["FrozenCore","Fusion Hammer"],"picked":"Empty Cage"}],"items_purged_floors":[8],"is_endless":false,"potions_floor_spawned":[5,11,14,18],"killed_by":"Sentry and Sphere","ascension_level":0}