{"gold_per_floor":[114,132,147,158,158,158,184,204,229,243,243,243,146,176,176,274,274,292,292,367,382,401,401],"floor_reached":23,"playtime":940,"items_purged":["Pain"],"score":325,"play_id":"53287247-84b3-4c0d-a6fa-2f53385a10bb","local_time":"20190628230220","is_ascension_mode":true,"campfire_choices":[{"data":"Ball Lightning","floor":6,"key":"SMITH"},{"data":"Creative AI","floor":11,"key":"SMITH"},{"data":"Go for the Eyes","floor":15,"key":"SMITH"}],"neow_cost":"NONE","seed_source_timestamp":700535141347860,"circlet_count":0,"master_deck":["AscendersBane","Strike_B","Strike_B","Strike_B","Strike_B","Defend_B","Defend_B","Defend_B","Defend_B","Zap+1","Dualcast","Leap","Lockon","Glacier","Ball Lightning+1","Electrodynamics","Barrage","Creative AI+1","Coolheaded","Go for the Eyes+1","Rainbow","Loop+1","Conserve Battery","Conserve Battery+1"],"relics":["Cracked Core","NeowsBlessing","Bag of Marbles","Vajra","WarpedTongs","Juzu Bracelet","Runic Pyramid"],"potions_floor_usage":[14,23],"damage_taken":[{"damage":0,"enemies":"2 Louse","floor":1,"turns":1},{"damage":0,"enemies":"Cultist","floor":2,"turns":1},{"damage":0,"enemies":"Small Slimes","floor":3,"turns":1},{"damage":0,"enemies":"Blue Slaver","floor":4,"turns":4},{"damage":10,"enemies":"3 Sentries","floor":7,"turns":9},{"damage":12,"enemies":"Exordium Thugs","floor":8,"turns":3},{"damage":2,"enemies":"Large Slime","floor":10,"turns":3},{"damage":13,"enemies":"Gremlin Nob","floor":14,"turns":4},{"damage":17,"enemies":"The Guardian","floor":16,"turns":11},{"damage":0,"enemies":"3 Byrds","floor":18,"turns":4},{"damage":22,"enemies":"2 Thieves","floor":21,"turns":4},{"damage":22,"enemies":"Snake Plant","floor":22,"turns":5},{"damage":9,"enemies":"Sentry and Sphere","floor":23,"turns":5}],"seed_played":"6580057770038079928","potions_obtained":[{"floor":2,"key":"Swift Potion"},{"floor":7,"key":"Ancient Potion"},{"floor":14,"key":"Dexterity Potion"}],"is_trial":false,"path_per_floor":["M","M","M","M","?","R","E","M","T","M","R","?","$","E","R","B",null,"M","?","?","M","M","M"],"character_chosen":"DEFECT","items_purchased":["Coolheaded"],"campfire_rested":0,"item_purchase_floors":[13],"current_hp_per_floor":[68,68,68,68,68,68,58,46,46,44,44,44,44,31,31,14,60,60,60,53,31,9,0],"gold":401,"neow_bonus":"THREE_ENEMY_KILL","is_prod":false,"is_daily":false,"chose_seed":false,"campfire_upgraded":3,"win_rate":0,"timestamp":1561780940,"path_taken":["M","M","M","M","?","R","E","M","T","M","R","?","$","E","R","BOSS","M","?","?","M","M","M"],"build_version":"2019-01-23","purchased_purges":1,"victory":false,"max_hp_per_floor":[75,75,75,75,75,75,75,75,75,75,75,75,75,75,75,75,75,75,75,75,75,75,75],"card_choices":[{"not_picked":["Recycle","Sweeping Beam"],"picked":"Leap","floor":1},{"not_picked":["Self Repair","Compile Driver"],"picked":"Lockon","floor":2},{"not_picked":["Cold Snap","Sweeping Beam"],"picked":"Glacier","floor":3},{"not_picked":["Compile Driver","Conserve Battery"],"picked":"Ball Lightning","floor":4},{"not_picked":["Glacier","Barrage"],"picked":"Electrodynamics","floor":7},{"not_picked":["Redo","Double Energy"],"picked":"Barrage","floor":8},{"not_picked":["Conserve Battery","Chill"],"picked":"Creative AI","floor":10},{"not_picked":["Loop","Melter"],"picked":"Go for the Eyes","floor":14},{"not_picked":["Thunder Strike","Multi-Cast"],"picked":"Rainbow","floor":16},{"not_picked":["Turbo","Beam Cell"],"picked":"Loop","floor":18},{"not_picked":["Static Discharge","Redo"],"picked":"Conserve Battery","floor":21},{"not_picked":["FTL","Compile Driver"],"picked":"Conserve Battery+1","floor":22}],"player_experience":305635,"relics_obtained":[{"floor":7,"key":"Bag of Marbles"},{"floor":9,"key":"Vajra"},{"floor":14,"key":"Juzu Bracelet"}],"event_choices":[{"damage_healed":0,"gold_gain":0,"player_choice":"Grow","damage_taken":0,"max_hp_gain":0,"max_hp_loss":0,"event_name":"Living Wall","floor":5,"gold_loss":0,"cards_upgraded":["Zap"]},{"damage_healed":0,"gold_gain":0,"player_choice":"Rummage","damage_taken":0,"relics_obtained":["WarpedTongs"],"max_hp_gain":0,"max_hp_loss":0,"event_name":"Accursed Blacksmith","floor":12,"gold_loss":0,"cards_obtained":["Pain"]},{"damage_healed":0,"gold_gain":0,"player_choice":"Upgraded","damage_taken":0,"max_hp_gain":0,"max_hp_loss":0,"event_name":"Upgrade Shrine","floor":19,"gold_loss":0,"cards_upgraded":["Loop"]},{"damage_healed":0,"gold_gain":75,"player_choice":"Touch","damage_taken":7,"max_hp_gain":0,"max_hp_loss":0,"event_name":"FaceTrader","floor":20,"gold_loss":0}],"is_beta":false,"boss_relics":[{"not_picked":["Coffee Dripper","Fusion Hammer"],"picked":"Runic Pyramid"}],"items_purged_floors":[13],"is_endless":false,"potions_floor_spawned":[2,7,14,16,18,21],"killed_by":"Sentry and Sphere","ascension_level":12}