{"gold_per_floor":[217,217,227,117,130,164,164,197,224,237,254,269,269,17,17,112,112,123,137,137,149,149],"floor_reached":22,"playtime":1465,"items_purged":["Regret","Strike_R"],"score":198,"play_id":"a5755a0b-42b1-4ba1-9a19-06106ed0e8b5","local_time":"20181210132652","is_ascension_mode":false,"campfire_choices":[{"floor":15,"key":"REST"}],"neow_cost":"NONE","seed_source_timestamp":1446885207760745,"circlet_count":0,"master_deck":["Bash","True Grit+1","Hemokinesis","Spot Weakness+1","Rupture","Hemokinesis","Ghostly Armor","Sword Boomerang","Demon Form","Wild Strike","Searing Blow","Sword Boomerang","Havoc","Sentinel","Battle Trance","Headbutt","Ghostly Armor","Armaments","Iron Wave","Feel No Pain"],"relics":["Burning Blood","War Paint","Anchor","Pantograph","Bronze Scales","Ornamental Fan","Happy Flower","Pandora\u0027s Box"],"potions_floor_usage":[5,6,10,16,19,22],"damage_taken":[{"damage":6,"enemies":"Jaw Worm","floor":1,"turns":3},{"damage":2,"enemies":"2 Louse","floor":3,"turns":3},{"damage":3,"enemies":"Small Slimes","floor":5,"turns":3},{"damage":28,"enemies":"Gremlin Nob","floor":6,"turns":4},{"damage":44,"enemies":"Lagavulin","floor":8,"turns":6},{"damage":11,"enemies":"2 Fungi Beasts","floor":10,"turns":5},{"damage":0,"enemies":"3 Louse","floor":11,"turns":5},{"damage":10,"enemies":"Exordium Wildlife","floor":12,"turns":4},{"damage":39,"enemies":"Hexaghost","floor":16,"turns":8},{"damage":14,"enemies":"2 Thieves","floor":18,"turns":4},{"damage":15,"enemies":"Chosen","floor":19,"turns":5},{"damage":27,"enemies":"Snake Plant","floor":21,"turns":4},{"damage":12,"enemies":"Colosseum Slavers","floor":22,"turns":3},{"damage":44,"enemies":"Colosseum Nobs","floor":22,"turns":3}],"seed_played":"-4318779936064568667","potions_obtained":[{"floor":3,"key":"EssenceOfSteel"},{"floor":5,"key":"Fruit Juice"},{"floor":8,"key":"BloodPotion"},{"floor":12,"key":"Block Potion"},{"floor":18,"key":"PowerPotion"},{"floor":21,"key":"Fire Potion"}],"is_trial":false,"path_per_floor":["M","?","M","$","M","E","?","E","T","M","M","M","T","$","R","B",null,"M","M","?","M","?"],"character_chosen":"IRONCLAD","items_purchased":["Spot Weakness","Happy Flower"],"campfire_rested":1,"item_purchase_floors":[4,14],"current_hp_per_floor":[80,80,80,80,85,63,63,25,25,28,34,30,30,30,55,47,85,77,68,68,47,0],"gold":149,"neow_bonus":"HUNDRED_GOLD","is_prod":false,"is_daily":false,"chose_seed":false,"campfire_upgraded":0,"win_rate":0,"timestamp":1544426812,"path_taken":["M","?","M","$","M","E","?","E","T","M","?","M","?","?","R","BOSS","M","M","?","M","?"],"build_version":"2018-12-06","purchased_purges":2,"victory":false,"max_hp_per_floor":[80,80,80,80,85,85,85,85,85,85,85,85,85,85,85,85,85,85,85,85,85,85],"card_choices":[{"not_picked":["Sword Boomerang","Warcry"],"picked":"True Grit","floor":1},{"not_picked":["Flex","Iron Wave"],"picked":"Hemokinesis","floor":3},{"not_picked":["Battle Trance","Iron Wave"],"picked":"Rupture","floor":5},{"not_picked":["Evolve","Flame Barrier"],"picked":"Hemokinesis","floor":6},{"not_picked":["Flex","Disarm","Inflame"],"picked":"SKIP","floor":8},{"not_picked":["Wild Strike","Cleave"],"picked":"Ghostly Armor","floor":10},{"not_picked":["Combust","Clash"],"picked":"Sword Boomerang","floor":11},{"not_picked":["Pommel Strike","Cleave","Warcry"],"picked":"SKIP","floor":12},{"not_picked":["Berserk","Brutality"],"picked":"Demon Form","floor":16},{"not_picked":["Metallicize","Iron Wave"],"picked":"Armaments","floor":18},{"not_picked":["Shrug It Off","Hemokinesis+1"],"picked":"Iron Wave","floor":19},{"not_picked":["Fire Breathing","Clothesline","Power Through"],"picked":"SKIP","floor":21}],"player_experience":206465,"relics_obtained":[{"floor":6,"key":"Anchor"},{"floor":8,"key":"Pantograph"},{"floor":9,"key":"Bronze Scales"},{"floor":13,"key":"Ornamental Fan"}],"event_choices":[{"damage_healed":0,"gold_gain":0,"player_choice":"Box","damage_taken":0,"relics_obtained":["War Paint"],"max_hp_gain":0,"max_hp_loss":0,"event_name":"Big Fish","floor":2,"gold_loss":0,"cards_obtained":["Regret"]},{"damage_healed":0,"gold_gain":0,"player_choice":"Grow","damage_taken":0,"max_hp_gain":0,"max_hp_loss":0,"event_name":"Living Wall","floor":7,"gold_loss":0,"cards_upgraded":["Spot Weakness"]},{"damage_healed":0,"gold_gain":0,"player_choice":"Read","damage_taken":0,"max_hp_gain":0,"max_hp_loss":0,"event_name":"The Library","floor":20,"gold_loss":0,"cards_obtained":["Feel No Pain"]},{"damage_healed":0,"gold_gain":0,"player_choice":"Fight","damage_taken":0,"max_hp_gain":0,"max_hp_loss":0,"event_name":"Colosseum","floor":22,"gold_loss":0},{"damage_healed":0,"gold_gain":0,"player_choice":"Fought Nobs","damage_taken":0,"max_hp_gain":0,"max_hp_loss":0,"event_name":"Colosseum","floor":22,"gold_loss":0}],"is_beta":false,"boss_relics":[{"not_picked":["Orrery","Snecko Eye"],"picked":"Pandora\u0027s Box"}],"items_purged_floors":[4,14],"is_endless":false,"potions_floor_spawned":[3,5,8,12,18,21],"killed_by":"Colosseum Nobs","ascension_level":0}