{"gold_per_floor":[119,138,157,157,176,176,194,224,251,269,298,298,332,407,407,407],"floor_reached":16,"playtime":535,"items_purged":[],"score":171,"play_id":"8bdea88d-90f2-4f6a-aba4-f0601688a667","local_time":"20190606223758","is_ascension_mode":true,"campfire_choices":[{"data":"Dualcast","floor":6,"key":"SMITH"},{"floor":12,"key":"REST"},{"floor":15,"key":"REST"}],"neow_cost":"NONE","seed_source_timestamp":48363840513598,"circlet_count":0,"master_deck":["Strike_B","Strike_B","Strike_B","Defend_B","Defend_B","Defend_B","Defend_B","Zap","Dualcast+1","Darkness","Coolheaded","Ball Lightning","Self Repair","Electrodynamics","Gash","Static Discharge","Consume"],"relics":["Cracked Core","Dream Catcher","Happy Flower","DataDisk","Lantern"],"potions_floor_usage":[8,16],"damage_taken":[{"damage":4,"enemies":"2 Louse","floor":1,"turns":4},{"damage":1,"enemies":"Cultist","floor":2,"turns":4},{"damage":6,"enemies":"Jaw Worm","floor":3,"turns":4},{"damage":13,"enemies":"Large Slime","floor":5,"turns":3},{"damage":0,"enemies":"Lots of Slimes","floor":7,"turns":1},{"damage":8,"enemies":"Gremlin Nob","floor":8,"turns":3},{"damage":12,"enemies":"Exordium Wildlife","floor":10,"turns":4},{"damage":28,"enemies":"Lagavulin","floor":11,"turns":6},{"damage":32,"enemies":"Gremlin Nob","floor":13,"turns":4},{"damage":32,"enemies":"The Guardian","floor":16,"turns":5}],"seed_played":"-8293655680803000060","potions_obtained":[{"floor":3,"key":"AttackPotion"},{"floor":5,"key":"SteroidPotion"},{"floor":7,"key":"Fire Potion"},{"floor":13,"key":"SkillPotion"}],"is_trial":false,"path_per_floor":["M","M","M","?","M","R","M","E","T","M","E","R","E","?","R","B"],"character_chosen":"DEFECT","items_purchased":[],"campfire_rested":2,"item_purchase_floors":[],"current_hp_per_floor":[64,63,57,57,51,51,51,50,50,45,24,46,21,10,32,0],"gold":407,"neow_bonus":"THREE_CARDS","is_prod":false,"is_daily":false,"chose_seed":false,"campfire_upgraded":1,"win_rate":0,"timestamp":1559875078,"path_taken":["M","M","M","?","?","R","?","E","T","M","E","R","E","?","R","BOSS"],"build_version":"2019-01-23","purchased_purges":0,"victory":false,"max_hp_per_floor":[75,75,75,75,75,75,75,75,75,75,75,75,75,75,75,75],"card_choices":[{"not_picked":["Rebound","Reinforced Body"],"picked":"Darkness","floor":0},{"not_picked":["Turbo","Reprogram","Barrage"],"picked":"SKIP","floor":1},{"not_picked":["Rebound","Ball Lightning"],"picked":"Coolheaded","floor":2},{"not_picked":["Streamline","Beam Cell"],"picked":"Ball Lightning","floor":3},{"not_picked":["Redo","Steam"],"picked":"Electrodynamics","floor":5},{"not_picked":["BootSequence","FTL"],"picked":"Gash","floor":7},{"not_picked":["Meteor Strike","Hello World","BootSequence"],"picked":"SKIP","floor":8},{"not_picked":["Gash","Redo","Sweeping Beam"],"picked":"SKIP","floor":10},{"not_picked":["Redo","Beam Cell","Skim"],"picked":"SKIP","floor":11},{"not_picked":["Tempest","Force Field"],"picked":"Static Discharge","floor":12},{"not_picked":["Blizzard","Thunder Strike","Sweeping Beam"],"picked":"SKIP","floor":13},{"not_picked":["Redo","Steam"],"picked":"Consume","floor":15}],"player_experience":581979,"relics_obtained":[{"floor":8,"key":"Dream Catcher"},{"floor":9,"key":"Happy Flower"},{"floor":11,"key":"DataDisk"},{"floor":13,"key":"Lantern"}],"event_choices":[{"damage_healed":0,"gold_gain":0,"cards_transformed":["Strike_B"],"player_choice":"Transformed","damage_taken":0,"max_hp_gain":0,"max_hp_loss":0,"event_name":"Transmorgrifier","floor":4,"gold_loss":0,"cards_obtained":["Self Repair"]},{"damage_healed":0,"gold_gain":75,"player_choice":"Gather Gold","damage_taken":11,"max_hp_gain":0,"max_hp_loss":0,"event_name":"World of Goop","floor":14,"gold_loss":0}],"is_beta":false,"boss_relics":[],"items_purged_floors":[],"is_endless":false,"potions_floor_spawned":[3,5,7,13],"killed_by":"The Guardian","ascension_level":8}