{"gold_per_floor":[413,427,21,33,108,108,143,143,166,186,45,45,78,93,93,189,189,177,177,191,191,41,41,75,75,75,75,75,92,17,28,28,28],"floor_reached":33,"playtime":1461,"items_purged":["Parasite"],"score":328,"play_id":"86b4a956-ea9c-4595-ad22-87dd43b6d971","local_time":"20190607161727","is_ascension_mode":true,"campfire_choices":[{"data":"Consume","floor":6,"key":"SMITH"},{"data":"Zap","floor":12,"key":"SMITH"},{"data":"Go for the Eyes","floor":15,"key":"SMITH"},{"data":"Self Repair","floor":23,"key":"SMITH"},{"floor":25,"key":"REST"},{"data":"Glacier","floor":32,"key":"SMITH"}],"neow_cost":"TEN_PERCENT_HP_LOSS","seed_source_timestamp":15146332834192,"circlet_count":0,"master_deck":["Strike_B","Strike_B","Strike_B","Strike_B","Defend_B","Defend_B","Defend_B","Defend_B","Zap+1","Dualcast","Glacier+1","Consume+1","Cold Snap","Blizzard","Coolheaded","Go for the Eyes+1","Machine Learning","Rebound","Self Repair+1","Thunder Strike","Beam Cell","Decay","Go for the Eyes+1","Loop","Electrodynamics"],"relics":["Cracked Core","Old Coin","Dead Branch","Oddly Smooth Stone","Orichalcum","Ornamental Fan","Cursed Key","Juzu Bracelet","MutagenicStrength","DataDisk","Kunai","Sundial"],"potions_floor_usage":[13,14,16,24,29,29],"damage_taken":[{"damage":0,"enemies":"Small Slimes","floor":1,"turns":3},{"damage":0,"enemies":"Jaw Worm","floor":2,"turns":4},{"damage":0,"enemies":"2 Louse","floor":4,"turns":2},{"damage":28,"enemies":"Gremlin Nob","floor":7,"turns":6},{"damage":0,"enemies":"Blue Slaver","floor":10,"turns":5},{"damage":2,"enemies":"Lagavulin","floor":13,"turns":10},{"damage":10,"enemies":"Lots of Slimes","floor":14,"turns":2},{"damage":22,"enemies":"The Guardian","floor":16,"turns":13},{"damage":24,"enemies":"2 Thieves","floor":18,"turns":4},{"damage":0,"enemies":"Spheric Guardian","floor":20,"turns":4},{"damage":45,"enemies":"Slavers","floor":24,"turns":7},{"damage":16,"enemies":"Shelled Parasite and Fungi","floor":29,"turns":8},{"damage":0,"enemies":"Snecko","floor":31,"turns":6},{"damage":40,"enemies":"Automaton","floor":33,"turns":6}],"seed_played":"-8042408828741129996","potions_obtained":[{"floor":1,"key":"Strength Potion"},{"floor":7,"key":"EssenceOfSteel"},{"floor":13,"key":"Explosive Potion"},{"floor":14,"key":"AttackPotion"},{"floor":16,"key":"Energy Potion"},{"floor":24,"key":"Explosive Potion"},{"floor":27,"key":"Block Potion"},{"floor":29,"key":"Energy Potion"}],"is_trial":false,"path_per_floor":["M","M","$","M","?","R","E","?","T","M","$","R","E","M","R","B",null,"M","?","M","?","$","R","E","R","T","?","?","M","$","M","R","B"],"character_chosen":"DEFECT","items_purchased":["Cold Snap","Blizzard","Dead Branch","Machine Learning","DataDisk"],"campfire_rested":1,"item_purchase_floors":[3,3,3,11,22],"current_hp_per_floor":[68,68,68,68,57,57,29,46,46,46,46,46,44,34,34,19,68,44,44,51,51,51,51,16,36,36,36,36,30,30,40,40,0],"gold":28,"neow_bonus":"ONE_RARE_RELIC","is_prod":false,"is_daily":false,"chose_seed":false,"campfire_upgraded":5,"win_rate":0,"timestamp":1559942247,"path_taken":["M","M","$","M","?","R","E","?","T","M","$","R","E","M","R","BOSS","M","?","M","?","$","R","E","R","T","?","?","M","?","M","R","BOSS"],"build_version":"2019-01-23","purchased_purges":1,"victory":false,"max_hp_per_floor":[68,68,68,68,68,68,68,68,68,68,68,68,68,68,68,68,68,68,68,68,68,68,68,68,68,68,68,68,68,65,65,65,65],"card_choices":[{"not_picked":["Aggregate","Reinforced Body"],"picked":"Glacier","floor":1},{"not_picked":["Redo","Beam Cell"],"picked":"Consume","floor":2},{"not_picked":["Rebound","Rainbow"],"picked":"Coolheaded","floor":4},{"not_picked":["Aggregate","Lockon","Force Field"],"picked":"SKIP","floor":7},{"not_picked":["Compile Driver","Rebound"],"picked":"Go for the Eyes","floor":10},{"not_picked":["Streamline","FTL"],"picked":"Rebound","floor":13},{"not_picked":["Beam Cell","Conserve Battery"],"picked":"Self Repair","floor":14},{"not_picked":["Amplify","Machine Learning"],"picked":"Thunder Strike","floor":16},{"not_picked":["Sweeping Beam","Rebound+1","Gash"],"picked":"SKIP","floor":18},{"not_picked":["Turbo","Compile Driver"],"picked":"Beam Cell","floor":20},{"not_picked":["Reprogram","Redo","Chaos"],"picked":"SKIP","floor":24},{"not_picked":["Blizzard","Reprogram"],"picked":"Loop","floor":29},{"not_picked":["Darkness","Hologram"],"picked":"Electrodynamics","floor":31}],"player_experience":121824,"relics_obtained":[{"floor":7,"key":"Oddly Smooth Stone"},{"floor":9,"key":"Orichalcum"},{"floor":13,"key":"Ornamental Fan"},{"floor":24,"key":"Kunai"},{"floor":26,"key":"Sundial"}],"event_choices":[{"damage_healed":0,"gold_gain":75,"player_choice":"Gather Gold","damage_taken":11,"max_hp_gain":0,"max_hp_loss":0,"event_name":"World of Goop","floor":5,"gold_loss":0},{"damage_healed":17,"gold_gain":0,"player_choice":"Healed and dodged fight","damage_taken":0,"max_hp_gain":0,"max_hp_loss":0,"event_name":"Mushrooms","floor":8,"gold_loss":0,"cards_obtained":["Parasite"]},{"damage_healed":0,"gold_gain":0,"player_choice":"Opened","damage_taken":0,"relics_obtained":["Juzu Bracelet"],"max_hp_gain":0,"max_hp_loss":0,"event_name":"The Mausoleum","floor":19,"gold_loss":0},{"damage_healed":0,"gold_gain":0,"player_choice":"Inject Mutagens","damage_taken":0,"relics_obtained":["MutagenicStrength"],"max_hp_gain":0,"max_hp_loss":0,"event_name":"Drug Dealer","floor":21,"gold_loss":0},{"damage_healed":0,"gold_gain":0,"player_choice":"Got Potions","damage_taken":0,"max_hp_gain":0,"max_hp_loss":0,"event_name":"Lab","floor":27,"gold_loss":0},{"damage_healed":0,"gold_gain":0,"player_choice":"Copied","damage_taken":0,"max_hp_gain":0,"max_hp_loss":0,"event_name":"Duplicator","floor":28,"gold_loss":0,"cards_obtained":["Go for the Eyes"]}],"is_beta":false,"boss_relics":[{"not_picked":["Fusion Hammer","Nuclear Battery"],"picked":"Cursed Key"}],"items_purged_floors":[30],"is_endless":false,"potions_floor_spawned":[1,7,13,14,16,24,29],"killed_by":"Automaton","ascension_level":4}