{"gold_per_floor":[112,185,185,198,198,233,246,264,264,264,264,339,339,339,339,417,417,427,427,427,445,445,445,445],"floor_reached":24,"playtime":586,"items_purged":[],"score":355,"play_id":"1b34bb27-22ec-41cd-ba2a-244721c694db","local_time":"20190815232230","is_ascension_mode":true,"campfire_choices":[{"floor":10,"key":"REST"},{"data":"Armaments","floor":13,"key":"SMITH"},{"floor":15,"key":"REST"},{"floor":23,"key":"REST"}],"neow_cost":"NONE","seed_source_timestamp":18951328921413,"circlet_count":0,"master_deck":["AscendersBane","Strike_R","Strike_R","Strike_R","Strike_R","Strike_R+1","Defend_R","Defend_R","Defend_R","Defend_R","Bash+1","Hemokinesis","Armaments+1","True Grit+1","Rupture","Juggernaut","J.A.X."],"relics":["Burning Blood","Mercury Hourglass","Sundial","Snecko Eye","Nilry\u0027s Codex"],"potions_floor_usage":[],"damage_taken":[{"damage":6,"enemies":"2 Louse","floor":1,"turns":3},{"damage":10,"enemies":"Small Slimes","floor":4,"turns":4},{"damage":32,"enemies":"Lagavulin","floor":6,"turns":8},{"damage":7,"enemies":"Jaw Worm","floor":7,"turns":4},{"damage":9,"enemies":"Exordium Thugs","floor":8,"turns":4},{"damage":47,"enemies":"Hexaghost","floor":16,"turns":10},{"damage":33,"enemies":"2 Thieves","floor":18,"turns":4},{"damage":20,"enemies":"Shell Parasite","floor":21,"turns":3},{"damage":0,"enemies":"Shelled Parasite and Fungi","floor":24,"turns":1}],"seed_played":"4047237875333790812","potions_obtained":[{"floor":1,"key":"SpeedPotion"},{"floor":6,"key":"EssenceOfSteel"},{"floor":16,"key":"Fire Potion"}],"is_trial":false,"path_per_floor":["M","?","?","M","T","E","M","M","T","R","?","?","R","?","R","B",null,"M","?","?","M","?","R","M"],"character_chosen":"IRONCLAD","items_purchased":[],"campfire_rested":3,"item_purchase_floors":[],"current_hp_per_floor":[75,75,50,46,46,20,19,16,16,40,40,29,29,29,53,12,65,38,17,33,19,19,43,43],"gold":445,"neow_bonus":"TEN_PERCENT_HP_BONUS","is_prod":false,"is_daily":false,"chose_seed":false,"campfire_upgraded":1,"win_rate":0,"timestamp":1565925750,"path_taken":["M","?","?","M","?","E","M","?","T","R","?","?","R","?","R","BOSS","M","?","?","M","?","R","M"],"build_version":"2019-07-17","purchased_purges":0,"victory":false,"max_hp_per_floor":[82,82,82,82,82,82,82,82,82,82,82,82,82,82,82,82,82,82,82,82,82,82,82,82],"card_choices":[{"not_picked":["Feel No Pain","Second Wind"],"picked":"Hemokinesis","floor":1},{"not_picked":["Dropkick","Second Wind"],"picked":"Armaments","floor":4},{"not_picked":["Twin Strike","Perfected Strike"],"picked":"True Grit","floor":6},{"not_picked":["Whirlwind","Iron Wave"],"picked":"Rupture","floor":7},{"not_picked":["Dual Wield","Wild Strike","Infernal Blade"],"picked":"SKIP","floor":8},{"not_picked":["Dark Embrace","Bludgeon"],"picked":"Juggernaut","floor":16},{"not_picked":["Havoc","Headbutt","Clash"],"picked":"SKIP","floor":18},{"not_picked":["Uppercut","Cleave","Armaments"],"picked":"SKIP","floor":21}],"player_experience":780091,"relics_obtained":[{"floor":5,"key":"Mercury Hourglass"},{"floor":9,"key":"Sundial"},{"floor":19,"key":"Nilry\u0027s Codex"}],"event_choices":[{"damage_healed":0,"gold_gain":73,"player_choice":"Gained Gold","damage_taken":0,"max_hp_gain":0,"max_hp_loss":0,"event_name":"Golden Wing","floor":2,"gold_loss":0},{"damage_healed":0,"gold_gain":0,"player_choice":"Entered Light","damage_taken":25,"max_hp_gain":0,"max_hp_loss":0,"event_name":"Shining Light","floor":3,"gold_loss":0,"cards_upgraded":["Strike_R","Bash"]},{"damage_healed":0,"gold_gain":0,"player_choice":"Ignored","damage_taken":0,"max_hp_gain":0,"max_hp_loss":0,"event_name":"Liars Game","floor":11,"gold_loss":0},{"damage_healed":0,"gold_gain":75,"player_choice":"Gather Gold","damage_taken":11,"max_hp_gain":0,"max_hp_loss":0,"event_name":"World of Goop","floor":12,"gold_loss":0},{"damage_healed":0,"gold_gain":0,"player_choice":"Grow","damage_taken":0,"max_hp_gain":0,"max_hp_loss":0,"event_name":"Living Wall","floor":14,"gold_loss":0,"cards_upgraded":["True Grit"]},{"damage_healed":0,"gold_gain":0,"player_choice":"Obtained Book","damage_taken":21,"max_hp_gain":0,"max_hp_loss":0,"event_name":"Cursed Tome","floor":19,"gold_loss":0},{"damage_healed":16,"gold_gain":0,"player_choice":"Heal","damage_taken":0,"max_hp_gain":0,"max_hp_loss":0,"event_name":"The Library","floor":20,"gold_loss":0},{"damage_healed":0,"gold_gain":0,"player_choice":"Obtain J.A.X.","damage_taken":0,"max_hp_gain":0,"max_hp_loss":0,"event_name":"Drug Dealer","floor":22,"gold_loss":0,"cards_obtained":["J.A.X."]}],"is_beta":false,"boss_relics":[{"not_picked":["Tiny House","Philosopher\u0027s Stone"],"picked":"Snecko Eye"}],"items_purged_floors":[],"is_endless":false,"potions_floor_spawned":[1,6,16],"killed_by":"Shelled Parasite and Fungi","ascension_level":17}