{"gold_per_floor":[363,363,34,34,51,80,80,111,111,123,123],"floor_reached":11,"playtime":387,"items_purged":["Shame"],"score":130,"play_id":"8802717c-1831-40d1-9da2-4d458726246e","local_time":"20190628182012","is_ascension_mode":true,"campfire_choices":[{"floor":7,"key":"REST"}],"neow_cost":"CURSE","seed_source_timestamp":684159432013651,"circlet_count":0,"master_deck":["AscendersBane","Strike_B","Strike_B","Strike_B","Strike_B","Defend_B","Defend_B+1","Defend_B","Defend_B","Zap","Dualcast+1","Auto Shields","Leap","Leap","Coolheaded","Glacier"],"relics":["Cracked Core","Question Card","FossilizedHelix","Orichalcum","Bottled Lightning"],"potions_floor_usage":[8],"damage_taken":[{"damage":4,"enemies":"Jaw Worm","floor":1,"turns":4},{"damage":0,"enemies":"Small Slimes","floor":5,"turns":3},{"damage":29,"enemies":"Gremlin Nob","floor":6,"turns":5},{"damage":24,"enemies":"Lagavulin","floor":8,"turns":8},{"damage":0,"enemies":"2 Louse","floor":10,"turns":3},{"damage":27,"enemies":"The Mushroom Lair","floor":11,"turns":5}],"seed_played":"1950913724174970781","potions_obtained":[{"floor":6,"key":"PowerPotion"}],"is_trial":false,"path_per_floor":["M","?","$","?","M","E","R","E","T","M","?"],"character_chosen":"DEFECT","items_purchased":["Question Card"],"campfire_rested":1,"item_purchase_floors":[3],"current_hp_per_floor":[64,49,49,49,49,20,42,18,18,18,0],"gold":123,"neow_bonus":"TWO_FIFTY_GOLD","is_prod":false,"is_daily":false,"chose_seed":false,"campfire_upgraded":0,"win_rate":0,"timestamp":1561764012,"path_taken":["M","?","$","?","M","E","R","E","T","M","?"],"build_version":"2019-01-23","purchased_purges":1,"victory":false,"max_hp_per_floor":[75,75,75,75,75,75,75,75,75,75,75],"card_choices":[{"not_picked":["Cold Snap","Streamline"],"picked":"Auto Shields","floor":1},{"not_picked":["Conserve Battery","Fusion","Storm"],"picked":"Leap","floor":5},{"not_picked":["Streamline","Gash","Beam Cell"],"picked":"Leap","floor":6},{"not_picked":["BootSequence","Redo","Multi-Cast"],"picked":"Coolheaded","floor":8},{"not_picked":["Go for the Eyes","Hologram","Cold Snap"],"picked":"Glacier","floor":10}],"player_experience":302517,"relics_obtained":[{"floor":6,"key":"FossilizedHelix"},{"floor":8,"key":"Orichalcum"},{"floor":9,"key":"Bottled Lightning"}],"event_choices":[{"damage_healed":0,"gold_gain":0,"player_choice":"Entered Light","damage_taken":15,"max_hp_gain":0,"max_hp_loss":0,"event_name":"Shining Light","floor":2,"gold_loss":0,"cards_upgraded":["Dualcast","Defend_B"]},{"damage_healed":0,"gold_gain":0,"player_choice":"Leave","damage_taken":0,"max_hp_gain":0,"max_hp_loss":0,"event_name":"The Cleric","floor":4,"gold_loss":0},{"damage_healed":0,"gold_gain":0,"player_choice":"Fought Mushrooms","damage_taken":0,"max_hp_gain":0,"max_hp_loss":0,"event_name":"Mushrooms","floor":11,"gold_loss":0}],"is_beta":false,"boss_relics":[],"items_purged_floors":[3],"is_endless":false,"potions_floor_spawned":[6],"killed_by":"The Mushroom Lair","ascension_level":12}