{"gold_per_floor":[113,123,70,80,13,13,32,60,114,134,134,134,175,175,175,299,299,320,119,144,167,180,180,180],"floor_reached":24,"playtime":1187,"items_purged":[],"score":208,"play_id":"2466fd8d-725c-4e72-8081-e7f5b8be33f2","local_time":"20181210134655","is_ascension_mode":false,"campfire_choices":[{"data":"Searing Blow","floor":6,"key":"SMITH"},{"floor":12,"key":"REST"},{"floor":15,"key":"REST"},{"floor":23,"key":"REST"}],"neow_cost":"NONE","seed_source_timestamp":1448367750037437,"circlet_count":0,"master_deck":["Strike_R","Strike_R","Strike_R","Strike_R","Strike_R","Defend_R","Defend_R","Defend_R","Defend_R","Bash","Pommel Strike","Clothesline","Shrug It Off","Reckless Charge","Searing Blow+1","Rampage","Impervious","Clash","Barricade","Demon Form","Pommel Strike+1","Headbutt","Battle Trance","Battle Trance"],"relics":["Burning Blood","NeowsBlessing","Shuriken","Ancient Tea Set","Golden Idol","Vajra","White Beast Statue","Bronze Scales"],"potions_floor_usage":[7,16,18,20,21,21,24,24],"damage_taken":[{"damage":0,"enemies":"Cultist","floor":1,"turns":1},{"damage":0,"enemies":"2 Louse","floor":2,"turns":1},{"damage":0,"enemies":"Small Slimes","floor":4,"turns":1},{"damage":22,"enemies":"Gremlin Gang","floor":7,"turns":7},{"damage":18,"enemies":"Gremlin Nob","floor":8,"turns":4},{"damage":2,"enemies":"Looter","floor":10,"turns":3},{"damage":8,"enemies":"Lagavulin","floor":13,"turns":5},{"damage":63,"enemies":"The Guardian","floor":16,"turns":12},{"damage":10,"enemies":"Spheric Guardian","floor":18,"turns":4},{"damage":27,"enemies":"2 Thieves","floor":20,"turns":4},{"damage":17,"enemies":"Centurion and Healer","floor":21,"turns":6},{"damage":14,"enemies":"Snecko","floor":22,"turns":6},{"damage":65,"enemies":"Slavers","floor":24,"turns":4}],"seed_played":"1199427168082218735","potions_obtained":[{"floor":1,"key":"SpeedPotion"},{"floor":4,"key":"SneckoOil"},{"floor":10,"key":"Strength Potion"},{"floor":13,"key":"SpeedPotion"},{"floor":16,"key":"SkillPotion"},{"floor":18,"key":"Strength Potion"},{"floor":20,"key":"Fire Potion"},{"floor":21,"key":"SkillPotion"},{"floor":22,"key":"SneckoOil"}],"is_trial":false,"path_per_floor":["M","M","$","M","$","R","M","E","T","M","?","R","E","?","R","B",null,"M","$","M","M","M","R","E"],"character_chosen":"IRONCLAD","items_purchased":["Shrug It Off","Searing Blow","Headbutt","Bronze Scales"],"campfire_rested":3,"item_purchase_floors":[3,5,19,19],"current_hp_per_floor":[80,80,80,80,80,80,64,52,52,56,36,60,58,58,80,23,80,76,76,55,44,36,60,0],"gold":180,"neow_bonus":"THREE_ENEMY_KILL","is_prod":false,"is_daily":false,"chose_seed":false,"campfire_upgraded":1,"win_rate":0,"timestamp":1544428015,"path_taken":["M","?","?","M","$","R","M","E","T","M","?","R","E","?","R","BOSS","M","$","M","M","M","R","E"],"build_version":"2018-12-06","purchased_purges":0,"victory":false,"max_hp_per_floor":[80,80,80,80,80,80,80,80,80,80,80,80,80,80,80,80,80,80,80,80,80,80,80,80],"card_choices":[{"not_picked":["Bloodletting","Whirlwind"],"picked":"Pommel Strike","floor":1},{"not_picked":["True Grit","Seeing Red"],"picked":"Clothesline","floor":2},{"not_picked":["Corruption","Twin Strike"],"picked":"Reckless Charge","floor":4},{"not_picked":["Twin Strike","Iron Wave"],"picked":"Rampage","floor":7},{"not_picked":["Heavy Blade","Headbutt"],"picked":"Impervious","floor":8},{"not_picked":["Heavy Blade","Body Slam"],"picked":"Clash","floor":10},{"not_picked":["Twin Strike","Second Wind"],"picked":"Barricade","floor":13},{"not_picked":["Offering","Brutality"],"picked":"Demon Form","floor":16},{"not_picked":["Cleave","Whirlwind"],"picked":"Pommel Strike+1","floor":18},{"not_picked":["Cleave","Iron Wave"],"picked":"Battle Trance","floor":20},{"not_picked":["Heavy Blade","Perfected Strike+1"],"picked":"Battle Trance","floor":21},{"not_picked":["Perfected Strike","Clothesline","Disarm"],"picked":"SKIP","floor":22}],"player_experience":207930,"relics_obtained":[{"floor":8,"key":"Shuriken"},{"floor":9,"key":"Ancient Tea Set"},{"floor":13,"key":"Vajra"}],"event_choices":[{"damage_healed":0,"gold_gain":0,"player_choice":"Take Damage","damage_taken":20,"relics_obtained":["Golden Idol"],"max_hp_gain":0,"max_hp_loss":0,"event_name":"Golden Idol","floor":11,"gold_loss":0},{"damage_healed":0,"gold_gain":0,"player_choice":"Relic","damage_taken":0,"max_hp_gain":0,"max_hp_loss":0,"event_name":"Wheel of Change","floor":14,"gold_loss":0}],"is_beta":false,"boss_relics":[{"not_picked":["Lizard Tail","Philosopher\u0027s Stone"],"picked":"White Beast Statue"}],"items_purged_floors":[],"is_endless":false,"potions_floor_spawned":[1,4,10,13,16,18,20,21,22],"killed_by":"Slavers","ascension_level":0}