{"gold_per_floor":[19,31,31,31,31,31,55,89,89,108,108,126,164,177,177,270,270,291,127,171,171,171,171,195,239,239,239,263,304,46,69,69,165,165,184,98,113,32,47,78,78,112,194,225,239,239,239,254,254,254,254,254,254,46,82,82],"floor_reached":57,"playtime":6835,"items_purged":["Strike_B","Defend_B","FTL"],"score":2880,"play_id":"e10f628a-800a-4dfa-bba8-b582d668b3fb","local_time":"20190608141313","is_ascension_mode":true,"campfire_choices":[{"data":"Beam Cell","floor":6.0,"key":"SMITH"},{"data":"Leap","floor":11.0,"key":"SMITH"},{"data":"Static Discharge","floor":15.0,"key":"SMITH"},{"data":"Defragment","floor":23,"key":"SMITH"},{"data":"Coolheaded","floor":27,"key":"SMITH"},{"data":"Glacier","floor":32,"key":"SMITH"},{"floor":41,"key":"RECALL"},{"data":"Hologram","floor":46,"key":"SMITH"},{"data":"Defend_B","floor":49,"key":"SMITH"},{"floor":53,"key":"REST"}],"neow_cost":"NO_GOLD","seed_source_timestamp":0,"circlet_count":0,"master_deck":["AscendersBane","Strike_B+1","Strike_B+1","Defend_B+1","Defend_B+1","Dualcast+1","Beam Cell+1","Leap+1","Compile Driver","Glacier+1","Ball Lightning","Static Discharge+1","Cold Snap","Echo Form","Coolheaded+1","Defragment+1","Genetic Algorithm+1","Creative AI","Chill","Self Repair+1","Creative AI+1","Capacitor+1","Loop+1","Storm+1","Defragment+1","Hologram+1","Leap+1","Hologram+1","Electrodynamics+1","Genetic Algorithm+1","Defragment+1"],"special_seed":0,"relics":["Cracked Core","Golden Idol","Gambling Chip","Vajra","Meat on the Bone","War Paint","Snecko Eye","Red Mask","Bottled Tornado","Ornamental Fan","Frozen Egg 2","Anchor","Philosopher\u0027s Stone","Kunai","Gremlin Horn","Bag of Marbles","Sundial"],"potions_floor_usage":[25,29,44,55,56],"damage_taken":[{"damage":2.0,"enemies":"Jaw Worm","floor":1.0,"turns":4.0},{"damage":2.0,"enemies":"2 Louse","floor":2.0,"turns":2.0},{"damage":0.0,"enemies":"Small Slimes","floor":7.0,"turns":2.0},{"damage":15.0,"enemies":"Lagavulin","floor":8.0,"turns":3.0},{"damage":0.0,"enemies":"Exordium Wildlife","floor":10.0,"turns":3.0},{"damage":4.0,"enemies":"2 Fungi Beasts","floor":12.0,"turns":2.0},{"damage":11.0,"enemies":"3 Sentries","floor":13.0,"turns":7.0},{"damage":0.0,"enemies":"Exordium Thugs","floor":14.0,"turns":3.0},{"damage":13.0,"enemies":"Hexaghost","floor":16.0,"turns":5.0},{"damage":1.0,"enemies":"3 Byrds","floor":18.0,"turns":4.0},{"damage":0,"enemies":"Masked Bandits","floor":20,"turns":5},{"damage":0,"enemies":"Chosen","floor":24,"turns":5},{"damage":3,"enemies":"Gremlin Leader","floor":25,"turns":9},{"damage":2,"enemies":"Shelled Parasite and Fungi","floor":28,"turns":11},{"damage":0,"enemies":"Slavers","floor":29,"turns":7},{"damage":0,"enemies":"Chosen and Byrds","floor":31,"turns":9},{"damage":3,"enemies":"Champ","floor":33,"turns":15},{"damage":3,"enemies":"Orb Walker","floor":35,"turns":6},{"damage":17,"enemies":"3 Darklings","floor":37,"turns":6},{"damage":0,"enemies":"Writhing Mass","floor":39,"turns":6},{"damage":0,"enemies":"Giant Head","floor":40,"turns":6},{"damage":5,"enemies":"Nemesis","floor":42,"turns":7},{"damage":20,"enemies":"Reptomancer","floor":44,"turns":6},{"damage":4,"enemies":"Transient","floor":45,"turns":6},{"damage":0,"enemies":"3 Darklings","floor":48,"turns":6},{"damage":0,"enemies":"Time Eater","floor":50,"turns":11},{"damage":14,"enemies":"Awakened One","floor":51,"turns":23},{"damage":33,"enemies":"Shield and Spear","floor":55,"turns":8},{"damage":52,"enemies":"The Heart","floor":56,"turns":9}],"seed_played":"8938511071404975363","potions_obtained":[{"floor":2.0,"key":"SteroidPotion"},{"floor":8.0,"key":"PowerPotion"},{"floor":14.0,"key":"Regen Potion"},{"floor":25,"key":"Ancient Potion"},{"floor":29,"key":"Regen Potion"},{"floor":31,"key":"Ancient Potion"},{"floor":44,"key":"LiquidBronze"},{"floor":45,"key":"PowerPotion"}],"is_trial":false,"path_per_floor":["M","M","?","?","?","R","M","E","T","M","R","M","E","M","R","B",null,"M","$","?","?","?","R","M","E","T","R","M","E","$","M","R","B",null,"M","$","M","$","M","E","R","E","T","E","M","R","?","M","R","B","B",null,"R","$","E","B",null],"character_chosen":"DEFECT","items_purchased":["Defragment","Anchor","Loop+1","Defragment+1","FocusPotion"],"campfire_rested":1,"item_purchase_floors":[19,30,36,38,54],"current_hp_per_floor":[62,60,60,49,30,30,30,15,15,27,27,35,36,36,36,35,57,56,56,56,56,56,56,56,64,64,64,62,62,62,64,64,64,64,64,64,64,64,64,64,64,64,64,54,60,60,60,64,64,64,60,63,64,64,63,33],"gold":82,"neow_bonus":"REMOVE_TWO","is_prod":false,"is_daily":false,"chose_seed":false,"campfire_upgraded":8,"win_rate":0,"timestamp":1560017593,"path_taken":["M","M","?","?","?","R","M","E","T","M","R","M","E","M","R","BOSS","M","$","?","?","?","R","?","E","T","R","M","E","$","M","R","BOSS","M","$","M","$","M","E","R","E","T","E","M","R","?","M","R","BOSS","BOSS","R","$","E","BOSS"],"build_version":"2019-01-23","purchased_purges":3,"victory":true,"max_hp_per_floor":[71,71,64,64,64,64,64,64,64,64,64,64,64,64,64,64,64,64,64,64,64,64,64,64,64,64,64,64,64,64,64,64,64,64,64,64,64,64,64,64,64,64,64,64,64,64,64,64,64,64,64,64,64,64,64,64],"card_choices":[{"not_picked":["Redo","Stack"],"picked":"FTL","floor":1.0},{"not_picked":["Coolheaded","Stack"],"picked":"Beam Cell","floor":2.0},{"not_picked":["Barrage","Scrape"],"picked":"Leap","floor":7.0},{"not_picked":["Force Field","Steam"],"picked":"Compile Driver","floor":8.0},{"not_picked":["White Noise","Sweeping Beam"],"picked":"Glacier","floor":10.0},{"not_picked":["Gash","Beam Cell"],"picked":"Ball Lightning","floor":12.0},{"not_picked":["Hologram","Thunder Strike"],"picked":"Static Discharge","floor":13.0},{"not_picked":["Conserve Battery","Undo"],"picked":"Cold Snap","floor":14.0},{"not_picked":["Creative AI","All For One"],"picked":"Echo Form","floor":16.0},{"not_picked":["Heatsinks","Melter"],"picked":"Coolheaded","floor":18},{"not_picked":["Leap+1","Steam"],"picked":"Genetic Algorithm+1","floor":20},{"not_picked":["Streamline","Stack","Cold Snap"],"picked":"SKIP","floor":24},{"not_picked":["Streamline","Stack","Cold Snap"],"picked":"SKIP","floor":24},{"not_picked":["Scrape","Rebound"],"picked":"Creative AI","floor":25},{"not_picked":["Beam Cell","Streamline"],"picked":"Chill","floor":28},{"not_picked":["Steam","Stack+1"],"picked":"Self Repair","floor":29},{"not_picked":["Undo","Fusion","Gash"],"picked":"SKIP","floor":31},{"not_picked":["Amplify","Hyperbeam"],"picked":"Creative AI+1","floor":33},{"not_picked":["Ball Lightning","Conserve Battery"],"picked":"Capacitor+1","floor":35},{"not_picked":["Sweeping Beam+1","Reprogram"],"picked":"Storm+1","floor":37},{"not_picked":["Gash","Reprogram"],"picked":"Hologram","floor":39},{"not_picked":["Fusion","Sweeping Beam+1"],"picked":"Leap+1","floor":40},{"not_picked":["Capacitor+1","White Noise"],"picked":"Hologram+1","floor":42},{"not_picked":["Streamline","Coolheaded"],"picked":"Electrodynamics+1","floor":44},{"not_picked":["Static Discharge+1","Rebound","Compile Driver"],"picked":"SKIP","floor":45},{"not_picked":["Compile Driver","Gash","Barrage"],"picked":"SKIP","floor":48},{"not_picked":["Gash+1","Turbo"],"picked":"Defragment+1","floor":55}],"player_experience":2081992,"relics_obtained":[{"floor":8.0,"key":"Vajra"},{"floor":9.0,"key":"Meat on the Bone"},{"floor":13.0,"key":"War Paint"},{"floor":20,"key":"Red Mask"},{"floor":25,"key":"Bottled Tornado"},{"floor":26,"key":"Ornamental Fan"},{"floor":29,"key":"Frozen Egg 2"},{"floor":40,"key":"Kunai"},{"floor":42,"key":"Gremlin Horn"},{"floor":44,"key":"Bag of Marbles"},{"floor":55,"key":"Sundial"}],"event_choices":[{"damage_healed":0.0,"max_hp_gain":0.0,"max_hp_loss":7.0,"gold_gain":0.0,"event_name":"Golden Idol","player_choice":"Lose Max HP","floor":3.0,"gold_loss":0.0,"damage_taken":0.0,"relics_obtained":["Golden Idol"]},{"damage_healed":0.0,"max_hp_gain":0.0,"max_hp_loss":0.0,"gold_gain":0.0,"event_name":"Scrap Ooze","player_choice":"Success","floor":4.0,"gold_loss":0.0,"damage_taken":11.0,"relics_obtained":["Gambling Chip"]},{"damage_healed":0.0,"max_hp_gain":0.0,"max_hp_loss":0.0,"gold_gain":0.0,"event_name":"Shining Light","player_choice":"Entered Light","floor":5.0,"gold_loss":0.0,"damage_taken":19.0,"cards_upgraded":["Strike_B","Strike_B"]},{"damage_healed":0,"gold_gain":0,"player_choice":"Fought Bandits","damage_taken":0,"max_hp_gain":0,"max_hp_loss":0,"event_name":"Masked Bandits","floor":20,"gold_loss":0},{"damage_healed":0,"gold_gain":0,"player_choice":"Ignored","damage_taken":0,"max_hp_gain":0,"max_hp_loss":0,"event_name":"Vampires","floor":21,"gold_loss":0},{"cards_removed":["Zap"],"damage_healed":0,"gold_gain":0,"player_choice":"Card Removal","damage_taken":0,"max_hp_gain":0,"max_hp_loss":0,"event_name":"Wheel of Change","floor":22,"gold_loss":0},{"damage_healed":0,"gold_gain":0,"player_choice":"Copied","damage_taken":0,"max_hp_gain":0,"max_hp_loss":0,"event_name":"Duplicator","floor":47,"gold_loss":0,"cards_obtained":["Genetic Algorithm"]}],"is_beta":false,"boss_relics":[{"not_picked":["FrozenCore","Empty Cage"],"picked":"Snecko Eye"},{"not_picked":["Runic Pyramid","Astrolabe"],"picked":"Philosopher\u0027s Stone"}],"items_purged_floors":[19,30,54],"is_endless":false,"potions_floor_spawned":[2,8,14,18,24,25,29,31,37,39,44,45],"ascension_level":20}