{"gold_per_floor":[118,92,111,126,126,154,154,184,209,224,241,241,267,326,326,427,427,442,541,466,99,117,146,146,178,178,197,227,227,6,31,31,127,127,137,137,148,165,1164,1164,406,406,406,0,52,0,0,32,32,32,32,32,32,66,66],"floor_reached":56,"playtime":3506,"items_purged":["Strike_G","Normality","Normality"],"score":1332,"play_id":"c1aea65d-adf0-4517-ba38-93377c6eff93","local_time":"20190819165247","is_ascension_mode":false,"campfire_choices":[{"floor":7,"key":"REST"},{"floor":15,"key":"REST"},{"floor":24,"key":"RECALL"},{"floor":32,"key":"REST"},{"data":"Footwork","floor":40,"key":"SMITH"},{"data":"Catalyst","floor":42,"key":"SMITH"},{"floor":47,"key":"DIG"},{"floor":49,"key":"REST"},{"floor":52,"key":"DIG"}],"neow_cost":"NONE","seed_source_timestamp":18866498589417,"circlet_count":0,"master_deck":["Survivor","Neutralize","Backflip","Underhanded Strike","Dagger Spray","Choke","Dash","Bouncing Flask","Bullet Time","Bouncing Flask","Doppelganger","Decay","Eviscerate+1","Envenom","Footwork+1","Corpse Explosion","Leg Sweep","Glass Knife+1","Infinite Blades","Bouncing Flask","Cloak And Dagger","Catalyst+1","Bane+1","Blur+1","Envenom","Envenom","Dash+1","Predator+1","Bullet Time","Noxious Fumes"],"relics":["Snecko Eye","Oddly Smooth Stone","Snake Skull","Strawberry","Molten Egg 2","Odd Mushroom","WingedGreaves","Empty Cage","Thread and Needle","PreservedInsect","Darkstone Periapt","Incense Burner","Bottled Flame","Pandora\u0027s Box","Pear","Mercury Hourglass","Bottled Lightning","Shovel","Red Mask","Du-Vu Doll","Smiling Mask","Kunai","Sundial"],"potions_floor_usage":[8,11,13,16,23,25,28,33,55,55],"damage_taken":[{"damage":11,"enemies":"2 Louse","floor":1,"turns":4},{"damage":0,"enemies":"Small Slimes","floor":3,"turns":4},{"damage":6,"enemies":"Jaw Worm","floor":4,"turns":3},{"damage":28,"enemies":"3 Sentries","floor":6,"turns":12},{"damage":21,"enemies":"Gremlin Nob","floor":8,"turns":4},{"damage":6,"enemies":"Blue Slaver","floor":10,"turns":2},{"damage":2,"enemies":"Large Slime","floor":11,"turns":4},{"damage":0,"enemies":"The Mushroom Lair","floor":13,"turns":3},{"damage":8,"enemies":"Gremlin Nob","floor":14,"turns":5},{"damage":18,"enemies":"Hexaghost","floor":16,"turns":7},{"damage":0,"enemies":"Chosen","floor":18,"turns":3},{"damage":0,"enemies":"Shell Parasite","floor":22,"turns":4},{"damage":9,"enemies":"Slavers","floor":23,"turns":5},{"damage":0,"enemies":"Book of Stabbing","floor":25,"turns":3},{"damage":0,"enemies":"3 Cultists","floor":27,"turns":3},{"damage":21,"enemies":"Gremlin Leader","floor":28,"turns":6},{"damage":17,"enemies":"Book of Stabbing","floor":31,"turns":4},{"damage":13,"enemies":"Champ","floor":33,"turns":7},{"damage":31,"enemies":"3 Shapes","floor":35,"turns":5},{"damage":0,"enemies":"3 Darklings","floor":37,"turns":3},{"damage":3,"enemies":"Spire Growth","floor":38,"turns":3},{"damage":16,"enemies":"2 Orb Walkers","floor":45,"turns":3},{"damage":17,"enemies":"Reptomancer","floor":48,"turns":3},{"damage":16,"enemies":"Awakened One","floor":50,"turns":9},{"damage":18,"enemies":"Shield and Spear","floor":54,"turns":5},{"damage":71,"enemies":"The Heart","floor":55,"turns":8}],"seed_played":"7656770948576447715","potions_obtained":[{"floor":6,"key":"Regen Potion"},{"floor":10,"key":"Regen Potion"},{"floor":11,"key":"SkillPotion"},{"floor":14,"key":"Block Potion"},{"floor":22,"key":"FearPotion"},{"floor":23,"key":"FearPotion"},{"floor":27,"key":"LiquidBronze"},{"floor":31,"key":"SkillPotion"},{"floor":38,"key":"Dexterity Potion"}],"is_trial":false,"path_per_floor":["M","?","M","M","$","E","R","E","T","M","M","?","?","?","R","B",null,"M","?","?","$","M","E","R","E","T","M","E","?","$","E","R","B",null,"M","?","M","M","?","R","$","R","T","$","?","?","R","E","R","B",null,"R","$","E","B",null],"character_chosen":"THE_SILENT","items_purchased":["Thread and Needle","Eviscerate+1","Envenom","Envenom","Pear","Mercury Hourglass","Envenom","Dash+1","Dexterity Potion"],"campfire_rested":4,"item_purchase_floors":[21,30,30,41,41,41,44,44,44],"current_hp_per_floor":[59,59,59,53,53,25,46,37,44,38,48,36,36,28,51,33,77,77,77,77,77,77,68,68,68,68,68,47,53,53,36,60,47,83,52,83,83,80,92,92,102,102,102,102,86,86,86,69,100,84,105,105,105,87,16],"gold":66,"neow_bonus":"BOSS_RELIC","is_prod":false,"is_daily":false,"chose_seed":false,"campfire_upgraded":2,"win_rate":0,"timestamp":1566258767,"path_taken":["M","?","M","M","$","E","R","E","T","M","M","?","?","?","R","BOSS","M","?","?","$","M","E","R","E","T","M","E","?","?","E","R","BOSS","M","?","?","M","?","R","$","R","T","$","?","?","R","E","R","BOSS","R","$","E","BOSS"],"build_version":"2019-07-17","purchased_purges":3,"victory":true,"max_hp_per_floor":[70,70,70,70,70,70,70,70,77,77,77,77,77,77,77,77,77,77,77,77,77,77,77,77,77,77,77,77,83,83,83,83,83,83,83,83,83,83,95,95,105,105,105,105,105,105,105,105,105,105,105,105,105,105,105],"card_choices":[{"not_picked":["Poisoned Stab","Cloak And Dagger"],"picked":"Backflip","floor":1},{"not_picked":["Terror","Sucker Punch"],"picked":"Underhanded Strike","floor":3},{"not_picked":["Poisoned Stab","Blur"],"picked":"Dagger Spray","floor":4},{"not_picked":["Masterful Stab","Blade Dance"],"picked":"Choke","floor":6},{"not_picked":["Dodge and Roll","Noxious Fumes"],"picked":"Dash","floor":8},{"not_picked":["Heel Hook","Flying Knee","Cloak And Dagger"],"picked":"SKIP","floor":10},{"not_picked":["Concentrate","Flying Knee","Dodge and Roll"],"picked":"SKIP","floor":11},{"not_picked":["Poisoned Stab+1","Prepared"],"picked":"Bouncing Flask","floor":14},{"not_picked":["Unload+1","After Image"],"picked":"Bullet Time","floor":16},{"not_picked":["Outmaneuver","Well Laid Plans+1","Bane+1"],"picked":"SKIP","floor":18},{"not_picked":["Endless Agony+1","Distraction"],"picked":"Bouncing Flask","floor":22},{"not_picked":["Quick Slash+1","Dagger Throw+1","Infinite Blades"],"picked":"SKIP","floor":23},{"not_picked":["Accuracy","Cloak And Dagger","Sucker Punch+1"],"picked":"SKIP","floor":25},{"not_picked":["Dodge and Roll","All Out Attack+1","Deflect"],"picked":"SKIP","floor":27},{"not_picked":["Dagger Throw+1","Prepared"],"picked":"Doppelganger","floor":28},{"not_picked":["Poisoned Stab+1","Concentrate"],"picked":"Footwork","floor":31},{"not_picked":["Die Die Die+1","A Thousand Cuts"],"picked":"Corpse Explosion","floor":33},{"not_picked":["Flechettes+1","Concentrate","Well Laid Plans"],"picked":"SKIP","floor":35},{"not_picked":["Terror","Poisoned Stab+1"],"picked":"Bane+1","floor":37},{"not_picked":["Tactician+1","Outmaneuver"],"picked":"Blur+1","floor":38},{"not_picked":["Well Laid Plans+1","Dodge and Roll+1"],"picked":"Predator+1","floor":45},{"not_picked":["Underhanded Strike+1","Backflip"],"picked":"Bullet Time","floor":48},{"not_picked":["Poisoned Stab+1","Crippling Poison"],"picked":"Noxious Fumes","floor":54}],"player_experience":704084,"relics_obtained":[{"floor":6,"key":"Oddly Smooth Stone"},{"floor":8,"key":"Snake Skull"},{"floor":9,"key":"Strawberry"},{"floor":13,"key":"Odd Mushroom"},{"floor":14,"key":"WingedGreaves"},{"floor":23,"key":"PreservedInsect"},{"floor":25,"key":"Darkstone Periapt"},{"floor":28,"key":"Incense Burner"},{"floor":31,"key":"Bottled Flame"},{"floor":43,"key":"Bottled Lightning"},{"floor":45,"key":"Shovel"},{"floor":47,"key":"Du-Vu Doll"},{"floor":48,"key":"Smiling Mask"},{"floor":52,"key":"Kunai"},{"floor":54,"key":"Sundial"}],"event_choices":[{"damage_healed":0,"gold_gain":0,"player_choice":"Left Gold","damage_taken":0,"max_hp_gain":0,"max_hp_loss":0,"event_name":"World of Goop","floor":2,"gold_loss":26},{"damage_healed":0,"gold_gain":0,"player_choice":"Success","damage_taken":12,"relics_obtained":["Molten Egg 2"],"max_hp_gain":0,"max_hp_loss":0,"event_name":"Scrap Ooze","floor":12,"gold_loss":0},{"damage_healed":0,"gold_gain":0,"player_choice":"Fought Mushrooms","damage_taken":0,"max_hp_gain":0,"max_hp_loss":0,"event_name":"Mushrooms","floor":13,"gold_loss":0},{"damage_healed":0,"gold_gain":0,"player_choice":"Searched \u00271\u0027 times","damage_taken":0,"max_hp_gain":0,"max_hp_loss":0,"event_name":"Dead Adventurer","floor":14,"gold_loss":0},{"damage_healed":0,"gold_gain":99,"player_choice":"Stole From Cult","damage_taken":0,"max_hp_gain":0,"max_hp_loss":0,"event_name":"Nest","floor":19,"gold_loss":0},{"cards_removed":["Strike_G"],"damage_healed":0,"gold_gain":0,"player_choice":"Gave Gold","damage_taken":0,"max_hp_gain":0,"max_hp_loss":0,"event_name":"Beggar","floor":20,"gold_loss":75},{"damage_healed":0,"gold_gain":0,"player_choice":"Smashed Altar","damage_taken":0,"max_hp_gain":0,"max_hp_loss":0,"event_name":"Forgotten Altar","floor":29,"gold_loss":0,"cards_obtained":["Decay"]},{"damage_healed":31,"gold_gain":0,"player_choice":"Full Heal","damage_taken":0,"max_hp_gain":0,"max_hp_loss":0,"event_name":"Wheel of Change","floor":36,"gold_loss":0},{"damage_healed":0,"gold_gain":999,"player_choice":"Gold","damage_taken":0,"max_hp_gain":0,"max_hp_loss":0,"event_name":"MindBloom","floor":39,"gold_loss":0,"cards_obtained":["Normality","Normality"]},{"damage_healed":0,"gold_gain":0,"player_choice":"Fight","damage_taken":0,"max_hp_gain":0,"max_hp_loss":0,"event_name":"Mysterious Sphere","floor":45,"gold_loss":0},{"damage_healed":0,"gold_gain":0,"player_choice":"Paid","damage_taken":0,"relics_obtained":["Red Mask"],"max_hp_gain":0,"max_hp_loss":0,"event_name":"Tomb of Lord Red Mask","floor":46,"gold_loss":52}],"is_beta":false,"boss_relics":[{"not_picked":["Coffee Dripper","Fusion Hammer"],"picked":"Empty Cage"},{"not_picked":["Runic Dome","Tiny House"],"picked":"Pandora\u0027s Box"}],"items_purged_floors":[21,41,44],"is_endless":false,"potions_floor_spawned":[6,10,11,14,22,23,27,31,38],"ascension_level":0}