{"gold_per_floor":[119,119,133,152,77,77,89,103,103,103,117,117,117,67,67,67],"floor_reached":16,"playtime":801,"items_purged":["Defend_G"],"score":97,"play_id":"ecb90f39-09e0-4d1f-92e4-267cd30b7408","local_time":"20190725091012","is_ascension_mode":true,"campfire_choices":[{"floor":10,"key":"REST"},{"floor":13,"key":"REST"},{"data":"Neutralize","floor":15,"key":"SMITH"}],"neow_cost":"NONE","seed_source_timestamp":132728308879188,"circlet_count":0,"master_deck":["Strike_G","Strike_G","Defend_G","Defend_G","Defend_G","Survivor","Neutralize+1","Tactician","Deflect","Dagger Throw"],"relics":["Ring of the Snake","Pantograph"],"potions_floor_usage":[16,16],"damage_taken":[{"damage":0,"enemies":"Small Slimes","floor":1,"turns":5},{"damage":0,"enemies":"Cultist","floor":3,"turns":5},{"damage":4,"enemies":"2 Louse","floor":4,"turns":4},{"damage":0,"enemies":"Red Slaver","floor":7,"turns":5},{"damage":44,"enemies":"Exordium Wildlife","floor":8,"turns":16},{"damage":0,"enemies":"Looter","floor":11,"turns":3},{"damage":72,"enemies":"Hexaghost","floor":16,"turns":16}],"seed_played":"-875456131559280419","potions_obtained":[{"floor":3,"key":"GamblersBrew"},{"floor":11,"key":"GhostInAJar"}],"is_trial":false,"path_per_floor":["M","?","M","M","$","?","M","M","T","R","M","?","R","?","R","B"],"character_chosen":"THE_SILENT","items_purchased":[],"campfire_rested":2,"item_purchase_floors":[],"current_hp_per_floor":[70,70,70,66,66,59,59,15,15,36,36,29,50,50,50,0],"gold":67,"neow_bonus":"REMOVE_CARD","is_prod":false,"is_daily":false,"chose_seed":false,"campfire_upgraded":1,"win_rate":0,"timestamp":1564071012,"path_taken":["M","?","M","?","$","?","M","?","T","R","M","?","R","?","R","BOSS"],"build_version":"2019-07-17","purchased_purges":1,"victory":false,"max_hp_per_floor":[70,70,70,70,70,70,70,70,70,70,70,70,70,70,70,70],"card_choices":[{"not_picked":["PiercingWail","Cloak And Dagger","Blade Dance"],"picked":"SKIP","floor":1},{"not_picked":["PiercingWail","Cloak And Dagger"],"picked":"Tactician","floor":3},{"not_picked":["Blade Dance","Dodge and Roll"],"picked":"Deflect","floor":4},{"not_picked":["Dagger Throw","Distraction","Venomology"],"picked":"SKIP","floor":7},{"not_picked":["Backflip","Deflect"],"picked":"Dagger Throw","floor":8},{"not_picked":["Slice","Bane","Distraction"],"picked":"SKIP","floor":11}],"player_experience":202181,"relics_obtained":[{"floor":9,"key":"Pantograph"}],"event_choices":[{"cards_removed":["Strike_G"],"damage_healed":0,"gold_gain":0,"player_choice":"Purged","damage_taken":0,"max_hp_gain":0,"max_hp_loss":0,"event_name":"Purifier","floor":2,"gold_loss":0},{"damage_healed":0,"gold_gain":0,"player_choice":"Damaged","damage_taken":7,"max_hp_gain":0,"max_hp_loss":0,"event_name":"Wheel of Change","floor":6,"gold_loss":0},{"cards_removed":["Defend_G"],"damage_healed":0,"gold_gain":0,"player_choice":"Card Removal","damage_taken":7,"max_hp_gain":0,"max_hp_loss":0,"event_name":"Golden Wing","floor":12,"gold_loss":0},{"cards_removed":["Strike_G"],"damage_healed":0,"gold_gain":0,"player_choice":"Card Removal","damage_taken":0,"max_hp_gain":0,"max_hp_loss":0,"event_name":"The Cleric","floor":14,"gold_loss":50}],"is_beta":false,"boss_relics":[],"items_purged_floors":[5],"is_endless":false,"potions_floor_spawned":[3,11],"killed_by":"Hexaghost","ascension_level":1}