{"gold_per_floor":[115,134,144,144,69,69,103,103,103,121,132,166,166,166,166,166],"floor_reached":16,"playtime":882,"items_purged":["Strike_B"],"score":110,"play_id":"e948a5e2-228f-49e5-b70d-0bef2789faeb","local_time":"20181018135249","is_ascension_mode":false,"campfire_choices":[{"data":"Dualcast","floor":6,"key":"SMITH"},{"data":"Zap","floor":8,"key":"SMITH"},{"data":"Conserve Battery","floor":15,"key":"SMITH"}],"neow_cost":"","seed_source_timestamp":674234933409680,"circlet_count":0,"master_deck":["Strike_B+1","Strike_B","Strike_B","Defend_B","Defend_B","Defend_B","Defend_B","Zap+1","Dualcast+1","Sweeping Beam","Compile Driver+1","Loop","Barrage","Conserve Battery+1","Aggregate","Cold Snap"],"relics":["Cracked Core","Frozen Egg 2","Regal Pillow","Whetstone","Orichalcum"],"potions_floor_usage":[7,12,16,16],"damage_taken":[{"damage":1,"enemies":"Cultist","floor":1,"turns":3},{"damage":0,"enemies":"Small Slimes","floor":2,"turns":2},{"damage":0,"enemies":"2 Louse","floor":3,"turns":2},{"damage":13,"enemies":"Gremlin Nob","floor":7,"turns":3},{"damage":15,"enemies":"Looter","floor":10,"turns":3},{"damage":8,"enemies":"Red Slaver","floor":11,"turns":3},{"damage":35,"enemies":"Lagavulin","floor":12,"turns":6},{"damage":29,"enemies":"The Guardian","floor":16,"turns":10}],"seed_played":"7232959037335151612","potions_obtained":[{"floor":1,"key":"Weak Potion"},{"floor":10,"key":"Fire Potion"},{"floor":11,"key":"SteroidPotion"},{"floor":12,"key":"Swift Potion"}],"is_trial":false,"path_per_floor":["M","M","M","T","$","R","E","R","T","M","M","E","?","?","R"],"character_chosen":"DEFECT","items_purchased":[],"campfire_rested":0,"item_purchase_floors":[],"current_hp_per_floor":[74,74,74,74,74,74,61,61,61,46,38,3,28,25,25,0],"gold":166,"neow_bonus":"","is_prod":false,"is_daily":false,"chose_seed":false,"campfire_upgraded":3,"win_rate":0.0,"timestamp":1539885169,"path_taken":["M","M","M","?","$","R","E","R","T","?","M","E","?","?","R","BOSS"],"build_version":"2018-10-11","purchased_purges":1,"victory":false,"max_hp_per_floor":[75,75,75,75,75,75,75,75,75,75,75,75,75,75,75,75],"card_choices":[{"not_picked":["Rip and Tear","Streamline"],"picked":"Sweeping Beam","floor":1},{"not_picked":["Rip and Tear","Go for the Eyes"],"picked":"Compile Driver","floor":2},{"not_picked":["Lockon","Beam Cell"],"picked":"Loop","floor":3},{"not_picked":["Compile Driver","Streamline"],"picked":"Barrage","floor":7},{"not_picked":["Steam","Consume"],"picked":"Conserve Battery","floor":10},{"not_picked":["Leap","Go for the Eyes"],"picked":"Aggregate","floor":11},{"not_picked":["Static Discharge+1","Conserve Battery"],"picked":"Cold Snap","floor":12}],"player_experience":96579,"relics_obtained":[{"floor":4,"key":"Frozen Egg 2"},{"floor":7,"key":"Regal Pillow"},{"floor":9,"key":"Whetstone"},{"floor":12,"key":"Orichalcum"}],"event_choices":[{"event_name":"Big Fish","player_choice":"Banana","floor":13,"damage_taken":0},{"event_name":"Scrap Ooze","player_choice":"unsuccessful","floor":14,"damage_taken":3}],"is_beta":false,"boss_relics":[],"items_purged_floors":[5],"is_endless":false,"potions_floor_spawned":[1,10,11,12],"killed_by":"The Guardian","ascension_level":0}