{"gold_per_floor":[113,125,50,50,67,67,93,93,93,122,122,122,222,241,241,346,346,364,379,391,391,316,316],"floor_reached":23,"playtime":706,"items_purged":["Strike_B"],"score":279,"play_id":"b4cc1a53-5c4a-45a8-806e-e1bb77602dc8","local_time":"20190606002108","is_ascension_mode":true,"campfire_choices":[{"data":"Consume","floor":6,"key":"SMITH"},{"data":"Sunder","floor":8,"key":"SMITH"},{"floor":11,"key":"REST"},{"data":"Static Discharge","floor":15,"key":"SMITH"}],"neow_cost":"NONE","seed_source_timestamp":1907819601099790,"circlet_count":0,"master_deck":["Strike_B+1","Strike_B+1","Strike_B+1","Defend_B+1","Defend_B","Defend_B","Zap","Dualcast","Glacier","Consume+1","Static Discharge+1","Sunder+1","Coolheaded","Echo Form","Gash","Conserve Battery","Genetic Algorithm"],"relics":["FrozenCore","Meat on the Bone","Bottled Tornado","Whetstone"],"potions_floor_usage":[10,18,23],"damage_taken":[{"damage":1,"enemies":"Cultist","floor":1,"turns":3},{"damage":5,"enemies":"Small Slimes","floor":2,"turns":4},{"damage":4,"enemies":"Jaw Worm","floor":5,"turns":6},{"damage":20,"enemies":"Lagavulin","floor":7,"turns":8},{"damage":27,"enemies":"Gremlin Nob","floor":10,"turns":5},{"damage":10,"enemies":"Lots of Slimes","floor":14,"turns":3},{"damage":26,"enemies":"The Guardian","floor":16,"turns":16},{"damage":17,"enemies":"3 Byrds","floor":18,"turns":3},{"damage":13,"enemies":"Spheric Guardian","floor":19,"turns":8},{"damage":26,"enemies":"Shelled Parasite and Fungi","floor":20,"turns":5},{"damage":43,"enemies":"Slavers","floor":23,"turns":3}],"seed_played":"2764908631190065719","potions_obtained":[{"floor":5,"key":"GamblersBrew"},{"floor":7,"key":"SkillPotion"},{"floor":14,"key":"Regen Potion"},{"floor":16,"key":"PowerPotion"},{"floor":18,"key":"Fruit Juice"}],"is_trial":false,"path_per_floor":["M","M","$","?","M","R","E","R","T","E","R","$","?","M","R","B",null,"M","M","M","?","?","E"],"character_chosen":"DEFECT","items_purchased":[],"campfire_rested":1,"item_purchase_floors":[],"current_hp_per_floor":[74,69,69,53,49,49,29,29,29,14,38,38,38,40,40,26,68,56,55,41,41,41,0],"gold":316,"neow_bonus":"TEN_PERCENT_HP_BONUS","is_prod":false,"is_daily":false,"chose_seed":false,"campfire_upgraded":3,"win_rate":0,"timestamp":1559794868,"path_taken":["M","M","?","?","?","R","E","R","T","E","R","?","?","M","R","BOSS","M","M","?","?","?","E"],"build_version":"2019-01-23","purchased_purges":1,"victory":false,"max_hp_per_floor":[82,82,82,82,82,82,82,82,82,82,82,82,82,82,82,82,82,87,87,87,87,87,87],"card_choices":[{"not_picked":["Beam Cell","Steam"],"picked":"Glacier","floor":1},{"not_picked":["Hologram","Conserve Battery"],"picked":"Consume","floor":2},{"not_picked":["Go for the Eyes","Rebound"],"picked":"Static Discharge","floor":5},{"not_picked":["Reboot","Rebound"],"picked":"Sunder","floor":7},{"not_picked":["Buffer","Gash"],"picked":"Coolheaded","floor":10},{"not_picked":["Ball Lightning","Barrage","Turbo"],"picked":"SKIP","floor":14},{"not_picked":["Rainbow","Buffer"],"picked":"Echo Form","floor":16},{"not_picked":["Chaos","Ball Lightning"],"picked":"Gash","floor":18},{"not_picked":["Stack","Rebound"],"picked":"Conserve Battery","floor":19},{"not_picked":["Reprogram","Rip and Tear"],"picked":"Genetic Algorithm","floor":20}],"player_experience":579586,"relics_obtained":[{"floor":7,"key":"Meat on the Bone"},{"floor":9,"key":"Bottled Tornado"},{"floor":10,"key":"Whetstone"}],"event_choices":[{"damage_healed":0,"gold_gain":0,"player_choice":"Entered Light","damage_taken":16,"max_hp_gain":0,"max_hp_loss":0,"event_name":"Shining Light","floor":4,"gold_loss":0,"cards_upgraded":["Strike_B","Defend_B"]},{"damage_healed":0,"gold_gain":100,"player_choice":"Pray","damage_taken":0,"max_hp_gain":0,"max_hp_loss":0,"event_name":"Golden Shrine","floor":13,"gold_loss":0},{"damage_healed":0,"gold_gain":0,"player_choice":"Ignored","damage_taken":0,"max_hp_gain":0,"max_hp_loss":0,"event_name":"Vampires","floor":21,"gold_loss":0},{"cards_removed":["Defend_B"],"damage_healed":0,"gold_gain":0,"player_choice":"Gave Gold","damage_taken":0,"max_hp_gain":0,"max_hp_loss":0,"event_name":"Beggar","floor":22,"gold_loss":75}],"is_beta":false,"boss_relics":[{"not_picked":["Philosopher\u0027s Stone","Astrolabe"],"picked":"FrozenCore"}],"items_purged_floors":[3],"is_endless":false,"potions_floor_spawned":[5,7,14,16,18],"killed_by":"Slavers","ascension_level":8}