{"gold_per_floor":[114,64,14,14,39,39,73,73,73,96,21,47,47,91,91,216,216,231,231,246,259,278,278,278],"floor_reached":24,"playtime":839,"items_purged":["Strike_B"],"score":314,"play_id":"63af1af0-22c5-4dae-80b0-34cdce0cd742","local_time":"20190609121132","is_ascension_mode":true,"campfire_choices":[{"floor":6,"key":"REST"},{"data":"Zap","floor":13,"key":"SMITH"},{"floor":15,"key":"REST"}],"neow_cost":"NONE","seed_source_timestamp":269675404053797,"circlet_count":0,"master_deck":["Defend_B","Defend_B","Defend_B","Zap+1","Dualcast","Conserve Battery","Coolheaded","Gash","Heatsinks","Core Surge","Machine Learning","Steam Power+1","Chaos+1","Amplify+1","Scrape","Gash","Storm+1"],"relics":["Cracked Core","Golden Idol","Mercury Hourglass","Centennial Puzzle","Bag of Preparation","Oddly Smooth Stone","Astrolabe"],"potions_floor_usage":[7,14,23],"damage_taken":[{"damage":3,"enemies":"2 Louse","floor":1,"turns":3},{"damage":0,"enemies":"Small Slimes","floor":5,"turns":3},{"damage":36,"enemies":"Lagavulin","floor":7,"turns":7},{"damage":2,"enemies":"Jaw Worm","floor":10,"turns":4},{"damage":14,"enemies":"Gremlin Nob","floor":14,"turns":3},{"damage":30,"enemies":"Slime Boss","floor":16,"turns":11},{"damage":22,"enemies":"Spheric Guardian","floor":18,"turns":4},{"damage":21,"enemies":"2 Thieves","floor":20,"turns":4},{"damage":6,"enemies":"Cultist and Chosen","floor":21,"turns":4},{"damage":0,"enemies":"Centurion and Healer","floor":22,"turns":6},{"damage":0,"enemies":"Slavers","floor":23,"turns":1},{"damage":16,"enemies":"Snecko","floor":24,"turns":2}],"seed_played":"1386922141198967330","potions_obtained":[{"floor":5,"key":"Fire Potion"},{"floor":14,"key":"Strength Potion"},{"floor":16,"key":"SteroidPotion"},{"floor":22,"key":"SmokeBomb"}],"is_trial":false,"path_per_floor":["M","?","$","?","M","R","E","$","T","M","$","T","R","E","R","B",null,"M","?","M","M","M","E","M"],"character_chosen":"DEFECT","items_purchased":["AttackPotion"],"campfire_rested":2,"item_purchase_floors":[3],"current_hp_per_floor":[65,65,65,65,65,69,33,33,33,31,31,31,31,17,37,7,54,32,32,11,5,5,5,0],"gold":278,"neow_bonus":"THREE_CARDS","is_prod":false,"is_daily":false,"chose_seed":false,"campfire_upgraded":1,"win_rate":0,"timestamp":1560096692,"path_taken":["M","?","$","?","M","R","E","$","T","M","?","?","R","E","R","BOSS","M","?","?","M","?","E","M"],"build_version":"2019-01-23","purchased_purges":1,"victory":false,"max_hp_per_floor":[75,75,75,69,69,69,69,69,69,69,69,69,69,69,69,69,69,69,69,69,69,69,69,69],"card_choices":[{"not_picked":["Heatsinks","Turbo"],"picked":"Conserve Battery","floor":0},{"not_picked":["Turbo","Rebound"],"picked":"Coolheaded","floor":1},{"not_picked":["Skim","Redo"],"picked":"Gash","floor":5},{"not_picked":["Chaos","Blizzard"],"picked":"Heatsinks","floor":7},{"not_picked":["Conserve Battery","Melter","Stack"],"picked":"SKIP","floor":10},{"not_picked":["Cold Snap","Streamline"],"picked":"Core Surge","floor":14},{"not_picked":["Seek","Buffer"],"picked":"Machine Learning","floor":16},{"not_picked":["Redo","Melter"],"picked":"Scrape","floor":18},{"not_picked":["BootSequence","Beam Cell","Darkness"],"picked":"SKIP","floor":20},{"not_picked":["Ball Lightning","Barrage","Melter"],"picked":"SKIP","floor":21},{"not_picked":["Coolheaded","Loop"],"picked":"Storm+1","floor":22}],"player_experience":603371,"relics_obtained":[{"floor":7,"key":"Mercury Hourglass"},{"floor":9,"key":"Centennial Puzzle"},{"floor":12,"key":"Bag of Preparation"},{"floor":14,"key":"Oddly Smooth Stone"}],"event_choices":[{"cards_removed":["Strike_B"],"damage_healed":0,"gold_gain":0,"player_choice":"Card Removal","damage_taken":0,"max_hp_gain":0,"max_hp_loss":0,"event_name":"The Cleric","floor":2,"gold_loss":50},{"damage_healed":0,"gold_gain":0,"player_choice":"Lose Max HP","damage_taken":0,"relics_obtained":["Golden Idol"],"max_hp_gain":0,"max_hp_loss":6,"event_name":"Golden Idol","floor":4,"gold_loss":0},{"damage_healed":0,"gold_gain":0,"player_choice":"Copied","damage_taken":0,"max_hp_gain":0,"max_hp_loss":0,"event_name":"Duplicator","floor":19,"gold_loss":0,"cards_obtained":["Gash"]}],"is_beta":false,"boss_relics":[{"not_picked":["Velvet Choker","Calling Bell"],"picked":"Astrolabe"}],"items_purged_floors":[11],"is_endless":false,"potions_floor_spawned":[5,14,16,22,23],"killed_by":"Snecko","ascension_level":8}