{"gold_per_floor":[214,224,71,71,71,97,97,131,155,185,204,58,58,58,58,161,161,181,200,212,63,63,89,89,89,89,106,6,40,60,72,72,72],"floor_reached":33,"playtime":1411,"items_purged":["Strike_B","Strike_B"],"score":397,"play_id":"35ed7c31-6657-4aa1-8035-57f6de9bff5d","local_time":"20190722141959","is_ascension_mode":true,"campfire_choices":[{"data":"Reinforced Body","floor":7,"key":"SMITH"},{"data":"Hologram","floor":13,"key":"SMITH"},{"floor":15,"key":"REST"},{"data":"Recycle","floor":24,"key":"SMITH"},{"data":"FTL","floor":32,"key":"SMITH"}],"neow_cost":"NONE","seed_source_timestamp":9690800629542586,"circlet_count":0,"master_deck":["Strike_B+1","Strike_B+1","Defend_B","Defend_B+1","Defend_B","Defend_B","Zap","Dualcast","Gash","Rebound+1","Hyperbeam+1","Static Discharge","Reinforced Body+1","Hologram+1","Turbo","FTL+1","Turbo","Recycle+1","Writhe","Skim","Double Energy+1","Biased Cognition","Coolheaded"],"relics":["Cracked Core","Whetstone","Strawberry","Lantern","Bag of Marbles","Black Star","PreservedInsect","Pocketwatch","Ancient Tea Set","Dodecahedron","Prayer Wheel","Ornamental Fan"],"potions_floor_usage":[20,31,31,33],"damage_taken":[{"damage":2,"enemies":"2 Louse","floor":1,"turns":2},{"damage":1,"enemies":"Jaw Worm","floor":2,"turns":3},{"damage":4,"enemies":"3 Sentries","floor":6,"turns":3},{"damage":31,"enemies":"Lagavulin","floor":8,"turns":6},{"damage":20,"enemies":"Gremlin Nob","floor":10,"turns":5},{"damage":0,"enemies":"Small Slimes","floor":11,"turns":2},{"damage":0,"enemies":"Slime Boss","floor":16,"turns":6},{"damage":5,"enemies":"Shell Parasite","floor":18,"turns":5},{"damage":0,"enemies":"3 Byrds","floor":19,"turns":3},{"damage":11,"enemies":"3 Cultists","floor":20,"turns":4},{"damage":22,"enemies":"Slavers","floor":23,"turns":2},{"damage":5,"enemies":"Snecko","floor":27,"turns":4},{"damage":0,"enemies":"Gremlin Leader","floor":29,"turns":6},{"damage":8,"enemies":"Centurion and Healer","floor":30,"turns":5},{"damage":0,"enemies":"Snake Plant","floor":31,"turns":3},{"damage":32,"enemies":"Champ","floor":33,"turns":6}],"seed_played":"-8541830132911695791","potions_obtained":[{"floor":8,"key":"Energy Potion"},{"floor":11,"key":"Block Potion"},{"floor":20,"key":"FocusPotion"},{"floor":27,"key":"Weak Potion"},{"floor":31,"key":"Block Potion"}],"is_trial":false,"path_per_floor":["M","M","$","?","?","E","R","E","T","E","M","$","R","?","R","B",null,"M","M","M","$","?","E","R","$","T","M","$","E","M","M","R","B"],"character_chosen":"DEFECT","items_purchased":["Hyperbeam","Static Discharge","FTL","PreservedInsect"],"campfire_rested":1,"item_purchase_floors":[3,3,12,21],"current_hp_per_floor":[73,72,72,72,72,68,68,44,44,24,24,24,24,8,32,32,82,77,77,66,66,66,44,44,44,44,39,39,39,31,31,31,0],"gold":72,"neow_bonus":"HUNDRED_GOLD","is_prod":false,"is_daily":false,"chose_seed":false,"campfire_upgraded":4,"win_rate":0,"timestamp":1563783599,"path_taken":["M","M","$","?","?","E","R","E","T","E","M","?","R","?","R","BOSS","M","M","M","$","?","E","R","?","T","M","?","E","M","M","R","BOSS"],"build_version":"2019-07-17","purchased_purges":2,"victory":false,"max_hp_per_floor":[75,75,75,75,75,75,75,82,82,82,82,82,82,82,82,82,82,82,82,82,82,82,82,82,82,82,82,82,82,82,82,82,82],"card_choices":[{"not_picked":["Leap","Redo"],"picked":"Gash","floor":1},{"not_picked":["Go for the Eyes","Stack"],"picked":"Rebound","floor":2},{"not_picked":["Aggregate","Multi-Cast"],"picked":"Reinforced Body","floor":6},{"not_picked":["Tempest","Force Field","Redo"],"picked":"SKIP","floor":8},{"not_picked":["Streamline","FTL"],"picked":"Hologram","floor":10},{"not_picked":["Leap","Fusion"],"picked":"Turbo","floor":11},{"not_picked":["Sweeping Beam+1","Cold Snap"],"picked":"Turbo","floor":18},{"not_picked":["Streamline","Stack+1"],"picked":"Recycle","floor":19},{"not_picked":["Static Discharge","Sunder","Sweeping Beam"],"picked":"SKIP","floor":20},{"not_picked":["Ball Lightning","Compile Driver+1"],"picked":"Skim","floor":23},{"not_picked":["Steam","Streamline","Gash"],"picked":"SKIP","floor":27},{"not_picked":["Stack","FTL"],"picked":"Double Energy+1","floor":29},{"not_picked":["Ball Lightning","Go for the Eyes","Sweeping Beam"],"picked":"SKIP","floor":30},{"not_picked":["Double Energy","Consume","Beam Cell"],"picked":"SKIP","floor":30},{"not_picked":["Cold Snap","Compile Driver+1"],"picked":"Biased Cognition","floor":31},{"not_picked":["Turbo","Leap"],"picked":"Coolheaded","floor":31}],"player_experience":1574186,"relics_obtained":[{"floor":6,"key":"Whetstone"},{"floor":8,"key":"Strawberry"},{"floor":9,"key":"Lantern"},{"floor":10,"key":"Bag of Marbles"},{"floor":23,"key":"Ancient Tea Set"},{"floor":26,"key":"Dodecahedron"},{"floor":29,"key":"Prayer Wheel"},{"floor":29,"key":"Ornamental Fan"}],"event_choices":[{"damage_healed":0,"gold_gain":0,"player_choice":"Grow","damage_taken":0,"max_hp_gain":0,"max_hp_loss":0,"event_name":"Living Wall","floor":4,"gold_loss":0,"cards_upgraded":["Hyperbeam"]},{"damage_healed":0,"gold_gain":0,"player_choice":"Ignored","damage_taken":0,"max_hp_gain":0,"max_hp_loss":0,"event_name":"Liars Game","floor":5,"gold_loss":0},{"damage_healed":0,"gold_gain":0,"player_choice":"Entered Light","damage_taken":16,"max_hp_gain":0,"max_hp_loss":0,"event_name":"Shining Light","floor":14,"gold_loss":0,"cards_upgraded":["Defend_B","Strike_B"]},{"damage_healed":0,"gold_gain":0,"player_choice":"Opened","damage_taken":0,"relics_obtained":["Pocketwatch"],"max_hp_gain":0,"max_hp_loss":0,"event_name":"The Mausoleum","floor":22,"gold_loss":0,"cards_obtained":["Writhe"]}],"is_beta":false,"boss_relics":[{"not_picked":["Fusion Hammer","Velvet Choker"],"picked":"Black Star"}],"items_purged_floors":[12,28],"is_endless":false,"potions_floor_spawned":[8,11,20,27,29,31],"killed_by":"Champ","ascension_level":1}