{"gold_per_floor":[218,235,235,252,252,252,286,286,286,317,328,344,357,95,95,173,173,187,187,47,47,58,58,58],"floor_reached":24,"playtime":775,"items_purged":["Strike_R","Strike_R"],"score":350,"play_id":"6f31d5de-34ea-406f-8a42-2f76ccfcc06d","local_time":"20190712214542","is_ascension_mode":true,"campfire_choices":[{"data":"Bash","floor":6,"key":"SMITH"},{"data":"Anger","floor":8,"key":"SMITH"},{"floor":15,"key":"REST"},{"floor":23,"key":"REST"}],"neow_cost":"NONE","seed_source_timestamp":160180995728716,"circlet_count":0,"master_deck":["AscendersBane","Strike_R","Strike_R","Defend_R","Defend_R","Defend_R","Defend_R","Bash+1","Anger+1","Shrug It Off","Double Tap","Inflame","Uppercut","Feed","Armaments","Dual Wield"],"relics":["Burning Blood","Darkstone Periapt","Mummified Hand","Ancient Tea Set","Strawberry","Matryoshka","Runic Dome"],"potions_floor_usage":[11,11,24],"damage_taken":[{"damage":6,"enemies":"Cultist","floor":1,"turns":3},{"damage":2,"enemies":"Jaw Worm","floor":2,"turns":3},{"damage":8,"enemies":"Small Slimes","floor":4,"turns":4},{"damage":20,"enemies":"Gremlin Nob","floor":7,"turns":4},{"damage":45,"enemies":"3 Sentries","floor":10,"turns":12},{"damage":16,"enemies":"Exordium Thugs","floor":11,"turns":7},{"damage":3,"enemies":"Blue Slaver","floor":12,"turns":3},{"damage":13,"enemies":"Large Slime","floor":13,"turns":6},{"damage":18,"enemies":"Hexaghost","floor":16,"turns":8},{"damage":31,"enemies":"2 Thieves","floor":18,"turns":4},{"damage":40,"enemies":"3 Byrds","floor":22,"turns":6},{"damage":57,"enemies":"Masked Bandits","floor":24,"turns":3}],"seed_played":"-5217607276162693692","potions_obtained":[{"floor":7,"key":"AttackPotion"},{"floor":10,"key":"SkillPotion"},{"floor":12,"key":"FearPotion"}],"is_trial":false,"path_per_floor":["M","M","T","M","?","R","E","R","T","E","M","M","M","$","R","B",null,"M","?","$","$","M","R","?"],"character_chosen":"IRONCLAD","items_purchased":["Inflame","Uppercut","BloodPotion","Dual Wield"],"campfire_rested":2,"item_purchase_floors":[14,14,14,20],"current_hp_per_floor":[68,72,72,70,70,70,56,56,63,24,14,17,10,10,34,22,67,45,45,45,45,14,40,0],"gold":58,"neow_bonus":"HUNDRED_GOLD","is_prod":false,"is_daily":false,"chose_seed":false,"campfire_upgraded":2,"win_rate":0,"timestamp":1562982342,"path_taken":["M","M","?","M","?","R","E","R","T","E","M","M","?","?","R","BOSS","M","?","?","$","M","R","?"],"build_version":"2019-07-05","purchased_purges":2,"victory":false,"max_hp_per_floor":[75,75,75,75,75,75,75,75,82,82,82,82,82,82,82,82,82,85,85,85,85,88,88,88],"card_choices":[{"not_picked":["Iron Wave","Havoc","Fire Breathing"],"picked":"SKIP","floor":1},{"not_picked":["Twin Strike","Clash"],"picked":"Whirlwind","floor":2},{"not_picked":["Havoc","Evolve","Clash"],"picked":"SKIP","floor":4},{"not_picked":["Clash","Pommel Strike"],"picked":"Anger","floor":7},{"not_picked":["Warcry","Hemokinesis","Body Slam"],"picked":"SKIP","floor":10},{"not_picked":["Cleave","Feel No Pain"],"picked":"Shrug It Off","floor":11},{"not_picked":["Power Through","Rupture","Iron Wave"],"picked":"SKIP","floor":12},{"not_picked":["Entrench","Cleave"],"picked":"Double Tap","floor":13},{"not_picked":["Exhume","Fiend Fire"],"picked":"Feed","floor":16},{"not_picked":["Pommel Strike","Wild Strike"],"picked":"Armaments","floor":18},{"not_picked":["Anger","Rampage","Flex"],"picked":"SKIP","floor":22}],"player_experience":688792,"relics_obtained":[{"floor":3,"key":"Darkstone Periapt"},{"floor":7,"key":"Ancient Tea Set"},{"floor":9,"key":"Strawberry"},{"floor":10,"key":"Matryoshka"}],"event_choices":[{"cards_removed":["Whirlwind"],"damage_healed":0,"gold_gain":0,"player_choice":"Gave Card","damage_taken":0,"relics_obtained":["Mummified Hand"],"max_hp_gain":0,"max_hp_loss":0,"event_name":"WeMeetAgain","floor":5,"gold_loss":0},{"cards_removed":["Strike_R"],"damage_healed":0,"gold_gain":0,"player_choice":"Offered Basic","damage_taken":0,"max_hp_gain":0,"max_hp_loss":0,"event_name":"Bonfire Elementals","floor":19,"gold_loss":0},{"damage_healed":0,"gold_gain":0,"player_choice":"Fought Bandits","damage_taken":0,"max_hp_gain":0,"max_hp_loss":0,"event_name":"Masked Bandits","floor":24,"gold_loss":0}],"is_beta":false,"boss_relics":[{"not_picked":["White Beast Statue","Tiny House"],"picked":"Runic Dome"}],"items_purged_floors":[14,20],"is_endless":false,"potions_floor_spawned":[7,10,12],"killed_by":"Masked Bandits","ascension_level":14}