{"gold_per_floor":[11,11,11,11,21,21,38,68,68,68,85,10,10,23,23,100,100,75,49,68,68,0,0,12,12],"floor_reached":25,"playtime":1832,"items_purged":["Strike_G"],"score":402,"play_id":"78a7c412-d4ff-4788-b7e5-0081dd1bcada","local_time":"20190816084348","is_ascension_mode":true,"campfire_choices":[{"data":"Cloak And Dagger","floor":6.0,"key":"SMITH"},{"floor":10.0,"key":"REST"},{"data":"Well Laid Plans","floor":13.0,"key":"SMITH"},{"data":"Neutralize","floor":15.0,"key":"SMITH"},{"floor":23.0,"key":"REST"}],"neow_cost":"NO_GOLD","seed_source_timestamp":85148799508700,"circlet_count":0,"master_deck":["AscendersBane","Strike_G","Strike_G","Defend_G","Defend_G","Defend_G","Defend_G","Survivor","Neutralize+1","Envenom+1","Cloak And Dagger+1","Deadly Poison","Dodge and Roll","Well Laid Plans+1","Dagger Spray","After Image","Bane","Cloak And Dagger","Catalyst","RitualDagger"],"special_seed":0,"relics":["Ring of the Snake","Meat on the Bone","Ninja Scroll","Empty Cage"],"potions_floor_usage":[],"damage_taken":[{"damage":2.0,"enemies":"2 Louse","floor":1.0,"turns":4.0},{"damage":1.0,"enemies":"Small Slimes","floor":5.0,"turns":4.0},{"damage":1.0,"enemies":"Jaw Worm","floor":7.0,"turns":6.0},{"damage":32.0,"enemies":"Gremlin Nob","floor":8.0,"turns":4.0},{"damage":4.0,"enemies":"Exordium Thugs","floor":11.0,"turns":5.0},{"damage":8.0,"enemies":"Large Slime","floor":14.0,"turns":5.0},{"damage":21.0,"enemies":"Hexaghost","floor":16.0,"turns":11.0},{"damage":20.0,"enemies":"2 Thieves","floor":18.0,"turns":4.0},{"damage":23.0,"enemies":"Chosen","floor":20.0,"turns":6.0},{"damage":32.0,"enemies":"Snake Plant","floor":24.0,"turns":5.0},{"damage":25,"enemies":"Snecko","floor":25,"turns":6}],"seed_played":"-4747175079323249951","potions_obtained":[{"floor":7.0,"key":"SteroidPotion"},{"floor":11.0,"key":"Regen Potion"},{"floor":24.0,"key":"Fire Potion"}],"is_trial":false,"path_per_floor":["M","?","?","?","M","R","M","E","T","R","M","$","R","M","R","B",null,"M","$","M","?","?","R","M","M"],"character_chosen":"THE_SILENT","items_purchased":["Cloak And Dagger"],"campfire_rested":2,"item_purchase_floors":[19],"current_hp_per_floor":[57,57,57,50,49,49,48,16,16,35,43,43,43,35,35,41,60,40,40,29,23,23,42,22,0],"gold":12,"neow_bonus":"THREE_RARE_CARDS","is_prod":false,"is_daily":false,"chose_seed":false,"campfire_upgraded":3,"win_rate":0,"timestamp":1565937828,"path_taken":["M","?","?","?","?","R","M","E","T","R","M","$","R","M","R","BOSS","M","$","M","?","?","R","M","?"],"build_version":"2019-07-17","purchased_purges":1,"victory":false,"max_hp_per_floor":[66,66,66,66,66,66,66,66,66,66,66,66,66,66,66,66,66,66,66,66,66,66,66,66,66],"card_choices":[{"not_picked":["Malaise","Glass Knife"],"picked":"Envenom","floor":0.0},{"not_picked":["Dagger Spray","Quick Slash"],"picked":"Cloak And Dagger","floor":1.0},{"not_picked":["Underhanded Strike","Eviscerate"],"picked":"Deadly Poison","floor":5.0},{"not_picked":["PiercingWail","Dagger Throw"],"picked":"Dodge and Roll","floor":7.0},{"not_picked":["Dodge and Roll","Unload"],"picked":"Well Laid Plans","floor":8.0},{"not_picked":["Sucker Punch","Setup","Outmaneuver"],"picked":"SKIP","floor":11.0},{"not_picked":["Underhanded Strike","Backflip"],"picked":"Dagger Spray","floor":14.0},{"not_picked":["Malaise","Phantasmal Killer"],"picked":"After Image","floor":16.0},{"not_picked":["Concentrate","Sucker Punch"],"picked":"Bane","floor":18.0},{"not_picked":["Concentrate","Slice"],"picked":"Catalyst","floor":20.0},{"not_picked":["Outmaneuver","Flying Knee","Poisoned Stab"],"picked":"SKIP","floor":24.0}],"player_experience":1046011,"relics_obtained":[{"floor":8.0,"key":"Meat on the Bone"},{"floor":9.0,"key":"Ninja Scroll"}],"event_choices":[{"damage_healed":0.0,"max_hp_gain":0.0,"max_hp_loss":0.0,"gold_gain":0.0,"event_name":"Living Wall","player_choice":"Grow","floor":2.0,"gold_loss":0.0,"damage_taken":0.0,"cards_upgraded":["Envenom"]},{"damage_healed":0.0,"max_hp_gain":0.0,"max_hp_loss":0.0,"gold_gain":0.0,"event_name":"Scrap Ooze","player_choice":"Fled","floor":3.0,"gold_loss":0.0,"damage_taken":0.0},{"cards_removed":["Strike_G"],"damage_healed":0.0,"max_hp_gain":0.0,"max_hp_loss":0.0,"gold_gain":0.0,"event_name":"Golden Wing","player_choice":"Card Removal","floor":4.0,"gold_loss":0.0,"damage_taken":7.0},{"damage_healed":0.0,"max_hp_gain":0.0,"max_hp_loss":0.0,"gold_gain":0.0,"event_name":"Nest","player_choice":"Joined the Cult","floor":21.0,"gold_loss":0.0,"damage_taken":6.0,"cards_obtained":["RitualDagger"]},{"damage_healed":0.0,"max_hp_gain":0.0,"max_hp_loss":0.0,"gold_gain":0.0,"event_name":"Masked Bandits","player_choice":"Paid Fearfully","floor":22.0,"gold_loss":68.0,"damage_taken":0.0}],"is_beta":false,"boss_relics":[{"not_picked":["Eternal Feather","Sozu"],"picked":"Empty Cage"}],"items_purged_floors":[12],"is_endless":false,"potions_floor_spawned":[7,11,24],"killed_by":"Snecko","ascension_level":20}