{"gold_per_floor":[119,130,149,165,180,180,208,225,273,273,273,293,319,319,319,394,394,409,354,264,278,298,298,318,318,318,119,146,146],"floor_reached":29,"playtime":1115,"items_purged":[],"score":449,"play_id":"636ed49a-7bad-4e8b-b621-ecbd42af4880","local_time":"20190701174943","is_ascension_mode":true,"campfire_choices":[{"data":"Tempest","floor":6.0,"key":"SMITH"},{"floor":10.0,"key":"REST"},{"data":"Loop","floor":15.0,"key":"SMITH"},{"floor":23.0,"key":"REST"},{"data":"Sunder","floor":25.0,"key":"SMITH"}],"neow_cost":"NONE","seed_source_timestamp":940679927761261,"circlet_count":0,"master_deck":["AscendersBane","Strike_B","Strike_B","Strike_B","Defend_B","Defend_B","Defend_B","Defend_B","Zap","Dualcast","Ball Lightning","Coolheaded","Tempest+1","Sunder+1","Glacier","Genetic Algorithm","Loop+1","Leap+1","Reinforced Body","Sweeping Beam","Electrodynamics","FTL","Capacitor","Go for the Eyes","Doom and Gloom","Conserve Battery"],"special_seed":0,"relics":["Cracked Core","Bronze Scales","Ancient Tea Set","Ginger","Pantograph","Inserter","Tiny Chest","Mango","Frozen Eye","PreservedInsect"],"potions_floor_usage":[29],"damage_taken":[{"damage":0.0,"enemies":"Small Slimes","floor":1.0,"turns":2.0},{"damage":0.0,"enemies":"Cultist","floor":2.0,"turns":3.0},{"damage":1.0,"enemies":"2 Louse","floor":3.0,"turns":2.0},{"damage":2.0,"enemies":"Looter","floor":4.0,"turns":3.0},{"damage":5.0,"enemies":"Lots of Slimes","floor":5.0,"turns":4.0},{"damage":24.0,"enemies":"Lagavulin","floor":7.0,"turns":6.0},{"damage":4.0,"enemies":"Exordium Wildlife","floor":8.0,"turns":3.0},{"damage":2.0,"enemies":"3 Louse","floor":12.0,"turns":2.0},{"damage":19.0,"enemies":"3 Sentries","floor":13.0,"turns":6.0},{"damage":9.0,"enemies":"The Guardian","floor":16.0,"turns":10.0},{"damage":30.0,"enemies":"2 Thieves","floor":18.0,"turns":3.0},{"damage":16.0,"enemies":"3 Byrds","floor":21.0,"turns":2.0},{"damage":19.0,"enemies":"Shelled Parasite and Fungi","floor":22.0,"turns":8.0},{"damage":1.0,"enemies":"Sentry and Sphere","floor":24.0,"turns":5.0},{"damage":7.0,"enemies":"Slavers","floor":28.0,"turns":4.0},{"damage":16,"enemies":"Colosseum Slavers","floor":29,"turns":5},{"damage":23,"enemies":"Colosseum Nobs","floor":29,"turns":2}],"seed_played":"-4708074195376218468","potions_obtained":[{"floor":1.0,"key":"Block Potion"},{"floor":2.0,"key":"FocusPotion"},{"floor":8.0,"key":"SkillPotion"},{"floor":16.0,"key":"Strength Potion"},{"floor":18.0,"key":"Poison Potion"},{"floor":28.0,"key":"GamblersBrew"}],"is_trial":false,"path_per_floor":["M","M","M","M","M","R","E","M","T","R","?","M","E","?","R","B",null,"M","?","?","M","M","R","M","R","T","$","E","?"],"character_chosen":"DEFECT","items_purchased":["Frozen Eye"],"campfire_rested":2,"item_purchase_floors":[27],"current_hp_per_floor":[68,68,67,65,60,60,36,32,32,54,51,49,30,35,35,51,73,43,43,43,27,8,32,31,31,45,45,38,0],"gold":146,"neow_bonus":"THREE_CARDS","is_prod":false,"is_daily":false,"chose_seed":false,"campfire_upgraded":3,"win_rate":0,"timestamp":1562021383,"path_taken":["M","M","M","M","M","R","E","M","T","R","?","M","E","?","R","BOSS","M","?","?","M","?","R","M","R","T","$","E","?"],"build_version":"2019-01-23","purchased_purges":0,"victory":false,"max_hp_per_floor":[75,75,75,75,75,75,75,75,75,75,75,75,75,80,80,80,80,80,80,80,80,80,80,80,80,94,94,94,94],"card_choices":[{"not_picked":["Beam Cell","Scrape"],"picked":"Ball Lightning","floor":0.0},{"not_picked":["Scrape","Double Energy"],"picked":"Coolheaded","floor":1.0},{"not_picked":["Scrape","Conserve Battery"],"picked":"Tempest","floor":2.0},{"not_picked":["Coolheaded","Stack"],"picked":"Sunder","floor":3.0},{"not_picked":["Chill","Double Energy"],"picked":"Glacier","floor":4.0},{"not_picked":["Ball Lightning","Hologram"],"picked":"Genetic Algorithm","floor":5.0},{"not_picked":["Melter","Sunder"],"picked":"Loop","floor":7.0},{"not_picked":["Chill","Undo"],"picked":"Leap","floor":8.0},{"not_picked":["Ball Lightning","Cold Snap"],"picked":"Reinforced Body","floor":12.0},{"not_picked":["Recycle","Scrape"],"picked":"Sweeping Beam","floor":13.0},{"not_picked":["Buffer","Echo Form"],"picked":"Electrodynamics","floor":16.0},{"not_picked":["Tempest","Stack"],"picked":"FTL","floor":18.0},{"not_picked":["Streamline","Gash"],"picked":"Capacitor","floor":21.0},{"not_picked":["Rebound","Sweeping Beam"],"picked":"Go for the Eyes","floor":22.0},{"not_picked":["Undo+1","Storm+1"],"picked":"Doom and Gloom","floor":24.0},{"not_picked":["Redo","Sweeping Beam"],"picked":"Conserve Battery","floor":28.0}],"player_experience":319494,"relics_obtained":[{"floor":7.0,"key":"Bronze Scales"},{"floor":9.0,"key":"Ancient Tea Set"},{"floor":13.0,"key":"Pantograph"},{"floor":26.0,"key":"Mango"},{"floor":28.0,"key":"PreservedInsect"}],"event_choices":[{"damage_healed":0.0,"max_hp_gain":0.0,"max_hp_loss":0.0,"gold_gain":0.0,"event_name":"Scrap Ooze","player_choice":"Success","floor":11.0,"gold_loss":0.0,"damage_taken":3.0,"relics_obtained":["Ginger"]},{"damage_healed":0.0,"max_hp_gain":5.0,"max_hp_loss":0.0,"gold_gain":0.0,"event_name":"Big Fish","player_choice":"Donut","floor":14.0,"gold_loss":0.0,"damage_taken":0.0},{"damage_healed":0.0,"max_hp_gain":0.0,"max_hp_loss":0.0,"gold_gain":0.0,"event_name":"Addict","player_choice":"Obtained Relic","floor":19.0,"gold_loss":85.0,"damage_taken":0.0,"relics_obtained":["Tiny Chest"]},{"cards_removed":["Strike_B"],"damage_healed":0.0,"max_hp_gain":0.0,"max_hp_loss":0.0,"gold_gain":0.0,"event_name":"Designer","player_choice":"Upgrade and Remove","floor":20.0,"gold_loss":90.0,"damage_taken":0.0,"cards_upgraded":["Leap"]},{"damage_healed":0,"gold_gain":0,"player_choice":"Fight","damage_taken":0,"max_hp_gain":0,"max_hp_loss":0,"event_name":"Colosseum","floor":29,"gold_loss":0},{"damage_healed":0,"gold_gain":0,"player_choice":"Fought Nobs","damage_taken":0,"max_hp_gain":0,"max_hp_loss":0,"event_name":"Colosseum","floor":29,"gold_loss":0}],"is_beta":false,"boss_relics":[{"not_picked":["Runic Pyramid","Tiny House"],"picked":"Inserter"}],"items_purged_floors":[],"is_endless":false,"potions_floor_spawned":[1,2,4,8,16,18,21,28,29],"killed_by":"Colosseum Nobs","ascension_level":13}