{"gold_per_floor":[119,130,141,66,86,86,115,126,152,6,6,25,25,25,25,25],"floor_reached":16,"playtime":735,"items_purged":["Strike_B","Strike_B"],"score":107,"play_id":"f3ed98a4-6079-4bd9-b3cc-0fb83084c6a6","local_time":"20190103000959","is_ascension_mode":true,"campfire_choices":[{"data":"Capacitor","floor":6,"key":"SMITH"},{"floor":11,"key":"REST"},{"floor":15,"key":"REST"}],"neow_cost":"TEN_PERCENT_HP_LOSS","seed_source_timestamp":1002180429428993,"circlet_count":0,"master_deck":["Strike_B","Strike_B","Defend_B","Defend_B","Defend_B","Defend_B","Zap","Dualcast","Electrodynamics","Capacitor+1","Fusion","Beam Cell","Steam","Barrage","Cold Snap","Conserve Battery","Conserve Battery"],"relics":["Cracked Core","Juzu Bracelet","Art of War","Golden Idol"],"potions_floor_usage":[16,16],"damage_taken":[{"damage":1,"enemies":"Jaw Worm","floor":1,"turns":3},{"damage":10,"enemies":"Small Slimes","floor":2,"turns":3},{"damage":3,"enemies":"2 Louse","floor":3,"turns":4},{"damage":12,"enemies":"2 Fungi Beasts","floor":5,"turns":2},{"damage":32,"enemies":"Lagavulin","floor":7,"turns":8},{"damage":7,"enemies":"Large Slime","floor":8,"turns":5},{"damage":16,"enemies":"Lots of Slimes","floor":12,"turns":3},{"damage":25,"enemies":"Hexaghost","floor":16,"turns":14}],"seed_played":"99790412928731431","potions_obtained":[{"floor":1,"key":"GamblersBrew"},{"floor":8,"key":"Weak Potion"},{"floor":12,"key":"SteroidPotion"}],"is_trial":false,"path_per_floor":["M","M","M","$","M","R","E","M","T","$","R","M","?","?","R","B"],"character_chosen":"DEFECT","items_purchased":["Conserve Battery"],"campfire_rested":2,"item_purchase_floors":[10],"current_hp_per_floor":[67,57,54,54,42,42,10,3,3,3,23,7,7,7,25,0],"gold":25,"neow_bonus":"THREE_RARE_CARDS","is_prod":false,"is_daily":false,"chose_seed":false,"campfire_upgraded":1,"win_rate":0,"timestamp":1546492199,"path_taken":["M","M","M","$","M","R","E","M","T","$","R","M","?","?","R","BOSS"],"build_version":"2018-12-20","purchased_purges":2,"victory":false,"max_hp_per_floor":[68,68,68,68,68,68,68,68,68,68,68,68,68,63,63,63],"card_choices":[{"not_picked":["Machine Learning","Multi-Cast"],"picked":"Electrodynamics","floor":0},{"not_picked":["Auto Shields","Ball Lightning"],"picked":"Capacitor","floor":1},{"not_picked":["Rip and Tear","Compile Driver"],"picked":"Fusion","floor":2},{"not_picked":["Aggregate","Rebound"],"picked":"Beam Cell","floor":3},{"not_picked":["Turbo","Gash"],"picked":"Steam","floor":5},{"not_picked":["Hyperbeam","Heatsinks"],"picked":"Barrage","floor":7},{"not_picked":["Rebound","Steam"],"picked":"Cold Snap","floor":8},{"not_picked":["Hologram","Redo"],"picked":"Conserve Battery","floor":12}],"player_experience":209339,"relics_obtained":[{"floor":7,"key":"Juzu Bracelet"},{"floor":9,"key":"Art of War"}],"event_choices":[{"damage_healed":0,"gold_gain":0,"player_choice":"Leave","damage_taken":0,"max_hp_gain":0,"max_hp_loss":0,"event_name":"The Cleric","floor":13,"gold_loss":0},{"damage_healed":0,"gold_gain":0,"player_choice":"Lose Max HP","damage_taken":0,"relics_obtained":["Golden Idol"],"max_hp_gain":0,"max_hp_loss":5,"event_name":"Golden Idol","floor":14,"gold_loss":0}],"is_beta":false,"boss_relics":[],"items_purged_floors":[4,10],"is_endless":false,"potions_floor_spawned":[1,8,12],"killed_by":"Hexaghost","ascension_level":1}