{"gold_per_floor":[115,134,134,134,150,150,183,183,183,212,67,83,111,111,111,209,209,222,233,233],"floor_reached":20,"playtime":84882,"items_purged":["Pain"],"score":287,"play_id":"e5551a97-c7a5-4b98-bc14-a4034300c478","local_time":"20190526135748","is_ascension_mode":true,"campfire_choices":[{"data":"Zap","floor":6,"key":"SMITH"},{"floor":15,"key":"REST"}],"neow_cost":"NONE","seed_source_timestamp":919502270988421,"circlet_count":0,"master_deck":["Strike_B","Defend_B","Defend_B","Defend_B","Defend_B","Zap+1","Dualcast","Static Discharge","Hologram","Heatsinks","Machine Learning","Defragment","Barrage","Coolheaded","Storm","Seek","Storm+1","Rebound+1","Lockon+1","Heatsinks","Genetic Algorithm"],"relics":["Cracked Core","Dream Catcher","Du-Vu Doll","WarpedTongs","Pear","Bag of Marbles","Bottled Flame","Astrolabe"],"potions_floor_usage":[13,13,14,16,20],"damage_taken":[{"damage":2,"enemies":"Jaw Worm","floor":1,"turns":3},{"damage":0,"enemies":"Small Slimes","floor":2,"turns":3},{"damage":1,"enemies":"Cultist","floor":5,"turns":4},{"damage":27,"enemies":"3 Sentries","floor":7,"turns":6},{"damage":17,"enemies":"Lagavulin","floor":10,"turns":7},{"damage":10,"enemies":"Red Slaver","floor":12,"turns":3},{"damage":10,"enemies":"3 Sentries","floor":13,"turns":6},{"damage":0,"enemies":"3 Louse","floor":14,"turns":1},{"damage":37,"enemies":"Slime Boss","floor":16,"turns":7},{"damage":12,"enemies":"Chosen","floor":18,"turns":3},{"damage":31,"enemies":"3 Byrds","floor":19,"turns":3},{"damage":31,"enemies":"Cultist and Chosen","floor":20,"turns":4}],"seed_played":"1715236609500942674","potions_obtained":[{"floor":1,"key":"EssenceOfSteel"},{"floor":5,"key":"SmokeBomb"},{"floor":10,"key":"Block Potion"},{"floor":13,"key":"EssenceOfSteel"},{"floor":16,"key":"Ancient Potion"},{"floor":18,"key":"Weak Potion"}],"is_trial":false,"path_per_floor":["M","M","?","?","M","R","E","?","T","E","$","M","E","M","R","B",null,"M","M","M"],"character_chosen":"DEFECT","items_purchased":["Defragment"],"campfire_rested":1,"item_purchase_floors":[11],"current_hp_per_floor":[66,66,71,71,70,70,43,43,53,36,36,26,16,16,43,6,69,57,26,0],"gold":233,"neow_bonus":"RANDOM_COMMON_RELIC","is_prod":false,"is_daily":false,"chose_seed":false,"campfire_upgraded":1,"win_rate":0,"timestamp":1558893468,"path_taken":["M","M","?","?","?","R","E","?","T","E","$","?","E","M","R","BOSS","M","M","M"],"build_version":"2019-01-23","purchased_purges":1,"victory":false,"max_hp_per_floor":[75,75,80,80,80,80,80,80,90,90,90,90,90,90,90,90,90,90,90,90],"card_choices":[{"not_picked":["Go for the Eyes","Consume"],"picked":"Static Discharge","floor":1},{"not_picked":["Consume","Scrape","Redo"],"picked":"SKIP","floor":2},{"not_picked":["Go for the Eyes","Turbo"],"picked":"Hologram","floor":5},{"not_picked":["Storm","Sweeping Beam"],"picked":"Heatsinks","floor":7},{"not_picked":["Stack","Sweeping Beam"],"picked":"Machine Learning","floor":10},{"not_picked":["Lockon","Sweeping Beam"],"picked":"Barrage","floor":12},{"not_picked":["Barrage","Gash"],"picked":"Coolheaded","floor":13},{"not_picked":["Redo","Leap"],"picked":"Storm","floor":15},{"not_picked":["Machine Learning","Multi-Cast"],"picked":"Seek","floor":16},{"not_picked":["Turbo","Leap"],"picked":"Heatsinks","floor":18},{"not_picked":["Sweeping Beam","Chill"],"picked":"Genetic Algorithm","floor":19}],"player_experience":426413,"relics_obtained":[{"floor":7,"key":"Du-Vu Doll"},{"floor":9,"key":"Pear"},{"floor":10,"key":"Bag of Marbles"},{"floor":13,"key":"Bottled Flame"}],"event_choices":[{"damage_healed":0,"gold_gain":0,"player_choice":"Donut","damage_taken":0,"max_hp_gain":5,"max_hp_loss":0,"event_name":"Big Fish","floor":3,"gold_loss":0},{"damage_healed":0,"gold_gain":0,"player_choice":"Ignored","damage_taken":0,"max_hp_gain":0,"max_hp_loss":0,"event_name":"Liars Game","floor":4,"gold_loss":0},{"damage_healed":0,"gold_gain":0,"player_choice":"Rummage","damage_taken":0,"relics_obtained":["WarpedTongs"],"max_hp_gain":0,"max_hp_loss":0,"event_name":"Accursed Blacksmith","floor":8,"gold_loss":0,"cards_obtained":["Pain"]}],"is_beta":false,"boss_relics":[{"not_picked":["Orrery","Eternal Feather"],"picked":"Astrolabe"}],"items_purged_floors":[11],"is_endless":false,"potions_floor_spawned":[1,5,10,13,16,18],"killed_by":"Cultist and Chosen","ascension_level":7}