{"gold_per_floor":[110,110,120,120,120,155,155,80,80,80,80],"floor_reached":11,"playtime":284,"items_purged":["Strike_R"],"score":117,"play_id":"49673140-845b-4fb7-8c48-14f03e774015","local_time":"20190713094007","is_ascension_mode":true,"campfire_choices":[{"floor":7,"key":"REST"}],"neow_cost":"NONE","seed_source_timestamp":37933736786239,"circlet_count":0,"master_deck":["AscendersBane","Strike_R","Strike_R","Strike_R","Strike_R","Defend_R","Defend_R","Defend_R","Defend_R","Bash","Clothesline","Carnage"],"relics":["Burning Blood","FossilizedHelix","Golden Idol","Darkstone Periapt","Gremlin Horn"],"potions_floor_usage":[],"damage_taken":[{"damage":11,"enemies":"2 Louse","floor":1,"turns":3},{"damage":0,"enemies":"Jaw Worm","floor":3,"turns":4},{"damage":71,"enemies":"3 Sentries","floor":6,"turns":10},{"damage":46,"enemies":"Lagavulin","floor":11,"turns":6}],"seed_played":"-3960887359870971985","potions_obtained":[],"is_trial":false,"path_per_floor":["M","?","M","?","?","E","R","$","T","?","E"],"character_chosen":"IRONCLAD","items_purchased":[],"campfire_rested":1,"item_purchase_floors":[],"current_hp_per_floor":[70,63,69,74,74,9,33,33,33,33,0],"gold":80,"neow_bonus":"TEN_PERCENT_HP_BONUS","is_prod":false,"is_daily":false,"chose_seed":false,"campfire_upgraded":0,"win_rate":0,"timestamp":1563025207,"path_taken":["M","?","M","?","?","E","R","$","T","?","E"],"build_version":"2019-07-05","purchased_purges":1,"victory":false,"max_hp_per_floor":[82,82,82,87,81,81,81,81,81,81,81],"card_choices":[{"not_picked":["Warcry","Iron Wave"],"picked":"Clothesline","floor":1},{"not_picked":["Ghostly Armor","Body Slam","Burning Pact"],"picked":"SKIP","floor":3},{"not_picked":["Evolve","Whirlwind"],"picked":"Carnage","floor":6}],"player_experience":690007,"relics_obtained":[{"floor":6,"key":"Darkstone Periapt"},{"floor":9,"key":"Gremlin Horn"}],"event_choices":[{"damage_healed":0,"gold_gain":0,"player_choice":"Success","damage_taken":7,"relics_obtained":["FossilizedHelix"],"max_hp_gain":0,"max_hp_loss":0,"event_name":"Scrap Ooze","floor":2,"gold_loss":0},{"damage_healed":0,"gold_gain":0,"player_choice":"Donut","damage_taken":0,"max_hp_gain":5,"max_hp_loss":0,"event_name":"Big Fish","floor":4,"gold_loss":0},{"damage_healed":0,"gold_gain":0,"player_choice":"Lose Max HP","damage_taken":0,"relics_obtained":["Golden Idol"],"max_hp_gain":0,"max_hp_loss":6,"event_name":"Golden Idol","floor":5,"gold_loss":0},{"damage_healed":0,"gold_gain":0,"player_choice":"0 cards matched","damage_taken":0,"max_hp_gain":0,"max_hp_loss":0,"event_name":"Match and Keep!","floor":10,"gold_loss":0,"cards_obtained":[]}],"is_beta":false,"boss_relics":[],"items_purged_floors":[8],"is_endless":false,"potions_floor_spawned":[],"killed_by":"Lagavulin","ascension_level":14}