{"gold_per_floor":[118,129,304,304,318,318,343,343],"floor_reached":8,"playtime":351,"items_purged":[],"score":64,"play_id":"bac7153e-9ef3-4056-b056-445b51d6f77c","local_time":"20190819144123","is_ascension_mode":true,"campfire_choices":[{"floor":6,"key":"REST"}],"neow_cost":"NONE","seed_source_timestamp":17242393048153,"circlet_count":0,"master_deck":["Strike_G","Strike_G","Strike_G","Strike_G","Defend_G","Defend_G","Defend_G","Defend_G","Defend_G","Survivor","Neutralize","PiercingWail","Doubt","Quick Slash","Dagger Spray"],"relics":["Ring of the Snake","Snake Skull","Odd Mushroom"],"potions_floor_usage":[7],"damage_taken":[{"damage":1,"enemies":"2 Louse","floor":1,"turns":5},{"damage":3,"enemies":"Small Slimes","floor":2,"turns":6},{"damage":12,"enemies":"Cultist","floor":5,"turns":6},{"damage":16,"enemies":"The Mushroom Lair","floor":7,"turns":7},{"damage":32,"enemies":"Lagavulin","floor":8,"turns":8}],"seed_played":"-8360523984513965989","potions_obtained":[{"floor":5,"key":"FearPotion"}],"is_trial":false,"path_per_floor":["M","M","?","?","M","R","?","E"],"character_chosen":"THE_SILENT","items_purchased":[],"campfire_rested":1,"item_purchase_floors":[],"current_hp_per_floor":[62,59,59,59,47,68,52,20],"gold":343,"neow_bonus":"RANDOM_COMMON_RELIC","is_prod":false,"is_daily":false,"chose_seed":false,"campfire_upgraded":0,"win_rate":0,"timestamp":1566222083,"path_taken":["M","M","?","?","?","R","?","E"],"build_version":"2019-07-17","purchased_purges":0,"victory":false,"max_hp_per_floor":[70,70,70,70,70,70,70,70],"card_choices":[{"not_picked":["Sucker Punch","Eviscerate"],"picked":"PiercingWail","floor":1},{"not_picked":["PiercingWail","Deflect","Outmaneuver"],"picked":"SKIP","floor":2},{"not_picked":["Prepared","Tools of the Trade"],"picked":"Quick Slash","floor":5},{"not_picked":["Prepared","Blade Dance"],"picked":"Dagger Spray","floor":7}],"player_experience":443692,"relics_obtained":[{"floor":7,"key":"Odd Mushroom"}],"event_choices":[{"damage_healed":0,"gold_gain":175,"player_choice":"AGREE","damage_taken":0,"max_hp_gain":0,"max_hp_loss":0,"event_name":"Liars Game","floor":3,"gold_loss":0,"cards_obtained":["Doubt"]},{"cards_removed":["Strike_G"],"damage_healed":0,"gold_gain":0,"player_choice":"Purged","damage_taken":0,"max_hp_gain":0,"max_hp_loss":0,"event_name":"Purifier","floor":4,"gold_loss":0},{"damage_healed":0,"gold_gain":0,"player_choice":"Fought Mushrooms","damage_taken":0,"max_hp_gain":0,"max_hp_loss":0,"event_name":"Mushrooms","floor":7,"gold_loss":0}],"is_beta":false,"boss_relics":[],"items_purged_floors":[],"is_endless":false,"potions_floor_spawned":[5],"killed_by":"Lagavulin","ascension_level":8}