{"gold_per_floor":[117,127,127,127,141,141,161,161,161,176,202,127,155,228,228,327,327,347,97,97,97,113,113,113,124,192,192,203,203,78,97,97,97],"floor_reached":33,"playtime":1554,"items_purged":["Flex","Strike_R","Defend_R"],"score":331,"play_id":"2bfc426d-f75e-4048-9cf7-3f991d07aa69","local_time":"20190814101449","is_ascension_mode":true,"campfire_choices":[{"data":"Bash","floor":6,"key":"SMITH"},{"data":"Heavy Blade","floor":8,"key":"SMITH"},{"floor":15,"key":"REST"},{"floor":23,"key":"REST"},{"floor":29,"key":"REST"},{"floor":32,"key":"REST"}],"neow_cost":"NONE","seed_source_timestamp":43299473696244,"circlet_count":0,"master_deck":["Strike_R","Strike_R","Strike_R+1","Defend_R+1","Defend_R","Defend_R","Bash+1","Heavy Blade+1","Shrug It Off","Sword Boomerang","Pommel Strike+1","Shrug It Off","Feed+1","Perfected Strike+1","Pommel Strike+1","Shrug It Off+1","Battle Trance","Feel No Pain"],"relics":["Burning Blood","NeowsBlessing","Gremlin Horn","Molten Egg 2","Girya","Philosopher\u0027s Stone","Bag of Marbles","Kunai"],"potions_floor_usage":[16,16,16,33],"damage_taken":[{"damage":0,"enemies":"Cultist","floor":1,"turns":1},{"damage":0,"enemies":"Jaw Worm","floor":2,"turns":1},{"damage":0,"enemies":"2 Louse","floor":5,"turns":1},{"damage":8,"enemies":"Blue Slaver","floor":7,"turns":4},{"damage":4,"enemies":"2 Fungi Beasts","floor":10,"turns":3},{"damage":35,"enemies":"Gremlin Nob","floor":11,"turns":4},{"damage":29,"enemies":"3 Sentries","floor":13,"turns":8},{"damage":39,"enemies":"Hexaghost","floor":16,"turns":10},{"damage":36,"enemies":"Spheric Guardian","floor":18,"turns":6},{"damage":24,"enemies":"3 Byrds","floor":22,"turns":5},{"damage":59,"enemies":"Snake Plant","floor":25,"turns":5},{"damage":4,"enemies":"Chosen and Byrds","floor":28,"turns":4},{"damage":20,"enemies":"Cultist and Chosen","floor":31,"turns":8},{"damage":89,"enemies":"Champ","floor":33,"turns":12}],"seed_played":"-8745980785496181726","potions_obtained":[{"floor":10,"key":"Strength Potion"},{"floor":11,"key":"SteroidPotion"},{"floor":13,"key":"Fire Potion"},{"floor":16,"key":"Regen Potion"},{"floor":18,"key":"Fire Potion"},{"floor":22,"key":"Block Potion"},{"floor":28,"key":"Strength Potion"}],"is_trial":false,"path_per_floor":["M","M","?","?","M","R","M","R","T","M","E","$","E","?","R","B",null,"M","$","?","?","M","R","$","M","T","?","M","R","$","M","R","B"],"character_chosen":"IRONCLAD","items_purchased":["Bag of Marbles"],"campfire_rested":4,"item_purchase_floors":[19],"current_hp_per_floor":[80,80,85,68,74,74,72,72,72,74,45,45,22,22,47,14,85,59,59,88,71,57,86,86,33,33,33,39,69,69,55,85,0],"gold":97,"neow_bonus":"THREE_ENEMY_KILL","is_prod":false,"is_daily":false,"chose_seed":false,"campfire_upgraded":2,"win_rate":0,"timestamp":1565802889,"path_taken":["M","M","?","?","M","R","M","R","T","M","E","$","E","?","R","BOSS","M","$","?","?","M","R","$","M","T","?","M","R","$","M","R","BOSS"],"build_version":"2019-07-17","purchased_purges":3,"victory":false,"max_hp_per_floor":[80,80,85,85,85,85,85,85,85,85,85,85,85,85,85,85,85,89,89,89,94,98,98,98,98,98,98,102,102,102,102,102,102],"card_choices":[{"not_picked":["Armaments","Sword Boomerang"],"picked":"Heavy Blade","floor":1},{"not_picked":["Warcry","Rage"],"picked":"Shrug It Off","floor":2},{"not_picked":["Armaments","Wild Strike"],"picked":"Flex","floor":5},{"not_picked":["Dropkick","Clothesline","Heavy Blade"],"picked":"SKIP","floor":7},{"not_picked":["Dual Wield","Entrench"],"picked":"Sword Boomerang","floor":10},{"not_picked":["Fiend Fire","Disarm"],"picked":"Pommel Strike","floor":11},{"not_picked":["Clash+1","Heavy Blade+1"],"picked":"Shrug It Off","floor":13},{"not_picked":["Exhume","Double Tap"],"picked":"Feed+1","floor":16},{"not_picked":["Carnage+1","Clash+1"],"picked":"Perfected Strike+1","floor":18},{"not_picked":["True Grit+1","Wild Strike+1"],"picked":"Pommel Strike+1","floor":22},{"not_picked":["True Grit","Heavy Blade+1"],"picked":"Shrug It Off+1","floor":25},{"not_picked":["Searing Blow+1","Anger+1"],"picked":"Battle Trance","floor":28},{"not_picked":["Clothesline+1","Dropkick+1"],"picked":"Feel No Pain","floor":31}],"player_experience":373560,"relics_obtained":[{"floor":9,"key":"Gremlin Horn"},{"floor":11,"key":"Molten Egg 2"},{"floor":13,"key":"Girya"},{"floor":26,"key":"Kunai"}],"event_choices":[{"damage_healed":0,"gold_gain":0,"player_choice":"Donut","damage_taken":0,"max_hp_gain":5,"max_hp_loss":0,"event_name":"Big Fish","floor":3,"gold_loss":0},{"damage_healed":0,"gold_gain":0,"player_choice":"Entered Light","damage_taken":17,"max_hp_gain":0,"max_hp_loss":0,"event_name":"Shining Light","floor":4,"gold_loss":0,"cards_upgraded":["Strike_R","Defend_R"]},{"damage_healed":0,"gold_gain":73,"player_choice":"Gained Gold","damage_taken":0,"max_hp_gain":0,"max_hp_loss":0,"event_name":"Golden Wing","floor":14,"gold_loss":0},{"damage_healed":29,"gold_gain":0,"player_choice":"Heal","damage_taken":0,"max_hp_gain":0,"max_hp_loss":0,"event_name":"The Library","floor":20,"gold_loss":0},{"damage_healed":0,"gold_gain":0,"player_choice":"Shed Blood","damage_taken":22,"max_hp_gain":5,"max_hp_loss":0,"event_name":"Forgotten Altar","floor":21,"gold_loss":0},{"cards_removed":["Strike_R"],"damage_healed":0,"gold_gain":0,"player_choice":"Elegance","damage_taken":0,"max_hp_gain":0,"max_hp_loss":0,"event_name":"Back to Basics","floor":27,"gold_loss":0}],"is_beta":false,"boss_relics":[{"not_picked":["Sozu","Eternal Feather"],"picked":"Philosopher\u0027s Stone"}],"items_purged_floors":[12,19,30],"is_endless":false,"potions_floor_spawned":[10,11,13,16,18,22,28],"killed_by":"Champ","ascension_level":4}