{"gold_per_floor":[365,20,20,35,50,77,77,106,133,133,11,11,38,54,54,129,129,146,161,361,381,37,37,37,53,77,96,96,115,115,146,146,146],"floor_reached":33,"playtime":1346,"items_purged":["Writhe","Strike_B"],"score":527,"play_id":"af24cc6b-39ca-496a-aed6-1460509b3759","local_time":"20190801202237","is_ascension_mode":true,"campfire_choices":[{"floor":7,"key":"REST"},{"floor":15,"key":"REST"},{"data":"Fission","floor":23,"key":"SMITH"},{"floor":28,"key":"REST"},{"floor":32,"key":"REST"}],"neow_cost":"CURSE","seed_source_timestamp":1975864528868060,"circlet_count":0,"master_deck":["AscendersBane","Strike_B","Defend_B+1","Defend_B","Defend_B","Defend_B+1","Zap","Dualcast","Streamline","Seek","Defragment","Cold Snap","Leap","Electrodynamics","Tempest","Glacier","Defragment","Sweeping Beam","Compile Driver","Fission+1","Conserve Battery+1","Capacitor","Normality","Reinforced Body","Glacier","Ghostly","Ghostly","Ghostly","Skim+1"],"relics":["Cracked Core","War Paint","Centennial Puzzle","Pen Nib","Ornamental Fan","Cursed Key","PreservedInsect","Anchor","Dream Catcher"],"potions_floor_usage":[13,16,16,27],"damage_taken":[{"damage":12,"enemies":"Jaw Worm","floor":1,"turns":4},{"damage":0,"enemies":"Cultist","floor":4,"turns":3},{"damage":7,"enemies":"Small Slimes","floor":5,"turns":2},{"damage":25,"enemies":"Lagavulin","floor":6,"turns":8},{"damage":9,"enemies":"3 Sentries","floor":8,"turns":3},{"damage":18,"enemies":"Gremlin Nob","floor":13,"turns":5},{"damage":4,"enemies":"Exordium Thugs","floor":14,"turns":4},{"damage":18,"enemies":"Slime Boss","floor":16,"turns":8},{"damage":2,"enemies":"Spheric Guardian","floor":18,"turns":5},{"damage":18,"enemies":"3 Byrds","floor":19,"turns":3},{"damage":5,"enemies":"Snecko","floor":21,"turns":4},{"damage":0,"enemies":"Centurion and Healer","floor":25,"turns":5},{"damage":29,"enemies":"Shelled Parasite and Fungi","floor":27,"turns":4},{"damage":20,"enemies":"Cultist and Chosen","floor":29,"turns":6},{"damage":1,"enemies":"Book of Stabbing","floor":31,"turns":6},{"damage":24,"enemies":"Collector","floor":33,"turns":6}],"seed_played":"-7971771478729575843","potions_obtained":[{"floor":5,"key":"Explosive Potion"},{"floor":6,"key":"PowerPotion"},{"floor":13,"key":"Strength Potion"},{"floor":16,"key":"SteroidPotion"},{"floor":21,"key":"FocusPotion"},{"floor":31,"key":"Ancient Potion"}],"is_trial":false,"path_per_floor":["M","$","?","M","M","E","R","E","T","?","$","?","E","M","R","B",null,"M","M","?","M","$","R","$","M","T","M","R","M","?","E","R","B"],"character_chosen":"DEFECT","items_purchased":["Seek","Defragment","Cold Snap","Glacier","Defragment","Capacitor","PreservedInsect"],"campfire_rested":4,"item_purchase_floors":[2,2,2,11,11,22,22],"current_hp_per_floor":[52,52,52,52,45,20,41,32,32,25,25,25,7,3,24,6,55,53,35,35,30,30,30,30,30,30,1,22,2,2,1,11,0],"gold":146,"neow_bonus":"TWO_FIFTY_GOLD","is_prod":false,"is_daily":false,"chose_seed":false,"campfire_upgraded":1,"win_rate":0,"timestamp":1564708957,"path_taken":["M","$","?","M","?","E","R","E","T","?","?","?","E","M","R","BOSS","M","M","?","M","$","R","$","?","T","M","R","M","?","E","R","BOSS"],"build_version":"2019-07-17","purchased_purges":2,"victory":false,"max_hp_per_floor":[71,71,71,71,71,71,71,71,71,71,71,71,71,71,71,71,71,71,71,71,71,71,71,71,71,71,71,71,71,35,35,35,35],"card_choices":[{"not_picked":["Static Discharge","Heatsinks"],"picked":"Streamline","floor":1},{"not_picked":["Melter","Hello World","Redo"],"picked":"SKIP","floor":4},{"not_picked":["Sunder","White Noise"],"picked":"Leap","floor":5},{"not_picked":["Cold Snap","Rainbow"],"picked":"Electrodynamics","floor":6},{"not_picked":["Static Discharge","Streamline"],"picked":"Tempest","floor":8},{"not_picked":["Cold Snap","Leap"],"picked":"Sweeping Beam","floor":13},{"not_picked":["Gash","Stack"],"picked":"Compile Driver","floor":14},{"not_picked":["Hyperbeam","Electrodynamics"],"picked":"Fission","floor":16},{"not_picked":["Leap","Conserve Battery","Storm"],"picked":"SKIP","floor":18},{"not_picked":["Beam Cell","Rebound"],"picked":"Conserve Battery+1","floor":19},{"not_picked":["Sweeping Beam","Hologram","Rip and Tear"],"picked":"SKIP","floor":21},{"not_picked":["Reprogram","Sweeping Beam","Leap"],"picked":"SKIP","floor":25},{"not_picked":["Skim","Double Energy"],"picked":"Reinforced Body","floor":27},{"not_picked":["Barrage","Auto Shields"],"picked":"Glacier","floor":29},{"not_picked":["Auto Shields","Thunder Strike"],"picked":"Skim+1","floor":31}],"player_experience":409033,"relics_obtained":[{"floor":6,"key":"War Paint"},{"floor":8,"key":"Centennial Puzzle"},{"floor":9,"key":"Pen Nib"},{"floor":13,"key":"Ornamental Fan"},{"floor":26,"key":"Anchor"},{"floor":31,"key":"Dream Catcher"}],"event_choices":[{"cards_removed":["Strike_B"],"damage_healed":0,"gold_gain":0,"player_choice":"Card Removal","damage_taken":0,"max_hp_gain":0,"max_hp_loss":0,"event_name":"Wheel of Change","floor":3,"gold_loss":0},{"cards_removed":["Strike_B"],"damage_healed":0,"gold_gain":0,"player_choice":"Card Removal","damage_taken":7,"max_hp_gain":0,"max_hp_loss":0,"event_name":"Golden Wing","floor":10,"gold_loss":0},{"damage_healed":0,"gold_gain":0,"player_choice":"Ignored","damage_taken":0,"max_hp_gain":0,"max_hp_loss":0,"event_name":"Shining Light","floor":12,"gold_loss":0},{"damage_healed":0,"gold_gain":200,"player_choice":"Gold","damage_taken":0,"max_hp_gain":0,"max_hp_loss":0,"event_name":"Wheel of Change","floor":20,"gold_loss":0},{"damage_healed":0,"gold_gain":0,"player_choice":"Became a Ghost","damage_taken":0,"max_hp_gain":0,"max_hp_loss":36,"event_name":"Ghosts","floor":30,"gold_loss":0,"cards_obtained":["Ghostly","Ghostly","Ghostly"]}],"is_beta":false,"boss_relics":[{"not_picked":["Tiny House","Busted Crown"],"picked":"Cursed Key"}],"items_purged_floors":[2,22],"is_endless":false,"potions_floor_spawned":[5,6,8,13,14,16,21,31],"killed_by":"Collector","ascension_level":17}