{"gold_per_floor":[110,285,34,134,150,178,193,203,203,221,221,250,250,269,269,365,415,427,427,427,441,531,563,563],"floor_reached":24,"playtime":1346,"items_purged":["Doubt"],"score":251,"play_id":"ceee295d-0932-4777-b35d-799daf9fe9c2","local_time":"20190716205122","is_ascension_mode":false,"campfire_choices":[{"data":"Redo","floor":11,"key":"SMITH"},{"data":"Beam Cell","floor":13,"key":"SMITH"},{"data":"Dualcast","floor":15,"key":"SMITH"}],"neow_cost":"NONE","seed_source_timestamp":679375630935646,"circlet_count":0,"master_deck":["Strike_B","Strike_B","Strike_B","Strike_B","Defend_B","Defend_B","Defend_B","Defend_B","Zap+1","Dualcast+1","Coolheaded","Go for the Eyes","Go for the Eyes","Scrape","Turbo","Redo+1","Beam Cell+1","Scrape","Reboot","Loop","Necronomicurse","Skim","Coolheaded+1"],"relics":["Cracked Core","NeowsBlessing","Bag of Preparation","Mummified Hand","Sundial","Ornamental Fan","Tiny House","Necronomicon","Symbiotic Virus","Lantern"],"potions_floor_usage":[12,12],"damage_taken":[{"damage":0,"enemies":"2 Louse","floor":1,"turns":1},{"damage":0,"enemies":"Jaw Worm","floor":5,"turns":1},{"damage":0,"enemies":"Gremlin Nob","floor":6,"turns":1},{"damage":0,"enemies":"Cultist","floor":7,"turns":3},{"damage":0,"enemies":"Looter","floor":8,"turns":3},{"damage":7,"enemies":"Exordium Wildlife","floor":10,"turns":2},{"damage":8,"enemies":"3 Sentries","floor":12,"turns":6},{"damage":0,"enemies":"Large Slime","floor":14,"turns":3},{"damage":37,"enemies":"Slime Boss","floor":16,"turns":13},{"damage":13,"enemies":"Spheric Guardian","floor":18,"turns":4},{"damage":0,"enemies":"Chosen","floor":21,"turns":3},{"damage":21,"enemies":"Book of Stabbing","floor":23,"turns":5},{"damage":16,"enemies":"Sentry and Sphere","floor":24,"turns":5}],"seed_played":"-2965420533423743440","potions_obtained":[{"floor":5,"key":"Poison Potion"},{"floor":6,"key":"Poison Potion"},{"floor":8,"key":"SmokeBomb"},{"floor":17,"key":"EntropicBrew"},{"floor":21,"key":"LiquidBronze"}],"is_trial":false,"path_per_floor":["M","?","$","?","M","E","M","M","T","M","R","E","R","M","R","B",null,"M","?","?","M","?","E","M"],"character_chosen":"DEFECT","items_purchased":["Go for the Eyes","Bag of Preparation"],"campfire_rested":0,"item_purchase_floors":[3,3],"current_hp_per_floor":[75,75,75,75,75,75,75,75,75,68,68,60,60,60,60,23,80,67,51,51,51,35,14,0],"gold":563,"neow_bonus":"THREE_ENEMY_KILL","is_prod":false,"is_daily":false,"chose_seed":false,"campfire_upgraded":3,"win_rate":0.0,"timestamp":1563335482,"path_taken":["M","?","$","?","M","E","M","M","T","M","R","E","R","?","R","BOSS","M","?","?","M","?","E","M"],"build_version":"2019-07-05","purchased_purges":1,"victory":false,"max_hp_per_floor":[75,75,75,75,75,75,75,75,75,75,75,75,75,75,75,75,80,80,80,80,80,80,80,80],"card_choices":[{"not_picked":["Compile Driver","Rebound"],"picked":"Coolheaded","floor":1},{"not_picked":["Force Field","Turbo","Undo"],"picked":"SKIP","floor":5},{"not_picked":["Rebound","Conserve Battery"],"picked":"Go for the Eyes","floor":6},{"not_picked":["Doom and Gloom","Steam Power"],"picked":"Scrape","floor":7},{"not_picked":["Barrage","Sweeping Beam"],"picked":"Turbo","floor":8},{"not_picked":["Loop","Conserve Battery"],"picked":"Redo","floor":10},{"not_picked":["Coolheaded","Chaos"],"picked":"Beam Cell","floor":12},{"not_picked":["Force Field","Multi-Cast"],"picked":"Scrape","floor":14},{"not_picked":["Rainbow","Electrodynamics"],"picked":"Reboot","floor":16},{"not_picked":["Barrage","Turbo"],"picked":"Loop","floor":17},{"not_picked":["Turbo","Coolheaded","Streamline"],"picked":"SKIP","floor":18},{"not_picked":["Compile Driver","Rebound"],"picked":"Skim","floor":21},{"not_picked":["Compile Driver","Capacitor"],"picked":"Coolheaded+1","floor":23}],"player_experience":140714,"relics_obtained":[{"floor":6,"key":"Mummified Hand"},{"floor":9,"key":"Sundial"},{"floor":12,"key":"Ornamental Fan"},{"floor":19,"key":"Necronomicon"},{"floor":23,"key":"Lantern"}],"event_choices":[{"damage_healed":0,"gold_gain":175,"player_choice":"AGREE","damage_taken":0,"max_hp_gain":0,"max_hp_loss":0,"event_name":"Liars Game","floor":2,"gold_loss":0,"cards_obtained":["Doubt"]},{"damage_healed":0,"gold_gain":100,"player_choice":"Pray","damage_taken":0,"max_hp_gain":0,"max_hp_loss":0,"event_name":"Golden Shrine","floor":4,"gold_loss":0},{"damage_healed":0,"gold_gain":0,"player_choice":"Obtained Book","damage_taken":16,"max_hp_gain":0,"max_hp_loss":0,"event_name":"Cursed Tome","floor":19,"gold_loss":0},{"damage_healed":0,"gold_gain":0,"player_choice":"Opened","damage_taken":0,"relics_obtained":["Symbiotic Virus"],"max_hp_gain":0,"max_hp_loss":0,"event_name":"The Mausoleum","floor":20,"gold_loss":0},{"damage_healed":0,"gold_gain":90,"player_choice":"GOLD ","damage_taken":16,"max_hp_gain":0,"max_hp_loss":0,"event_name":"Knowing Skull","floor":22,"potions_obtained":[],"gold_loss":0,"cards_obtained":[]}],"is_beta":false,"boss_relics":[{"not_picked":["Runic Dome","Fusion Hammer"],"picked":"Tiny House"}],"items_purged_floors":[3],"is_endless":false,"potions_floor_spawned":[5,6,8,21,23],"killed_by":"Sentry and Sphere","ascension_level":0}