{"gold_per_floor":[110,128,139,139,152,152,42,77,77,9,9,24,37,57,57,162,162,179,10,24,24,42,42,74,74,97,116,134,207,207,224,224,326,326,343,61,74,87,97,97,117,130,130,147,147,202,230,250,250,250],"floor_reached":51,"playtime":3311,"items_purged":["Strike_G","Defend_G","Defend_G"],"score":781,"play_id":"56850b4f-7a6c-47c2-b58b-ec816182e23b","local_time":"20190810214955","is_ascension_mode":true,"campfire_choices":[{"floor":6,"key":"REST"},{"floor":11,"key":"REST"},{"floor":15,"key":"REST"},{"floor":23,"key":"REST"},{"data":"Adrenaline","floor":25,"key":"SMITH"},{"data":"Caltrops","floor":30,"key":"SMITH"},{"floor":32,"key":"REST"},{"floor":40,"key":"REST"},{"floor":49,"key":"REST"}],"neow_cost":"NONE","seed_source_timestamp":181553828422091,"circlet_count":0,"master_deck":["Strike_G","Strike_G","Defend_G","Defend_G","Defend_G","Survivor","Neutralize","Cloak And Dagger","Backflip","Cloak And Dagger","Bouncing Flask","Adrenaline+1","Noxious Fumes","Deflect","Leg Sweep","After Image","Caltrops+1","Venomology","Venomology","Backstab","Dagger Throw+1","PiercingWail","Blade Dance","Backflip","Bane+1","Dagger Spray+1","Clumsy","Deflect+1","Apotheosis","Bouncing Flask+1","Predator+1","Concentrate+1"],"relics":["Ring of the Snake","Bronze Scales","Mercury Hourglass","Ninja Scroll","Busted Crown","Mummified Hand","Dream Catcher","Bottled Tornado","Cursed Key","Vajra","Shuriken","Girya","Ice Cream"],"potions_floor_usage":[8,22,22,24,24,24,24,27,27,28,31,31,33,33,33,33,33,35,37,38,38,39,39,41,41,42,42,42,47,47,47,48,48,48,50,50,50,50,50,50],"damage_taken":[{"damage":5,"enemies":"Small Slimes","floor":1,"turns":4},{"damage":1,"enemies":"2 Louse","floor":2,"turns":3},{"damage":0,"enemies":"Jaw Worm","floor":3,"turns":5},{"damage":17,"enemies":"Lots of Slimes","floor":5,"turns":5},{"damage":36,"enemies":"Lagavulin","floor":8,"turns":9},{"damage":0,"enemies":"Blue Slaver","floor":12,"turns":3},{"damage":0,"enemies":"Large Slime","floor":13,"turns":4},{"damage":0,"enemies":"2 Fungi Beasts","floor":14,"turns":2},{"damage":17,"enemies":"The Guardian","floor":16,"turns":9},{"damage":5,"enemies":"Spheric Guardian","floor":18,"turns":4},{"damage":0,"enemies":"Chosen","floor":20,"turns":4},{"damage":7,"enemies":"Shelled Parasite and Fungi","floor":22,"turns":6},{"damage":2,"enemies":"Book of Stabbing","floor":24,"turns":5},{"damage":0,"enemies":"Centurion and Healer","floor":27,"turns":3},{"damage":0,"enemies":"Snecko","floor":28,"turns":4},{"damage":20,"enemies":"Cultist and Chosen","floor":31,"turns":4},{"damage":10,"enemies":"Collector","floor":33,"turns":10},{"damage":3,"enemies":"3 Shapes","floor":35,"turns":4},{"damage":0,"enemies":"Orb Walker","floor":37,"turns":2},{"damage":12,"enemies":"3 Darklings","floor":38,"turns":4},{"damage":7,"enemies":"Jaw Worm Horde","floor":39,"turns":3},{"damage":4,"enemies":"Transient","floor":41,"turns":5},{"damage":8,"enemies":"Maw","floor":42,"turns":8},{"damage":5,"enemies":"Jaw Worm Horde","floor":44,"turns":2},{"damage":2,"enemies":"2 Orb Walkers","floor":46,"turns":4},{"damage":28,"enemies":"Nemesis","floor":47,"turns":4},{"damage":3,"enemies":"Spire Growth","floor":48,"turns":3},{"damage":26,"enemies":"Donu and Deca","floor":50,"turns":7}],"seed_played":"-2608022102704118759","potions_obtained":[{"floor":1,"key":"PowerPotion"},{"floor":5,"key":"Weak Potion"},{"floor":8,"key":"Strength Potion"},{"floor":14,"key":"Block Potion"},{"floor":18,"key":"EntropicBrew"},{"floor":24,"key":"SkillPotion"},{"floor":28,"key":"EntropicBrew"},{"floor":31,"key":"Regen Potion"},{"floor":47,"key":"Strength Potion"},{"floor":48,"key":"SkillPotion"}],"is_trial":false,"path_per_floor":["M","M","M","?","M","R","$","E","T","$","R","M","M","M","R","B",null,"M","$","M","?","M","R","E","R","T","M","M","T","R","M","R","B",null,"M","$","M","M","M","R","M","M","T","M","?","?","E","M","R","B",null],"character_chosen":"THE_SILENT","items_purchased":["Bouncing Flask","Noxious Fumes","Caltrops","Vajra"],"campfire_rested":7,"item_purchase_floors":[7,10,19,36],"current_hp_per_floor":[65,64,64,64,47,68,68,32,32,32,53,53,53,53,70,53,70,65,65,65,65,58,70,68,68,68,68,68,68,68,48,69,60,70,67,67,67,64,57,70,66,58,58,53,53,51,23,20,41,15],"gold":250,"neow_bonus":"RANDOM_COMMON_RELIC","is_prod":false,"is_daily":false,"chose_seed":false,"campfire_upgraded":2,"win_rate":0,"timestamp":1565498995,"path_taken":["M","M","M","?","M","R","$","E","T","$","R","M","M","M","R","BOSS","M","$","M","?","M","R","E","R","T","M","M","?","R","M","R","BOSS","M","$","M","?","M","R","M","M","T","M","?","?","E","M","R","BOSS"],"build_version":"2019-07-17","purchased_purges":3,"victory":true,"max_hp_per_floor":[70,70,70,70,70,70,70,70,70,70,70,70,70,70,70,70,70,70,70,70,70,70,70,70,70,70,70,70,70,70,70,70,70,70,70,70,70,70,70,70,70,70,70,70,70,70,70,70,70,70],"card_choices":[{"not_picked":["Setup","Concentrate","Deadly Poison"],"picked":"SKIP","floor":1},{"not_picked":["Outmaneuver","Quick Slash"],"picked":"Cloak And Dagger","floor":2},{"not_picked":["After Image","Deflect"],"picked":"Backflip","floor":3},{"not_picked":["Poisoned Stab","Acrobatics"],"picked":"Cloak And Dagger","floor":5},{"not_picked":["Quick Slash","Deflect"],"picked":"Adrenaline","floor":8},{"not_picked":["Masterful Stab","Noxious Fumes","Prepared"],"picked":"SKIP","floor":12},{"not_picked":["Dodge and Roll","Dagger Throw"],"picked":"Deflect","floor":13},{"not_picked":["Crippling Poison","Choke"],"picked":"Leg Sweep","floor":14},{"not_picked":["Grand Finale","Venomology"],"picked":"After Image","floor":16},{"not_picked":["Underhanded Strike"],"picked":"SKIP","floor":18},{"not_picked":["Underhanded Strike"],"picked":"SKIP","floor":20},{"not_picked":[],"picked":"Backstab","floor":22},{"not_picked":[],"picked":"Dagger Throw+1","floor":24},{"not_picked":[],"picked":"PiercingWail","floor":27},{"not_picked":["Reflex+1"],"picked":"SKIP","floor":28},{"not_picked":["Accuracy"],"picked":"SKIP","floor":31},{"not_picked":[],"picked":"Blade Dance","floor":35},{"not_picked":["Slice"],"picked":"SKIP","floor":37},{"not_picked":["Underhanded Strike"],"picked":"SKIP","floor":38},{"not_picked":[],"picked":"Backflip","floor":39},{"not_picked":[],"picked":"Bane+1","floor":40},{"not_picked":[],"picked":"Dagger Spray+1","floor":41},{"not_picked":["Dagger Spray+1"],"picked":"SKIP","floor":42},{"not_picked":[],"picked":"Deflect+1","floor":44},{"not_picked":[],"picked":"Apotheosis","floor":45},{"not_picked":[],"picked":"Bouncing Flask+1","floor":46},{"not_picked":[],"picked":"Predator+1","floor":47},{"not_picked":["Flying Knee"],"picked":"SKIP","floor":48},{"not_picked":[],"picked":"Concentrate+1","floor":49}],"player_experience":344510,"relics_obtained":[{"floor":8,"key":"Mercury Hourglass"},{"floor":9,"key":"Ninja Scroll"},{"floor":24,"key":"Mummified Hand"},{"floor":26,"key":"Dream Catcher"},{"floor":29,"key":"Bottled Tornado"},{"floor":43,"key":"Shuriken"},{"floor":46,"key":"Girya"},{"floor":47,"key":"Ice Cream"}],"event_choices":[{"damage_healed":0,"gold_gain":0,"player_choice":"Ignored","damage_taken":0,"max_hp_gain":0,"max_hp_loss":0,"event_name":"Liars Game","floor":4,"gold_loss":0},{"damage_healed":0,"gold_gain":0,"cards_transformed":["Strike_G","Strike_G"],"player_choice":"Became Test Subject","damage_taken":0,"max_hp_gain":0,"max_hp_loss":0,"event_name":"Drug Dealer","floor":21,"gold_loss":0,"cards_obtained":["Venomology","Venomology"]},{"damage_healed":0,"gold_gain":0,"player_choice":"Memory 1","damage_taken":0,"max_hp_gain":0,"max_hp_loss":0,"event_name":"SensoryStone","floor":45,"gold_loss":0},{"damage_healed":0,"gold_gain":0,"player_choice":"Fight","damage_taken":0,"max_hp_gain":0,"max_hp_loss":0,"event_name":"Mysterious Sphere","floor":46,"gold_loss":0}],"is_beta":false,"boss_relics":[{"not_picked":["Runic Dome","Ring of the Serpent"],"picked":"Busted Crown"},{"not_picked":["Snecko Eye","Velvet Choker"],"picked":"Cursed Key"}],"items_purged_floors":[7,19,36],"is_endless":false,"potions_floor_spawned":[1,5,8,14,16,18,22,24,28,31,37,38,47,48],"ascension_level":3}