{"gold_per_floor":[117,64,239,189,189,223,223,238,291,305,135,165,165,177,177,177],"floor_reached":16,"playtime":425,"items_purged":[],"score":153,"play_id":"cbb91273-2393-4d5e-ab6a-3f868bc6a199","local_time":"20190603215910","is_ascension_mode":true,"campfire_choices":[{"data":"Armaments","floor":7,"key":"SMITH"},{"data":"Bash","floor":13,"key":"SMITH"},{"floor":15,"key":"RECALL"}],"neow_cost":"NONE","seed_source_timestamp":1389038720673,"circlet_count":0,"master_deck":["Strike_R+1","Strike_R+1","Strike_R","Strike_R","Strike_R","Defend_R","Defend_R","Defend_R","Defend_R","Bash+1","Body Slam","Armaments+1","Corruption","Fiend Fire","Apotheosis","Evolve"],"relics":["Burning Blood","NeowsBlessing","Peace Pipe","Bottled Flame"],"potions_floor_usage":[16],"damage_taken":[{"damage":0,"enemies":"Cultist","floor":1,"turns":1},{"damage":0,"enemies":"Lagavulin","floor":6,"turns":1},{"damage":0,"enemies":"2 Louse","floor":8,"turns":1},{"damage":1,"enemies":"Small Slimes","floor":10,"turns":3},{"damage":32,"enemies":"Gremlin Nob","floor":12,"turns":4},{"damage":9,"enemies":"3 Louse","floor":14,"turns":4},{"damage":58,"enemies":"Slime Boss","floor":16,"turns":8}],"seed_played":"8311444719080907122","potions_obtained":[{"floor":6,"key":"Ancient Potion"},{"floor":8,"key":"Dexterity Potion"},{"floor":14,"key":"GamblersBrew"}],"is_trial":false,"path_per_floor":["M","$","?","?","?","E","R","M","T","M","$","E","R","M","R","B"],"character_chosen":"IRONCLAD","items_purchased":["Armaments","Apotheosis"],"campfire_rested":0,"item_purchase_floors":[2,11],"current_hp_per_floor":[80,80,80,80,64,70,70,76,76,80,80,54,54,51,51,0],"gold":177,"neow_bonus":"THREE_ENEMY_KILL","is_prod":false,"is_daily":false,"chose_seed":false,"campfire_upgraded":2,"win_rate":0,"timestamp":1559617150,"path_taken":["M","$","?","?","?","E","R","M","T","M","$","E","R","M","R","BOSS"],"build_version":"2019-01-23","purchased_purges":0,"victory":false,"max_hp_per_floor":[80,80,80,80,80,80,80,80,80,80,80,80,80,80,80,80],"card_choices":[{"not_picked":["Clothesline","Searing Blow"],"picked":"Body Slam","floor":1},{"not_picked":["Feel No Pain","Armaments","Clothesline"],"picked":"SKIP","floor":6},{"not_picked":["Clash","True Grit"],"picked":"Corruption","floor":8},{"not_picked":["Clothesline","Warcry"],"picked":"Fiend Fire","floor":10},{"not_picked":["Wild Strike","Corruption","Berserk"],"picked":"SKIP","floor":12},{"not_picked":["Perfected Strike","Clash"],"picked":"Evolve","floor":14}],"player_experience":71747,"relics_obtained":[{"floor":6,"key":"Peace Pipe"},{"floor":12,"key":"Bottled Flame"}],"event_choices":[{"damage_healed":0,"gold_gain":175,"player_choice":"AGREE","damage_taken":0,"max_hp_gain":0,"max_hp_loss":0,"event_name":"Liars Game","floor":3,"gold_loss":0,"cards_obtained":["Doubt"]},{"cards_removed":["Doubt"],"damage_healed":0,"gold_gain":0,"player_choice":"Card Removal","damage_taken":0,"max_hp_gain":0,"max_hp_loss":0,"event_name":"The Cleric","floor":4,"gold_loss":50},{"damage_healed":0,"gold_gain":0,"player_choice":"Entered Light","damage_taken":16,"max_hp_gain":0,"max_hp_loss":0,"event_name":"Shining Light","floor":5,"gold_loss":0,"cards_upgraded":["Strike_R","Strike_R"]}],"is_beta":false,"boss_relics":[],"items_purged_floors":[],"is_endless":false,"potions_floor_spawned":[6,8,14],"killed_by":"Slime Boss","ascension_level":3}