{"gold_per_floor":[216,232,243,257,32,32,62,78,78,78,111,130,143,160,160,265,265,277,287,297,297,297,297,313,324,348,348,364,6,20,30,30,30],"floor_reached":33,"playtime":3232,"items_purged":["Defend_R","Strike_R"],"score":345,"play_id":"6705d82c-0bfd-4dea-9ef6-31465ebedc75","local_time":"20190815185053","is_ascension_mode":true,"campfire_choices":[{"data":"Bash","floor":6,"key":"SMITH"},{"floor":10,"key":"REST"},{"floor":15,"key":"REST"},{"floor":23,"key":"REST"},{"floor":27,"key":"REST"},{"floor":32,"key":"REST"}],"neow_cost":"NONE","seed_source_timestamp":75745199262773,"circlet_count":0,"master_deck":["Strike_R","Strike_R","Strike_R","Strike_R","Defend_R","Defend_R","Defend_R","Bash+1","Battle Trance","Spot Weakness","Rampage","Sword Boomerang","Iron Wave","Cleave","Thunderclap","Shrug It Off","Feed","Double Tap","Feel No Pain","True Grit","Inflame","Writhe","Perfected Strike","Disarm","Battle Trance","Pommel Strike","Ghostly Armor"],"relics":["Black Blood","Happy Flower","Smiling Mask","Matryoshka","Pantograph","Self Forming Clay","Mercury Hourglass","Potion Belt","Vajra","Lantern"],"potions_floor_usage":[12,12,25,25,33,33],"damage_taken":[{"damage":6,"enemies":"Cultist","floor":1,"turns":4},{"damage":8,"enemies":"Jaw Worm","floor":2,"turns":4},{"damage":7,"enemies":"Small Slimes","floor":3,"turns":3},{"damage":25,"enemies":"Gremlin Gang","floor":4,"turns":4},{"damage":16,"enemies":"Gremlin Nob","floor":7,"turns":3},{"damage":16,"enemies":"Lots of Slimes","floor":8,"turns":4},{"damage":15,"enemies":"Lagavulin","floor":11,"turns":3},{"damage":18,"enemies":"Exordium Thugs","floor":12,"turns":3},{"damage":16,"enemies":"Blue Slaver","floor":13,"turns":3},{"damage":7,"enemies":"2 Fungi Beasts","floor":14,"turns":3},{"damage":53,"enemies":"Hexaghost","floor":16,"turns":8},{"damage":18,"enemies":"3 Byrds","floor":18,"turns":4},{"damage":37,"enemies":"Shell Parasite","floor":19,"turns":5},{"damage":45,"enemies":"Cultist and Chosen","floor":20,"turns":7},{"damage":40,"enemies":"Snake Plant","floor":24,"turns":5},{"damage":19,"enemies":"Centurion and Healer","floor":25,"turns":5},{"damage":21,"enemies":"3 Cultists","floor":28,"turns":5},{"damage":24,"enemies":"Snecko","floor":30,"turns":4},{"damage":23,"enemies":"Centurion and Healer","floor":31,"turns":4},{"damage":79,"enemies":"Collector","floor":33,"turns":6}],"seed_played":"-424339470795525442","potions_obtained":[{"floor":1,"key":"Energy Potion"},{"floor":7,"key":"SpeedPotion"},{"floor":8,"key":"Dexterity Potion"},{"floor":11,"key":"PowerPotion"},{"floor":12,"key":"SpeedPotion"},{"floor":18,"key":"Weak Potion"},{"floor":19,"key":"SkillPotion"},{"floor":24,"key":"BloodPotion"},{"floor":28,"key":"PowerPotion"}],"is_trial":false,"path_per_floor":["M","M","M","M","$","R","E","M","T","R","E","M","M","M","R","B",null,"M","M","M","?","$","R","M","M","T","R","M","$","M","M","R","B"],"character_chosen":"IRONCLAD","items_purchased":["Happy Flower","Vajra","Lantern"],"campfire_rested":5,"item_purchase_floors":[5,29,29],"current_hp_per_floor":[80,78,77,58,58,58,48,38,38,62,53,41,31,30,54,32,80,75,51,16,16,16,41,11,26,26,52,44,44,30,20,48,0],"gold":30,"neow_bonus":"HUNDRED_GOLD","is_prod":false,"is_daily":false,"chose_seed":false,"campfire_upgraded":1,"win_rate":0,"timestamp":1565920253,"path_taken":["M","M","?","M","$","R","E","M","T","R","E","M","M","M","R","BOSS","M","M","M","?","$","R","M","M","T","R","M","$","M","M","R","BOSS"],"build_version":"2019-07-17","purchased_purges":2,"victory":false,"max_hp_per_floor":[80,80,80,80,80,80,80,80,80,80,80,80,80,80,80,80,80,83,86,86,86,86,86,86,89,89,89,92,92,92,95,95,95],"card_choices":[{"not_picked":["Rage","Warcry"],"picked":"Battle Trance","floor":1},{"not_picked":["Wild Strike","Flex"],"picked":"Spot Weakness","floor":2},{"not_picked":["Reckless Charge","Fire Breathing"],"picked":"Rampage","floor":3},{"not_picked":["Sever Soul","Entrench"],"picked":"Sword Boomerang","floor":4},{"not_picked":["Warcry","Sword Boomerang"],"picked":"Iron Wave","floor":7},{"not_picked":["Disarm","Corruption"],"picked":"Cleave","floor":8},{"not_picked":["Clash","Infernal Blade","Anger"],"picked":"SKIP","floor":11},{"not_picked":["Cleave","Second Wind"],"picked":"Thunderclap","floor":12},{"not_picked":["Dropkick","Shockwave"],"picked":"Shrug It Off","floor":13},{"not_picked":["Armaments","Sword Boomerang"],"picked":"Feed","floor":14},{"not_picked":["Impervious","Barricade"],"picked":"Double Tap","floor":16},{"not_picked":["Armaments+1","Combust"],"picked":"Feel No Pain","floor":18},{"not_picked":["Twin Strike+1","Flex"],"picked":"True Grit","floor":19},{"not_picked":["Twin Strike","Perfected Strike+1"],"picked":"Inflame","floor":20},{"not_picked":["Seeing Red","Hemokinesis"],"picked":"Perfected Strike","floor":24},{"not_picked":["Fire Breathing","Twin Strike"],"picked":"Disarm","floor":25},{"not_picked":["Dropkick","Intimidate+1"],"picked":"Battle Trance","floor":28},{"not_picked":["Double Tap","Clash"],"picked":"Pommel Strike","floor":30},{"not_picked":["Pommel Strike","Havoc+1"],"picked":"Ghostly Armor","floor":31}],"player_experience":384201,"relics_obtained":[{"floor":7,"key":"Smiling Mask"},{"floor":9,"key":"Matryoshka"},{"floor":11,"key":"Pantograph"},{"floor":26,"key":"Mercury Hourglass"},{"floor":26,"key":"Potion Belt"}],"event_choices":[{"damage_healed":0,"gold_gain":0,"player_choice":"Opened","damage_taken":0,"relics_obtained":["Self Forming Clay"],"max_hp_gain":0,"max_hp_loss":0,"event_name":"The Mausoleum","floor":21,"gold_loss":0,"cards_obtained":["Writhe"]}],"is_beta":false,"boss_relics":[{"not_picked":["Runic Cube","Snecko Eye"],"picked":"Black Blood"}],"items_purged_floors":[5,29],"is_endless":false,"potions_floor_spawned":[1,7,8,11,12,18,19,24,28],"killed_by":"Collector","ascension_level":4}