{"gold_per_floor":[115,128,128,145,12,12,37,50,100,132,158,79,93,109,109,181,181,199,216,116,116,134,134,168,168,168,168,181,181,215,232,232,307,307,323,337,337,337],"floor_reached":38,"playtime":2029,"items_purged":["Regret","Strike_B"],"score":973,"play_id":"13dabc60-0e25-46fd-8728-bb91c7dc22f2","local_time":"20190730172940","is_ascension_mode":true,"campfire_choices":[{"data":"Buffer","floor":6.0,"key":"SMITH"},{"data":"Sunder","floor":15.0,"key":"SMITH"},{"floor":23.0,"key":"REST"},{"floor":27.0,"key":"REST"},{"data":"Doom and Gloom","floor":29.0,"key":"SMITH"},{"floor":32.0,"key":"REST"}],"neow_cost":"CURSE","seed_source_timestamp":1791694451760757,"circlet_count":0,"master_deck":["AscendersBane","Strike_B","Strike_B","Strike_B","Defend_B","Defend_B","Defend_B","Defend_B","Zap","Dualcast","Buffer+1","Go for the Eyes","Doom and Gloom+1","Sunder+1","Ball Lightning","Steam","Rip and Tear","Leap","Defragment","Creative AI","Conserve Battery","Biased Cognition","FTL","BootSequence","RitualDagger","Coolheaded","Undo+1","Amplify","Echo Form","Fusion"],"special_seed":0,"relics":["Cracked Core","Pantograph","Bronze Scales","Odd Mushroom","Inserter","Gambling Chip","Nloth\u0027s Gift","Pear","Kunai","Black Star"],"potions_floor_usage":[],"damage_taken":[{"damage":8.0,"enemies":"Cultist","floor":1.0,"turns":4.0},{"damage":5.0,"enemies":"Small Slimes","floor":2.0,"turns":4.0},{"damage":10.0,"enemies":"Jaw Worm","floor":4.0,"turns":4.0},{"damage":15.0,"enemies":"3 Sentries","floor":7.0,"turns":5.0},{"damage":0.0,"enemies":"Large Slime","floor":8.0,"turns":4.0},{"damage":0.0,"enemies":"Lagavulin","floor":10.0,"turns":6.0},{"damage":3.0,"enemies":"The Mushroom Lair","floor":11.0,"turns":2.0},{"damage":0.0,"enemies":"Looter","floor":13.0,"turns":3.0},{"damage":1.0,"enemies":"3 Louse","floor":14.0,"turns":1.0},{"damage":0.0,"enemies":"Slime Boss","floor":16.0,"turns":8.0},{"damage":13.0,"enemies":"2 Thieves","floor":18.0,"turns":4.0},{"damage":8.0,"enemies":"Shell Parasite","floor":19.0,"turns":5.0},{"damage":12.0,"enemies":"Sentry and Sphere","floor":22.0,"turns":5.0},{"damage":18.0,"enemies":"Gremlin Leader","floor":24.0,"turns":8.0},{"damage":17.0,"enemies":"Centurion and Healer","floor":28.0,"turns":9.0},{"damage":35.0,"enemies":"Book of Stabbing","floor":30.0,"turns":6.0},{"damage":7.0,"enemies":"Cultist and Chosen","floor":31.0,"turns":4.0},{"damage":6.0,"enemies":"Champ","floor":33.0,"turns":16.0},{"damage":26.0,"enemies":"3 Darklings","floor":35.0,"turns":7.0},{"damage":0.0,"enemies":"3 Shapes","floor":36.0,"turns":3.0},{"damage":87,"enemies":"Transient","floor":38,"turns":5}],"seed_played":"-7720950511546665838","potions_obtained":[{"floor":1.0,"key":"Fire Potion"},{"floor":10.0,"key":"EssenceOfSteel"},{"floor":11.0,"key":"LiquidBronze"},{"floor":18.0,"key":"Poison Potion"},{"floor":19.0,"key":"SkillPotion"},{"floor":24.0,"key":"FearPotion"},{"floor":31.0,"key":"GamblersBrew"}],"is_trial":false,"path_per_floor":["M","M","?","M","$","R","E","M","T","E","?","$","M","M","R","B",null,"M","M","$","?","M","R","E","?","T","R","M","R","E","M","R","B",null,"M","M","?","M"],"character_chosen":"DEFECT","items_purchased":["Ball Lightning","Defragment"],"campfire_rested":3,"item_purchase_floors":[5,12],"current_hp_per_floor":[56,51,51,41,41,41,26,26,26,26,23,23,23,22,22,47,65,52,44,44,38,26,47,29,29,39,63,46,46,11,4,28,47,73,47,47,47,0],"gold":337,"neow_bonus":"THREE_RARE_CARDS","is_prod":false,"is_daily":false,"chose_seed":false,"campfire_upgraded":3,"win_rate":0,"timestamp":1564525780,"path_taken":["M","M","?","M","$","R","E","M","T","E","?","$","M","M","R","BOSS","M","M","$","?","M","R","E","?","T","R","M","R","E","M","R","BOSS","M","M","?","M"],"build_version":"2019-07-17","purchased_purges":2,"victory":false,"max_hp_per_floor":[71,71,71,71,71,71,71,71,71,71,71,71,71,71,71,71,71,71,71,71,71,71,71,71,71,81,81,81,81,81,81,81,81,81,81,81,81,81],"card_choices":[{"not_picked":["Seek","Multi-Cast"],"picked":"Buffer","floor":0.0},{"not_picked":["Chill","Streamline"],"picked":"Go for the Eyes","floor":1.0},{"not_picked":["White Noise","Rebound"],"picked":"Doom and Gloom","floor":2.0},{"not_picked":["Heatsinks","Coolheaded"],"picked":"Sunder","floor":4.0},{"not_picked":["Redo","Go for the Eyes"],"picked":"Steam","floor":7.0},{"not_picked":["Steam","Sweeping Beam"],"picked":"Rip and Tear","floor":8.0},{"not_picked":["Capacitor","Reprogram"],"picked":"Leap","floor":10.0},{"not_picked":["Rebound","Leap"],"picked":"Creative AI","floor":13.0},{"not_picked":["Redo","Stack"],"picked":"Conserve Battery","floor":14.0},{"not_picked":["Hyperbeam","Buffer"],"picked":"Biased Cognition","floor":16.0},{"not_picked":["Steam Power","Streamline"],"picked":"FTL","floor":18.0},{"not_picked":["Stack","Ball Lightning"],"picked":"BootSequence","floor":19.0},{"not_picked":["Rebound","Stack"],"picked":"Coolheaded","floor":22.0},{"not_picked":["Go for the Eyes","Capacitor"],"picked":"Undo+1","floor":24.0},{"not_picked":["Hello World","Turbo","Stack"],"picked":"SKIP","floor":28.0},{"not_picked":["Rainbow","Melter"],"picked":"Amplify","floor":30.0},{"not_picked":["Fusion","Turbo+1","Rebound"],"picked":"SKIP","floor":31.0},{"not_picked":["Reboot","Multi-Cast"],"picked":"Echo Form","floor":33.0},{"not_picked":["Cold Snap","Gash"],"picked":"Fusion","floor":35.0},{"not_picked":["Skim","Amplify","White Noise"],"picked":"SKIP","floor":36.0}],"player_experience":405009,"relics_obtained":[{"floor":7.0,"key":"Pantograph"},{"floor":9.0,"key":"Bronze Scales"},{"floor":10.0,"key":"Bag of Marbles"},{"floor":11.0,"key":"Odd Mushroom"},{"floor":24.0,"key":"Gambling Chip"},{"floor":26.0,"key":"Pear"},{"floor":30.0,"key":"Kunai"}],"event_choices":[{"damage_healed":0.0,"max_hp_gain":0.0,"max_hp_loss":0.0,"gold_gain":0.0,"event_name":"Liars Game","player_choice":"Ignored","floor":3.0,"gold_loss":0.0,"damage_taken":0.0},{"damage_healed":0.0,"max_hp_gain":0.0,"max_hp_loss":0.0,"gold_gain":0.0,"event_name":"Mushrooms","player_choice":"Fought Mushrooms","floor":11.0,"gold_loss":0.0,"damage_taken":0.0},{"damage_healed":0.0,"max_hp_gain":0.0,"max_hp_loss":0.0,"gold_gain":0.0,"event_name":"Nest","player_choice":"Joined the Cult","floor":21.0,"gold_loss":0.0,"damage_taken":6.0,"cards_obtained":["RitualDagger"]},{"damage_healed":0.0,"max_hp_gain":0.0,"max_hp_loss":0.0,"gold_gain":0.0,"event_name":"N\u0027loth","player_choice":"Traded Relic","floor":25.0,"relics_lost":["Bag of Marbles"],"gold_loss":0.0,"damage_taken":0.0,"relics_obtained":["Nloth\u0027s Gift"]},{"damage_healed":0.0,"max_hp_gain":0.0,"max_hp_loss":0.0,"gold_gain":0.0,"event_name":"SecretPortal","player_choice":"Ignored","floor":37.0,"gold_loss":0.0,"damage_taken":0.0}],"is_beta":false,"boss_relics":[{"not_picked":["Philosopher\u0027s Stone","Nuclear Battery"],"picked":"Inserter"},{"not_picked":["Lizard Tail","Runic Dome"],"picked":"Black Star"}],"items_purged_floors":[5,20],"is_endless":false,"potions_floor_spawned":[1,10,11,13,18,19,24,31],"killed_by":"Transient","ascension_level":17}