{"gold_per_floor":[361,361,16,26,26,53,53,68,68,99,99,113,147,157,157,231,231,247,258,29,48,68,98,23,23,23,54,67,85,96,124,124,197,197,213,264,0,11,11,36,36,70,70,86,100,100,100,116,116,116],"floor_reached":50,"playtime":7162,"items_purged":["Normality","Strike_G"],"score":1243,"play_id":"7e280b2d-4234-4181-9887-7d0eed82f107","local_time":"20190817131333","is_ascension_mode":true,"campfire_choices":[{"data":"A Thousand Cuts","floor":7.0,"key":"SMITH"},{"floor":11.0,"key":"REST"},{"data":"Blade Dance","floor":15.0,"key":"SMITH"},{"data":"Envenom","floor":32.0,"key":"SMITH"},{"floor":41.0,"key":"REST"},{"floor":46.0,"key":"REST"},{"floor":49,"key":"RECALL"}],"neow_cost":"CURSE","seed_source_timestamp":31579158440700,"circlet_count":0,"master_deck":["AscendersBane","Strike_G","Strike_G","Strike_G","Defend_G","Defend_G","Defend_G","Defend_G+1","Survivor","Neutralize","Blade Dance+1","A Thousand Cuts+1","Blade Dance+1","Neutralize","Backstab","Finesse","Blade Dance","Footwork","Quick Slash+1","Backstab+1","Finisher+1","Envenom+1","Finisher+1","Finisher+1","Well Laid Plans","Cloak And Dagger","Blade Dance+1","Footwork+1","PiercingWail","Leg Sweep","Calculated Gamble+1","Calculated Gamble"],"special_seed":0,"relics":["Ring of the Snake","Vajra","Molten Egg 2","Blood Vial","Strawberry","Centennial Puzzle","Busted Crown","Potion Belt","Bird Faced Urn","Frozen Egg 2","War Paint","Runic Pyramid","StoneCalendar","Red Mask","Blue Candle","Singing Bowl"],"potions_floor_usage":[50],"damage_taken":[{"damage":3.0,"enemies":"2 Louse","floor":1.0,"turns":4.0},{"damage":0.0,"enemies":"Cultist","floor":4.0,"turns":2.0},{"damage":10.0,"enemies":"Lagavulin","floor":6.0,"turns":7.0},{"damage":8.0,"enemies":"Jaw Worm","floor":8.0,"turns":2.0},{"damage":11.0,"enemies":"Gremlin Nob","floor":10.0,"turns":3.0},{"damage":0.0,"enemies":"Lots of Slimes","floor":12.0,"turns":3.0},{"damage":4.0,"enemies":"3 Sentries","floor":13.0,"turns":6.0},{"damage":0.0,"enemies":"Red Slaver","floor":14.0,"turns":1.0},{"damage":6.0,"enemies":"The Guardian","floor":16.0,"turns":9.0},{"damage":0.0,"enemies":"3 Byrds","floor":18.0,"turns":2.0},{"damage":0.0,"enemies":"Chosen","floor":19.0,"turns":2.0},{"damage":0.0,"enemies":"Shelled Parasite and Fungi","floor":21.0,"turns":3.0},{"damage":0.0,"enemies":"Cultist and Chosen","floor":22.0,"turns":2.0},{"damage":0.0,"enemies":"Gremlin Leader","floor":23.0,"turns":4.0},{"damage":2.0,"enemies":"Slavers","floor":27.0,"turns":4.0},{"damage":0.0,"enemies":"Snecko","floor":28.0,"turns":2.0},{"damage":1.0,"enemies":"Sentry and Sphere","floor":29.0,"turns":4.0},{"damage":0.0,"enemies":"Snake Plant","floor":30.0,"turns":1.0},{"damage":10.0,"enemies":"Gremlin Leader","floor":31.0,"turns":4.0},{"damage":52.0,"enemies":"Collector","floor":33.0,"turns":8.0},{"damage":0.0,"enemies":"3 Darklings","floor":35.0,"turns":4.0},{"damage":7.0,"enemies":"2 Orb Walkers","floor":36.0,"turns":2.0},{"damage":1.0,"enemies":"3 Shapes","floor":38.0,"turns":3.0},{"damage":43.0,"enemies":"Giant Head","floor":40.0,"turns":8.0},{"damage":48.0,"enemies":"Reptomancer","floor":42.0,"turns":7.0},{"damage":3.0,"enemies":"Sphere and 2 Shapes","floor":44.0,"turns":7.0},{"damage":7.0,"enemies":"Maw","floor":45.0,"turns":7.0},{"damage":15,"enemies":"Transient","floor":48,"turns":6},{"damage":82,"enemies":"Time Eater","floor":50,"turns":12}],"seed_played":"-5553294004193955344","potions_obtained":[{"floor":4.0,"key":"Block Potion"},{"floor":10.0,"key":"SpeedPotion"},{"floor":13.0,"key":"Fire Potion"},{"floor":18.0,"key":"GhostInAJar"},{"floor":19.0,"key":"Energy Potion"},{"floor":22.0,"key":"Ancient Potion"},{"floor":28.0,"key":"AttackPotion"},{"floor":33.0,"key":"Block Potion"},{"floor":38.0,"key":"SpeedPotion"},{"floor":45.0,"key":"Swift Potion"}],"is_trial":false,"path_per_floor":["M","?","$","M","?","E","R","M","T","E","R","M","E","M","R","B",null,"M","M","$","M","M","E","?","?","T","E","M","M","M","E","R","B",null,"M","?","?","M","$","E","R","E","T","M","M","R","?","M","R","B"],"character_chosen":"THE_SILENT","items_purchased":["Vajra","Finesse","Well Laid Plans","Cloak And Dagger"],"campfire_rested":3,"item_purchase_floors":[3,3,20,20],"current_hp_per_floor":[56,56,56,56,56,46,46,38,38,36,57,59,57,59,59,55,69,71,73,73,73,73,73,73,52,52,58,60,69,71,67,67,27,65,75,73,73,78,78,35,58,24,24,35,42,67,67,60,60,0],"gold":116,"neow_bonus":"TWO_FIFTY_GOLD","is_prod":false,"is_daily":false,"chose_seed":false,"campfire_upgraded":3,"win_rate":0,"timestamp":1566040413,"path_taken":["M","?","$","?","?","E","R","?","T","E","R","M","E","M","R","BOSS","M","M","$","M","M","E","?","?","T","E","M","M","M","E","R","BOSS","M","?","?","M","?","E","R","E","T","M","?","R","?","M","R","BOSS"],"build_version":"2019-07-17","purchased_purges":2,"victory":false,"max_hp_per_floor":[66,66,66,66,66,66,66,66,66,73,73,73,73,73,73,73,73,73,73,73,73,73,73,73,78,78,78,78,78,78,78,78,78,78,78,78,78,78,78,78,78,80,80,82,84,84,80,80,80,80],"card_choices":[{"not_picked":["Prepared","Outmaneuver"],"picked":"Blade Dance","floor":1.0},{"not_picked":["Deadly Poison","Caltrops"],"picked":"Blade Dance","floor":4.0},{"not_picked":["Leg Sweep","A Thousand Cuts"],"picked":"Footwork","floor":6.0},{"not_picked":["Dagger Spray+1","Prepared"],"picked":"Quick Slash+1","floor":8.0},{"not_picked":["Quick Slash+1","Acrobatics","Expertise"],"picked":"SKIP","floor":10.0},{"not_picked":["Sucker Punch+1","Dagger Spray+1"],"picked":"Backstab+1","floor":12.0},{"not_picked":["Outmaneuver","Underhanded Strike+1","Bouncing Flask"],"picked":"SKIP","floor":13.0},{"not_picked":["Quick Slash+1","Riddle With Holes+1"],"picked":"Finisher+1","floor":14.0},{"not_picked":["A Thousand Cuts","Glass Knife+1"],"picked":"Envenom","floor":16.0},{"not_picked":[],"picked":"Finisher+1","floor":18.0},{"not_picked":[],"picked":"Finisher+1","floor":19.0},{"not_picked":["Dagger Throw+1"],"picked":"SKIP","floor":21.0},{"not_picked":[],"picked":"Blade Dance+1","floor":22.0},{"not_picked":["Bane+1"],"picked":"SKIP","floor":23.0},{"not_picked":["Blade Dance"],"picked":"SKIP","floor":27.0},{"not_picked":["Quick Slash+1"],"picked":"SKIP","floor":28.0},{"not_picked":["Flying Knee+1"],"picked":"SKIP","floor":29.0},{"not_picked":[],"picked":"Footwork+1","floor":30.0},{"not_picked":[],"picked":"PiercingWail","floor":31.0},{"not_picked":[],"picked":"Leg Sweep","floor":35.0},{"not_picked":[],"picked":"Calculated Gamble+1","floor":36.0},{"not_picked":["Outmaneuver"],"picked":"SKIP","floor":38.0},{"not_picked":["Dagger Throw+1"],"picked":"SKIP","floor":40.0},{"not_picked":["Bouncing Flask"],"picked":"Singing Bowl","floor":42.0},{"not_picked":["Sucker Punch+1"],"picked":"Singing Bowl","floor":44.0},{"not_picked":["Slice+1"],"picked":"Singing Bowl","floor":45.0},{"not_picked":[],"picked":"Calculated Gamble","floor":48}],"player_experience":1075966,"relics_obtained":[{"floor":6.0,"key":"Molten Egg 2"},{"floor":9.0,"key":"Blood Vial"},{"floor":10.0,"key":"Strawberry"},{"floor":13.0,"key":"Centennial Puzzle"},{"floor":23.0,"key":"Potion Belt"},{"floor":26.0,"key":"Bird Faced Urn"},{"floor":27.0,"key":"Frozen Egg 2"},{"floor":31.0,"key":"War Paint"},{"floor":36.0,"key":"StoneCalendar"},{"floor":40.0,"key":"Blue Candle"},{"floor":42.0,"key":"Singing Bowl"}],"event_choices":[{"damage_healed":0.0,"max_hp_gain":0.0,"max_hp_loss":0.0,"gold_gain":0.0,"event_name":"Match and Keep!","player_choice":"4 cards matched","floor":2.0,"gold_loss":0.0,"damage_taken":0.0,"cards_obtained":["A Thousand Cuts","Blade Dance","Neutralize","Backstab"]},{"cards_removed":["Defend_G"],"damage_healed":0.0,"max_hp_gain":0.0,"max_hp_loss":0.0,"gold_gain":0.0,"event_name":"Purifier","player_choice":"Purged","floor":5.0,"gold_loss":0.0,"damage_taken":0.0},{"cards_removed":["Strike_G"],"damage_healed":0.0,"max_hp_gain":0.0,"max_hp_loss":0.0,"gold_gain":0.0,"event_name":"Beggar","player_choice":"Gave Gold","floor":24.0,"gold_loss":75.0,"damage_taken":0.0},{"damage_healed":0.0,"max_hp_gain":5.0,"max_hp_loss":0.0,"gold_gain":0.0,"event_name":"Forgotten Altar","player_choice":"Shed Blood","floor":25.0,"gold_loss":0.0,"damage_taken":26.0},{"damage_healed":0.0,"max_hp_gain":0.0,"max_hp_loss":0.0,"gold_gain":0.0,"event_name":"Mysterious Sphere","player_choice":"Fight","floor":36.0,"gold_loss":0.0,"damage_taken":0.0},{"damage_healed":0.0,"max_hp_gain":0.0,"max_hp_loss":0.0,"gold_gain":0.0,"event_name":"Tomb of Lord Red Mask","player_choice":"Paid","floor":37.0,"gold_loss":264.0,"damage_taken":0.0,"relics_obtained":["Red Mask"]},{"damage_healed":0.0,"max_hp_gain":0.0,"max_hp_loss":4.0,"gold_gain":0.0,"event_name":"Winding Halls","player_choice":"Max HP","floor":47.0,"gold_loss":0.0,"damage_taken":0.0}],"is_beta":false,"boss_relics":[{"not_picked":["HoveringKite","Velvet Choker"],"picked":"Busted Crown"},{"not_picked":["Lizard Tail","Tiny House"],"picked":"Runic Pyramid"}],"items_purged_floors":[3,20],"is_endless":false,"potions_floor_spawned":[4,10,13,14,18,19,22,28,33,38,45],"killed_by":"Time Eater","ascension_level":20}