{"gold_per_floor":[115,115,115,126,144,174,174,191,191,219,235,125,25,37,37,134,134,89,89,4,4],"floor_reached":21,"playtime":853,"items_purged":["Strike_B","Strike_B"],"score":267,"play_id":"46f6bf6b-e98d-4a12-8987-db0a9b339ab8","local_time":"20190606232702","is_ascension_mode":true,"campfire_choices":[{"data":"Coolheaded","floor":7,"key":"SMITH"},{"floor":15,"key":"REST"}],"neow_cost":"NONE","seed_source_timestamp":50988237567065,"circlet_count":0,"master_deck":["Strike_B","Strike_B+1","Defend_B","Defend_B","Defend_B","Defend_B","Zap+1","Dualcast","Coolheaded+1","Conserve Battery","Sunder","Gash","Ball Lightning","Coolheaded","Static Discharge","Conserve Battery","Seek","Gash"],"relics":["Cracked Core","Kunai","Ornamental Fan","Bag of Marbles","Ectoplasm","Lantern"],"potions_floor_usage":[6,10,21,21],"damage_taken":[{"damage":1,"enemies":"Cultist","floor":1,"turns":3},{"damage":0,"enemies":"2 Louse","floor":4,"turns":2},{"damage":5,"enemies":"Small Slimes","floor":5,"turns":3},{"damage":14,"enemies":"3 Sentries","floor":6,"turns":10},{"damage":4,"enemies":"2 Fungi Beasts","floor":8,"turns":3},{"damage":4,"enemies":"Gremlin Nob","floor":10,"turns":4},{"damage":12,"enemies":"3 Louse","floor":11,"turns":3},{"damage":16,"enemies":"Exordium Thugs","floor":14,"turns":4},{"damage":8,"enemies":"Slime Boss","floor":16,"turns":10},{"damage":8,"enemies":"2 Thieves","floor":18,"turns":4},{"damage":6,"enemies":"Chosen","floor":19,"turns":6},{"damage":0,"enemies":"Colosseum Slavers","floor":21,"turns":3},{"damage":57,"enemies":"Colosseum Nobs","floor":21,"turns":5}],"seed_played":"845468218581753617","potions_obtained":[{"floor":3,"key":"EssenceOfSteel"},{"floor":3,"key":"SneckoOil"},{"floor":3,"key":"PowerPotion"},{"floor":6,"key":"PowerPotion"},{"floor":8,"key":"Ancient Potion"},{"floor":14,"key":"FearPotion"}],"is_trial":false,"path_per_floor":["M","?","?","M","M","E","R","M","T","E","M","$","$","M","R","B",null,"M","M","?","?"],"character_chosen":"DEFECT","items_purchased":["Static Discharge"],"campfire_rested":1,"item_purchase_floors":[12],"current_hp_per_floor":[74,58,58,58,53,39,39,35,35,31,19,19,19,3,27,19,66,58,52,52,0],"gold":4,"neow_bonus":"TEN_PERCENT_HP_BONUS","is_prod":false,"is_daily":false,"chose_seed":false,"campfire_upgraded":1,"win_rate":0,"timestamp":1559878022,"path_taken":["M","?","?","?","?","E","R","M","T","E","M","?","$","M","R","BOSS","M","?","?","?"],"build_version":"2019-01-23","purchased_purges":2,"victory":false,"max_hp_per_floor":[82,82,82,82,82,82,82,82,82,82,82,82,82,82,82,82,82,82,82,82,82],"card_choices":[{"not_picked":["Go for the Eyes","Streamline"],"picked":"Coolheaded","floor":1},{"not_picked":["Scrape","Beam Cell","Leap"],"picked":"SKIP","floor":4},{"not_picked":["Turbo","White Noise"],"picked":"Conserve Battery","floor":5},{"not_picked":["Melter","Reprogram"],"picked":"Sunder","floor":6},{"not_picked":["Blizzard","Cold Snap"],"picked":"Gash","floor":8},{"not_picked":["Tempest","Streamline"],"picked":"Ball Lightning","floor":10},{"not_picked":["Barrage","Reboot"],"picked":"Coolheaded","floor":11},{"not_picked":["Steam","Streamline"],"picked":"Conserve Battery","floor":14},{"not_picked":["Thunder Strike","Reboot"],"picked":"Seek","floor":16},{"not_picked":["Redo","Steam"],"picked":"Gash","floor":18},{"not_picked":["Aggregate","Turbo+1","Tempest"],"picked":"SKIP","floor":19}],"player_experience":582865,"relics_obtained":[{"floor":6,"key":"Kunai"},{"floor":9,"key":"Ornamental Fan"},{"floor":10,"key":"Bag of Marbles"}],"event_choices":[{"damage_healed":0,"gold_gain":0,"player_choice":"Entered Light","damage_taken":16,"max_hp_gain":0,"max_hp_loss":0,"event_name":"Shining Light","floor":2,"gold_loss":0,"cards_upgraded":["Zap","Strike_B"]},{"damage_healed":0,"gold_gain":0,"player_choice":"Got Potions","damage_taken":0,"max_hp_gain":0,"max_hp_loss":0,"event_name":"Lab","floor":3,"gold_loss":0},{"damage_healed":0,"gold_gain":0,"player_choice":"Obtained Relic","damage_taken":0,"relics_obtained":["Lantern"],"max_hp_gain":0,"max_hp_loss":0,"event_name":"Addict","floor":20,"gold_loss":85},{"damage_healed":0,"gold_gain":0,"player_choice":"Fight","damage_taken":0,"max_hp_gain":0,"max_hp_loss":0,"event_name":"Colosseum","floor":21,"gold_loss":0},{"damage_healed":0,"gold_gain":0,"player_choice":"Fought Nobs","damage_taken":0,"max_hp_gain":0,"max_hp_loss":0,"event_name":"Colosseum","floor":21,"gold_loss":0}],"is_beta":false,"boss_relics":[{"not_picked":["Empty Cage","Pandora\u0027s Box"],"picked":"Ectoplasm"}],"items_purged_floors":[12,13],"is_endless":false,"potions_floor_spawned":[6,8,14,16,19,21],"killed_by":"Colosseum Nobs","ascension_level":8}