{"gold_per_floor":[113,126,143,154,154,154,180,180,251,306,317,282,11,11,11,113,113,125,138,158,158,172,172,191,225,274,309,69,69,69,96,96,194,194,207,218,293,293,306,306,335,353,353,353,353,353,124,0,0,0,0,0,0,25,25],"floor_reached":55,"playtime":3776,"items_purged":["Strike_G"],"score":966,"play_id":"164e1586-2664-406f-accb-b5ede70b0ddc","local_time":"20190607110311","is_ascension_mode":true,"campfire_choices":[{"data":"Finisher","floor":6.0,"key":"SMITH"},{"data":"Dagger Spray","floor":8.0,"key":"SMITH"},{"data":"Caltrops","floor":15.0,"key":"SMITH"},{"floor":23.0,"key":"RECALL"},{"floor":30,"key":"REST"},{"data":"Corpse Explosion","floor":32,"key":"SMITH"},{"data":"A Thousand Cuts","floor":40,"key":"SMITH"},{"data":"Burst","floor":44,"key":"SMITH"},{"data":"Corpse Explosion","floor":49,"key":"SMITH"},{"data":"Leg Sweep","floor":52,"key":"SMITH"}],"neow_cost":"NONE","seed_source_timestamp":0,"circlet_count":0,"master_deck":["Defend_G","Defend_G","Defend_G","Defend_G","Defend_G","Strike_G","Strike_G","Strike_G","Strike_G","Survivor","Neutralize+1","Quick Slash","PiercingWail","Finisher+1","Footwork","Dagger Spray+1","Dodge and Roll+1","Burst+1","Caltrops+1","Venomology","Leg Sweep+1","Backflip+1","Bouncing Flask+1","Outmaneuver+1","Night Terror","Dash+1","Corpse Explosion+1","A Thousand Cuts+1","Caltrops+1","Predator+1","Crippling Poison+1","Corpse Explosion+1","Catalyst+1","Corpse Explosion+1","Choke+1"],"special_seed":0,"relics":["Ring of the Snake","Bird Faced Urn","Mummified Hand","Tiny Chest","Sling","Snecko Eye","Dodecahedron","Juzu Bracelet","Gremlin Horn","CultistMask","Shuriken","White Beast Statue","Question Card","Letter Opener","Pear","Art of War","Red Mask","Bottled Tornado"],"potions_floor_usage":[27,31,31,33,35,36,39,41,41,42,50,50,50,55,55,55],"damage_taken":[{"damage":0.0,"enemies":"2 Louse","floor":1.0,"turns":2.0},{"damage":0.0,"enemies":"Cultist","floor":2.0,"turns":4.0},{"damage":0.0,"enemies":"Small Slimes","floor":3.0,"turns":5.0},{"damage":1.0,"enemies":"2 Fungi Beasts","floor":4.0,"turns":4.0},{"damage":22.0,"enemies":"Lagavulin","floor":7.0,"turns":6.0},{"damage":22.0,"enemies":"3 Sentries","floor":10.0,"turns":7.0},{"damage":0.0,"enemies":"Blue Slaver","floor":11.0,"turns":4.0},{"damage":1.0,"enemies":"The Guardian","floor":16.0,"turns":14.0},{"damage":1.0,"enemies":"Chosen","floor":18.0,"turns":6.0},{"damage":3.0,"enemies":"Shell Parasite","floor":19.0,"turns":10.0},{"damage":14.0,"enemies":"Shelled Parasite and Fungi","floor":20.0,"turns":8.0},{"damage":0.0,"enemies":"Centurion and Healer","floor":22.0,"turns":5.0},{"damage":7.0,"enemies":"Snake Plant","floor":24.0,"turns":4.0},{"damage":2.0,"enemies":"Gremlin Leader","floor":25.0,"turns":6.0},{"damage":41,"enemies":"Slavers","floor":27,"turns":9},{"damage":12,"enemies":"Book of Stabbing","floor":31,"turns":7},{"damage":40,"enemies":"Collector","floor":33,"turns":9},{"damage":0,"enemies":"Orb Walker","floor":35,"turns":4},{"damage":0,"enemies":"3 Darklings","floor":36,"turns":3},{"damage":0,"enemies":"4 Shapes","floor":39,"turns":5},{"damage":0,"enemies":"Reptomancer","floor":41,"turns":4},{"damage":0,"enemies":"Transient","floor":42,"turns":5},{"damage":31,"enemies":"Donu and Deca","floor":50,"turns":5},{"damage":36,"enemies":"Shield and Spear","floor":54,"turns":3},{"damage":114,"enemies":"The Heart","floor":55,"turns":3}],"seed_played":"7578687195547433703","potions_obtained":[{"floor":2.0,"key":"SkillPotion"},{"floor":4.0,"key":"FearPotion"},{"floor":11.0,"key":"SpeedPotion"},{"floor":16.0,"key":"SpeedPotion"},{"floor":19.0,"key":"Weak Potion"},{"floor":21.0,"key":"Fruit Juice"},{"floor":22.0,"key":"Block Potion"},{"floor":25.0,"key":"GamblersBrew"},{"floor":35,"key":"PowerPotion"},{"floor":36,"key":"Explosive Potion"},{"floor":39,"key":"PowerPotion"},{"floor":41,"key":"SpeedPotion"},{"floor":42,"key":"Poison Potion"},{"floor":54,"key":"LiquidBronze"}],"is_trial":false,"path_per_floor":["M","M","M","M","?","R","E","R","T","E","M","?","$","?","R","B",null,"M","M","M","?","M","R","M","E","T","E","$","?","R","E","R","B",null,"M","M","T","?","M","R","E","M","T","R","?","?","$","?","R","B",null,"R","$","E","B"],"character_chosen":"THE_SILENT","items_purchased":["Caltrops","Sling","Gremlin Horn","Art of War"],"campfire_rested":1,"item_purchase_floors":[13,13,28,47],"current_hp_per_floor":[77,77,77,76,76,76,54,54,54,34,36,55,55,55,55,58,77,77,77,65,65,74,74,69,69,69,32,32,32,56,48,48,12,82,82,82,82,82,82,82,82,82,92,92,92,92,92,92,92,65,92,92,92,56,0],"gold":25,"neow_bonus":"TEN_PERCENT_HP_BONUS","is_prod":false,"is_daily":false,"chose_seed":false,"campfire_upgraded":8,"win_rate":0,"timestamp":1559923391,"path_taken":["M","M","M","M","?","R","E","R","T","E","?","?","$","?","R","BOSS","M","M","M","?","M","R","?","E","T","E","$","?","R","E","R","BOSS","M","M","?","?","M","R","E","M","T","R","?","?","?","?","R","BOSS","R","$","E","BOSS"],"build_version":"2019-01-23","purchased_purges":1,"victory":false,"max_hp_per_floor":[77,77,77,77,77,77,77,77,77,77,77,77,77,77,77,77,77,77,77,77,77,82,82,82,82,82,82,82,82,82,82,82,82,82,82,82,82,82,82,82,82,82,92,92,92,92,92,92,92,92,92,92,92,92,92],"card_choices":[{"not_picked":["Calculated Gamble","Blur"],"picked":"Quick Slash","floor":1.0},{"not_picked":["Cloak And Dagger","Reflex"],"picked":"PiercingWail","floor":2.0},{"not_picked":["Poisoned Stab","Slice"],"picked":"Finisher","floor":3.0},{"not_picked":["Poisoned Stab","Outmaneuver"],"picked":"Footwork","floor":4.0},{"not_picked":["Catalyst","Deflect"],"picked":"Dagger Spray","floor":7.0},{"not_picked":["Reflex","Terror"],"picked":"Dodge and Roll","floor":10.0},{"not_picked":["Cloak And Dagger","Flying Knee"],"picked":"Burst","floor":11.0},{"not_picked":["Grand Finale","Unload"],"picked":"Venomology","floor":16.0},{"not_picked":["Poisoned Stab","Concentrate"],"picked":"Leg Sweep","floor":18.0},{"not_picked":["Slice","Poisoned Stab"],"picked":"Backflip+1","floor":19.0},{"not_picked":["Backflip","Deflect","Dagger Throw"],"picked":"SKIP","floor":20.0},{"not_picked":["Infinite Blades","Concentrate"],"picked":"Bouncing Flask+1","floor":22.0},{"not_picked":["Quick Slash+1","Poisoned Stab"],"picked":"Outmaneuver+1","floor":24.0},{"not_picked":["Dagger Throw+1","Blade Dance+1"],"picked":"Night Terror","floor":25.0},{"not_picked":["Quick Slash","Backflip"],"picked":"Dash+1","floor":27},{"not_picked":["Dash","Cloak And Dagger"],"picked":"Corpse Explosion","floor":31},{"not_picked":["Bullet Time","Burst"],"picked":"A Thousand Cuts","floor":33},{"not_picked":["Underhanded Strike","Poisoned Stab"],"picked":"Caltrops+1","floor":35},{"not_picked":["Distraction+1","Prepared+1"],"picked":"Predator+1","floor":36},{"not_picked":["Cloak And Dagger","Acrobatics+1","Sucker Punch+1"],"picked":"Crippling Poison+1","floor":39},{"not_picked":["Bane+1","Endless Agony+1","Predator+1"],"picked":"Corpse Explosion","floor":41},{"not_picked":["Distraction","Setup","Dagger Throw"],"picked":"Catalyst+1","floor":42},{"not_picked":["Dagger Throw+1","Heel Hook","Poisoned Stab+1"],"picked":"Choke+1","floor":54}],"player_experience":111310,"relics_obtained":[{"floor":7.0,"key":"Bird Faced Urn"},{"floor":9.0,"key":"Mummified Hand"},{"floor":10.0,"key":"Tiny Chest"},{"floor":25.0,"key":"Dodecahedron"},{"floor":27,"key":"Juzu Bracelet"},{"floor":31,"key":"Shuriken"},{"floor":37,"key":"Question Card"},{"floor":41,"key":"Letter Opener"},{"floor":43,"key":"Pear"},{"floor":54,"key":"Bottled Tornado"}],"event_choices":[{"damage_healed":0.0,"max_hp_gain":0.0,"max_hp_loss":0.0,"gold_gain":0.0,"event_name":"Upgrade Shrine","player_choice":"Upgraded","floor":5.0,"gold_loss":0.0,"damage_taken":0.0,"cards_upgraded":["Neutralize"]},{"damage_healed":19.0,"max_hp_gain":0.0,"max_hp_loss":0.0,"gold_gain":0.0,"event_name":"The Cleric","player_choice":"Healed","floor":12.0,"gold_loss":35.0,"damage_taken":0.0},{"damage_healed":0.0,"max_hp_gain":0.0,"max_hp_loss":0.0,"gold_gain":0.0,"event_name":"Living Wall","player_choice":"Grow","floor":14.0,"gold_loss":0.0,"damage_taken":0.0,"cards_upgraded":["Dodge and Roll"]},{"damage_healed":0.0,"max_hp_gain":0.0,"max_hp_loss":0.0,"gold_gain":0.0,"event_name":"Lab","player_choice":"Got Potions","floor":21.0,"gold_loss":0.0,"damage_taken":0.0},{"damage_healed":0,"gold_gain":0,"player_choice":"Trade","damage_taken":0,"relics_obtained":["CultistMask"],"max_hp_gain":0,"max_hp_loss":0,"event_name":"FaceTrader","floor":29,"gold_loss":0},{"damage_healed":0,"gold_gain":0,"player_choice":"0 cards matched","damage_taken":0,"max_hp_gain":0,"max_hp_loss":0,"event_name":"Match and Keep!","floor":38,"gold_loss":0,"cards_obtained":[]},{"damage_healed":0,"gold_gain":0,"player_choice":"Memory 1","damage_taken":0,"max_hp_gain":0,"max_hp_loss":0,"event_name":"SensoryStone","floor":45,"gold_loss":0},{"damage_healed":0,"gold_gain":0,"player_choice":"Copied","damage_taken":0,"max_hp_gain":0,"max_hp_loss":0,"event_name":"Duplicator","floor":46,"gold_loss":0,"cards_obtained":["Corpse Explosion"]},{"damage_healed":0,"gold_gain":0,"player_choice":"Paid","damage_taken":0,"relics_obtained":["Red Mask"],"max_hp_gain":0,"max_hp_loss":0,"event_name":"Tomb of Lord Red Mask","floor":48,"gold_loss":124}],"is_beta":false,"boss_relics":[{"not_picked":["Velvet Choker","Philosopher\u0027s Stone"],"picked":"Snecko Eye"},{"not_picked":["Orrery","Lizard Tail"],"picked":"White Beast Statue"}],"items_purged_floors":[47],"is_endless":false,"potions_floor_spawned":[2,4,11,16,19,22,25,35,36,39,41,42,54],"killed_by":"The Heart","ascension_level":4}