{"gold_per_floor":[109,109,109,125,300,330,16,16,16,16,29,29,49,59,59,154,154,169,180,180,130,150,177,177,188,188,588,622,622,634,707,707,707],"floor_reached":33,"playtime":1776,"items_purged":["Doubt"],"score":349,"play_id":"ae5e3b86-629a-4b64-8598-b38f3ec337ce","local_time":"20190722150709","is_ascension_mode":true,"campfire_choices":[{"data":"Double Tap","floor":8,"key":"SMITH"},{"data":"Perfected Strike","floor":12,"key":"SMITH"},{"data":"Fire Breathing","floor":15,"key":"SMITH"},{"data":"Flame Barrier","floor":24,"key":"SMITH"},{"data":"Juggernaut","floor":29,"key":"SMITH"},{"data":"Pommel Strike","floor":32,"key":"SMITH"}],"neow_cost":"NONE","seed_source_timestamp":963171300943762,"circlet_count":0,"master_deck":["Strike_R","Strike_R+1","Strike_R","Strike_R","Strike_R","Defend_R","Defend_R","Bash+1","Metallicize","Perfected Strike+1","Double Tap+1","Pommel Strike+1","Flame Barrier+1","Fire Breathing+1","Juggernaut+1","Flex+1","Pommel Strike+1","Twin Strike","Entrench","Twin Strike+1","Perfected Strike+1","Cleave+1","Twin Strike+1"],"relics":["Burning Blood","PreservedInsect","Self Forming Clay","Matryoshka","Potion Belt","Shuriken","Orichalcum","Ancient Tea Set","Empty Cage","Bronze Scales","Molten Egg 2","Old Coin","Gremlin Horn","Bottled Tornado","Pear"],"potions_floor_usage":[6,16,22,23,23,27,27,28,33,33],"damage_taken":[{"damage":5,"enemies":"Small Slimes","floor":1,"turns":3},{"damage":2,"enemies":"2 Louse","floor":4,"turns":4},{"damage":35,"enemies":"Lagavulin","floor":6,"turns":6},{"damage":0,"enemies":"Cultist","floor":11,"turns":3},{"damage":1,"enemies":"Looter","floor":13,"turns":3},{"damage":6,"enemies":"Blue Slaver","floor":14,"turns":2},{"damage":11,"enemies":"The Guardian","floor":16,"turns":6},{"damage":9,"enemies":"Spheric Guardian","floor":18,"turns":4},{"damage":28,"enemies":"3 Byrds","floor":19,"turns":5},{"damage":20,"enemies":"Centurion and Healer","floor":22,"turns":6},{"damage":18,"enemies":"Book of Stabbing","floor":23,"turns":3},{"damage":3,"enemies":"Shelled Parasite and Fungi","floor":25,"turns":3},{"damage":7,"enemies":"Colosseum Slavers","floor":27,"turns":3},{"damage":0,"enemies":"Colosseum Nobs","floor":27,"turns":3},{"damage":14,"enemies":"Slavers","floor":28,"turns":3},{"damage":0,"enemies":"Snecko","floor":30,"turns":2},{"damage":75,"enemies":"Champ","floor":33,"turns":6}],"seed_played":"-4873346653209573592","potions_obtained":[{"floor":1,"key":"SkillPotion"},{"floor":13,"key":"SkillPotion"},{"floor":14,"key":"FearPotion"},{"floor":22,"key":"EntropicBrew"},{"floor":23,"key":"SpeedPotion"}],"is_trial":false,"path_per_floor":["M","?","?","M","?","E","$","R","T","T","M","R","M","M","R","B",null,"M","M","?","?","M","E","R","M","T","?","E","R","M","T","R","B"],"character_chosen":"IRONCLAD","items_purchased":["Matryoshka"],"campfire_rested":0,"item_purchase_floors":[7],"current_hp_per_floor":[88,70,52,56,56,27,27,27,27,27,33,33,38,38,38,33,88,85,63,63,63,49,37,37,40,40,45,37,37,43,53,53,0],"gold":707,"neow_bonus":"TEN_PERCENT_HP_BONUS","is_prod":false,"is_daily":false,"chose_seed":false,"campfire_upgraded":6,"win_rate":0,"timestamp":1563826029,"path_taken":["M","?","?","M","?","E","$","R","T","?","M","R","M","M","R","BOSS","M","M","?","?","?","E","R","M","T","?","E","R","M","?","R","BOSS"],"build_version":"2019-07-17","purchased_purges":1,"victory":false,"max_hp_per_floor":[88,88,88,88,88,88,88,88,88,88,88,88,88,88,88,88,88,88,88,88,88,88,88,88,88,88,88,88,88,88,98,98,98],"card_choices":[{"not_picked":["Warcry","True Grit"],"picked":"Metallicize","floor":1},{"not_picked":["Thunderclap","Heavy Blade"],"picked":"Perfected Strike","floor":4},{"not_picked":["Combust","Iron Wave"],"picked":"Double Tap","floor":6},{"not_picked":["Sever Soul","Whirlwind"],"picked":"Pommel Strike","floor":11},{"not_picked":["Dual Wield","Headbutt"],"picked":"Flame Barrier","floor":13},{"not_picked":["Headbutt","Feel No Pain"],"picked":"Fire Breathing","floor":14},{"not_picked":["Berserk","Barricade"],"picked":"Juggernaut","floor":16},{"not_picked":["Shrug It Off","Pommel Strike"],"picked":"Flex+1","floor":18},{"not_picked":["Evolve","Warcry"],"picked":"Pommel Strike+1","floor":19},{"not_picked":["Rampage","Pommel Strike"],"picked":"Twin Strike","floor":22},{"not_picked":["Heavy Blade","Anger"],"picked":"Entrench","floor":23},{"not_picked":["Clash","Inflame"],"picked":"Twin Strike+1","floor":25},{"not_picked":["Shrug It Off","Heavy Blade+1"],"picked":"Perfected Strike+1","floor":27},{"not_picked":["Blood for Blood+1","Power Through"],"picked":"Cleave+1","floor":28},{"not_picked":["Sword Boomerang+1","Fire Breathing"],"picked":"Twin Strike+1","floor":30}],"player_experience":68076,"relics_obtained":[{"floor":6,"key":"Self Forming Clay"},{"floor":9,"key":"Potion Belt"},{"floor":9,"key":"Shuriken"},{"floor":10,"key":"Orichalcum"},{"floor":10,"key":"Ancient Tea Set"},{"floor":23,"key":"Bronze Scales"},{"floor":26,"key":"Molten Egg 2"},{"floor":27,"key":"Old Coin"},{"floor":27,"key":"Gremlin Horn"},{"floor":28,"key":"Bottled Tornado"},{"floor":31,"key":"Pear"}],"event_choices":[{"damage_healed":0,"gold_gain":0,"player_choice":"Success","damage_taken":18,"relics_obtained":["PreservedInsect"],"max_hp_gain":0,"max_hp_loss":0,"event_name":"Scrap Ooze","floor":2,"gold_loss":0},{"damage_healed":0,"gold_gain":0,"player_choice":"Entered Light","damage_taken":18,"max_hp_gain":0,"max_hp_loss":0,"event_name":"Shining Light","floor":3,"gold_loss":0,"cards_upgraded":["Strike_R","Bash"]},{"damage_healed":0,"gold_gain":175,"player_choice":"AGREE","damage_taken":0,"max_hp_gain":0,"max_hp_loss":0,"event_name":"Liars Game","floor":5,"gold_loss":0,"cards_obtained":["Doubt"]},{"damage_healed":0,"gold_gain":0,"player_choice":"Ignored","damage_taken":0,"max_hp_gain":0,"max_hp_loss":0,"event_name":"Ghosts","floor":20,"gold_loss":0},{"damage_healed":0,"gold_gain":0,"player_choice":"Bet on Owner","damage_taken":0,"max_hp_gain":0,"max_hp_loss":0,"event_name":"The Joust","floor":21,"gold_loss":50},{"damage_healed":0,"gold_gain":0,"player_choice":"Fight","damage_taken":0,"max_hp_gain":0,"max_hp_loss":0,"event_name":"Colosseum","floor":27,"gold_loss":0},{"damage_healed":0,"gold_gain":0,"player_choice":"Fought Nobs","damage_taken":0,"max_hp_gain":0,"max_hp_loss":0,"event_name":"Colosseum","floor":27,"gold_loss":0}],"is_beta":false,"boss_relics":[{"not_picked":["Philosopher\u0027s Stone","Snecko Eye"],"picked":"Empty Cage"}],"items_purged_floors":[7],"is_endless":false,"potions_floor_spawned":[1,13,14,22,23,27],"killed_by":"Champ","ascension_level":1}