{"gold_per_floor":[114,114,1,1,14,42,57,57,104,176,176,190,190,36,36,138,138,149,167,42,62,62,62,24,24,24,40,52,77,88,88,88,88],"floor_reached":33,"playtime":1585,"items_purged":["Strike_R","Strike_R","Strike_R"],"score":292,"play_id":"3edd02d9-ae53-481e-aca0-d7b81c8134cc","local_time":"20190725160132","is_ascension_mode":true,"campfire_choices":[{"data":"Bash","floor":8,"key":"SMITH"},{"floor":11,"key":"REST"},{"floor":15,"key":"REST"},{"floor":23,"key":"REST"},{"floor":25,"key":"REST"},{"floor":32,"key":"REST"}],"neow_cost":"TEN_PERCENT_HP_LOSS","seed_source_timestamp":150822433309658,"circlet_count":0,"master_deck":["Defend_R","Bash+1","Thunderclap","Sever Soul","Pummel","Spot Weakness","Power Through","Clash","Bloodletting+1","Shrug It Off","Offering","Cleave+1","Reckless Charge+1","Inflame","Iron Wave","Feel No Pain","Seeing Red","Decay"],"relics":["Burning Blood","Lantern","Anchor","Self Forming Clay","Empty Cage","Peace Pipe","Incense Burner"],"potions_floor_usage":[16,33,33,33],"damage_taken":[{"damage":11,"enemies":"Small Slimes","floor":1,"turns":5},{"damage":9,"enemies":"2 Louse","floor":5,"turns":3},{"damage":49,"enemies":"3 Sentries","floor":6,"turns":7},{"damage":0,"enemies":"Cultist","floor":7,"turns":2},{"damage":16,"enemies":"Exordium Thugs","floor":12,"turns":4},{"damage":57,"enemies":"The Guardian","floor":16,"turns":12},{"damage":26,"enemies":"2 Thieves","floor":18,"turns":5},{"damage":24,"enemies":"Shell Parasite","floor":19,"turns":3},{"damage":18,"enemies":"Snecko","floor":21,"turns":4},{"damage":16,"enemies":"3 Cultists","floor":27,"turns":4},{"damage":9,"enemies":"Centurion and Healer","floor":28,"turns":3},{"damage":22,"enemies":"Slavers","floor":29,"turns":5},{"damage":25,"enemies":"Shelled Parasite and Fungi","floor":30,"turns":5},{"damage":65,"enemies":"Automaton","floor":33,"turns":6}],"seed_played":"-4625894698779451792","potions_obtained":[{"floor":5,"key":"SteroidPotion"},{"floor":7,"key":"Regen Potion"},{"floor":12,"key":"Energy Potion"},{"floor":27,"key":"Ancient Potion"},{"floor":28,"key":"PowerPotion"}],"is_trial":false,"path_per_floor":["M","?","$","?","M","E","M","R","T","T","R","M","?","$","R","B",null,"M","M","$","M","?","R","$","R","T","M","M","E","M","?","R","B"],"character_chosen":"IRONCLAD","items_purchased":["Sever Soul","Shrug It Off","Inflame"],"campfire_rested":5,"item_purchase_floors":[3,14,24],"current_hp_per_floor":[67,67,67,72,69,26,32,32,32,32,53,43,43,43,64,28,72,52,34,34,22,22,43,43,64,64,54,51,35,16,16,37,0],"gold":88,"neow_bonus":"REMOVE_TWO","is_prod":false,"is_daily":false,"chose_seed":false,"campfire_upgraded":1,"win_rate":0,"timestamp":1564095692,"path_taken":["M","?","$","?","?","E","M","R","T","?","R","M","?","$","R","BOSS","M","M","$","M","?","R","$","R","T","?","M","E","M","?","R","BOSS"],"build_version":"2019-07-17","purchased_purges":3,"victory":false,"max_hp_per_floor":[72,72,72,72,72,72,72,72,72,72,72,72,72,72,72,72,72,72,72,72,72,72,72,72,72,72,72,72,72,72,72,72,72],"card_choices":[{"not_picked":["Hemokinesis","Armaments"],"picked":"Thunderclap","floor":1},{"not_picked":["Combust","Second Wind"],"picked":"Pummel","floor":5},{"not_picked":["Thunderclap","Infernal Blade"],"picked":"Spot Weakness","floor":6},{"not_picked":["Evolve","Bloodletting"],"picked":"Power Through","floor":7},{"not_picked":["Uppercut","Cleave"],"picked":"Clash","floor":12},{"not_picked":["Juggernaut","Berserk"],"picked":"Offering","floor":16},{"not_picked":["Flame Barrier","Flex"],"picked":"Cleave+1","floor":18},{"not_picked":["Corruption","Power Through+1","Body Slam"],"picked":"SKIP","floor":19},{"not_picked":["Carnage","Anger+1"],"picked":"Reckless Charge+1","floor":21},{"not_picked":["Pummel","Sword Boomerang"],"picked":"Iron Wave","floor":27},{"not_picked":["Cleave","Dark Embrace","Thunderclap"],"picked":"SKIP","floor":28},{"not_picked":["True Grit","Thunderclap"],"picked":"Feel No Pain","floor":29},{"not_picked":["Sentinel+1","Clash"],"picked":"Seeing Red","floor":30}],"player_experience":212479,"relics_obtained":[{"floor":6,"key":"Lantern"},{"floor":9,"key":"Anchor"},{"floor":10,"key":"Self Forming Clay"},{"floor":26,"key":"Peace Pipe"},{"floor":29,"key":"Incense Burner"}],"event_choices":[{"damage_healed":0,"gold_gain":0,"player_choice":"Ignored","damage_taken":0,"max_hp_gain":0,"max_hp_loss":0,"event_name":"Liars Game","floor":2,"gold_loss":0},{"damage_healed":5,"gold_gain":0,"player_choice":"Full Heal","damage_taken":0,"max_hp_gain":0,"max_hp_loss":0,"event_name":"Wheel of Change","floor":4,"gold_loss":0},{"damage_healed":0,"gold_gain":0,"cards_transformed":["Defend_R"],"player_choice":"Transformed","damage_taken":0,"max_hp_gain":0,"max_hp_loss":0,"event_name":"Transmorgrifier","floor":13,"gold_loss":0,"cards_obtained":["Bloodletting"]},{"damage_healed":0,"gold_gain":0,"player_choice":"Forge","damage_taken":0,"max_hp_gain":0,"max_hp_loss":0,"event_name":"Accursed Blacksmith","floor":22,"gold_loss":0,"cards_upgraded":["Bloodletting"]},{"damage_healed":0,"gold_gain":0,"player_choice":"Smashed Altar","damage_taken":0,"max_hp_gain":0,"max_hp_loss":0,"event_name":"Forgotten Altar","floor":31,"gold_loss":0,"cards_obtained":["Decay"]}],"is_beta":false,"boss_relics":[{"not_picked":["Black Star","Fusion Hammer"],"picked":"Empty Cage"}],"items_purged_floors":[3,14,20],"is_endless":false,"potions_floor_spawned":[5,7,12,27,28,30],"killed_by":"Automaton","ascension_level":2}