{"gold_per_floor":[113,133,144,159,159,191,191,14,14,61,61,96,106,137,137,240,240,253,269,269,359,376,376,403,414,414,447,114,148,158,177,177,279,279,291,191,204,84,84,416,416,447,447,464,464,464,464,188,188,188,188,188,22,22,22],"floor_reached":56,"playtime":8843,"items_purged":["Strike_R","Strike_R","Strike_R","Strike_R","Perfected Strike"],"score":1540,"play_id":"669551a3-6c86-4775-8d34-885a1dce5a95","local_time":"20190708223122","is_ascension_mode":true,"campfire_choices":[{"data":"Feed","floor":7.0,"key":"SMITH"},{"data":"Whirlwind","floor":15.0,"key":"SMITH"},{"data":"Barricade","floor":23.0,"key":"SMITH"},{"data":"Demon Form","floor":32.0,"key":"SMITH"},{"data":"Brutality","floor":41.0,"key":"SMITH"},{"data":"Corruption","floor":46.0,"key":"SMITH"},{"floor":49.0,"key":"RECALL"},{"data":"Heavy Blade","floor":52.0,"key":"SMITH"}],"neow_cost":"NONE","seed_source_timestamp":0,"circlet_count":0,"master_deck":["Defend_R","Defend_R","Defend_R","Defend_R","Bash","Armaments+1","Anger","Heavy Blade+1","True Grit","True Grit","Panacea","Feed+1","Cleave","Twin Strike","Whirlwind+1","Barricade+1","Battle Trance+1","Warcry+1","Necronomicurse","Panacea+1","Seeing Red+1","Headbutt","Intimidate+1","Warcry+1","Exhume+1","Impervious+1","Shockwave+1","Feel No Pain+1","Demon Form+1","Fiend Fire","Entrench+1","Dual Wield+1","Sentinel+1","Havoc+1","Brutality+1","Corruption+1"],"special_seed":0,"relics":["Burning Blood","The Courier","PreservedInsect","Pantograph","Meat on the Bone","Toxic Egg 2","Coffee Dripper","Necronomicon","Bag of Preparation","Shuriken","Mango","Regal Pillow","Orrery","Old Coin","Art of War","Smiling Mask","MawBank","Strawberry","Red Skull","ClockworkSouvenir"],"potions_floor_usage":[55],"damage_taken":[{"damage":6.0,"enemies":"Jaw Worm","floor":1.0,"turns":5.0},{"damage":1.0,"enemies":"Cultist","floor":2.0,"turns":4.0},{"damage":8.0,"enemies":"2 Louse","floor":3.0,"turns":3.0},{"damage":15.0,"enemies":"Exordium Thugs","floor":4.0,"turns":5.0},{"damage":64.0,"enemies":"Gremlin Nob","floor":6.0,"turns":6.0},{"damage":8.0,"enemies":"Lagavulin","floor":12.0,"turns":7.0},{"damage":0.0,"enemies":"Large Slime","floor":13.0,"turns":7.0},{"damage":13.0,"enemies":"3 Sentries","floor":14.0,"turns":6.0},{"damage":43.0,"enemies":"The Guardian","floor":16.0,"turns":14.0},{"damage":0.0,"enemies":"3 Byrds","floor":18.0,"turns":7.0},{"damage":28.0,"enemies":"Shell Parasite","floor":19.0,"turns":9.0},{"damage":14.0,"enemies":"Snake Plant","floor":22.0,"turns":3.0},{"damage":2.0,"enemies":"Gremlin Leader","floor":24.0,"turns":4.0},{"damage":24.0,"enemies":"Shelled Parasite and Fungi","floor":25.0,"turns":4.0},{"damage":20.0,"enemies":"Slavers","floor":27.0,"turns":3.0},{"damage":27.0,"enemies":"Book of Stabbing","floor":29.0,"turns":4.0},{"damage":0.0,"enemies":"Centurion and Healer","floor":30.0,"turns":4.0},{"damage":0.0,"enemies":"Snecko","floor":31.0,"turns":4.0},{"damage":53.0,"enemies":"Collector","floor":33.0,"turns":7.0},{"damage":2.0,"enemies":"Orb Walker","floor":35.0,"turns":3.0},{"damage":0.0,"enemies":"3 Shapes","floor":37.0,"turns":9.0},{"damage":32.0,"enemies":"Giant Head","floor":40.0,"turns":6.0},{"damage":11.0,"enemies":"Nemesis","floor":42.0,"turns":7.0},{"damage":3.0,"enemies":"Maw","floor":44.0,"turns":4.0},{"damage":0.0,"enemies":"Writhing Mass","floor":45.0,"turns":1.0},{"damage":30.0,"enemies":"Donu and Deca","floor":50.0,"turns":4.0},{"damage":33.0,"enemies":"Shield and Spear","floor":54.0,"turns":2.0},{"damage":8,"enemies":"The Heart","floor":55,"turns":9}],"seed_played":"-370840097575212838","potions_obtained":[{"floor":1.0,"key":"LiquidBronze"},{"floor":6.0,"key":"FearPotion"},{"floor":12.0,"key":"Block Potion"},{"floor":14.0,"key":"SkillPotion"},{"floor":19.0,"key":"SpeedPotion"},{"floor":25.0,"key":"Fire Potion"},{"floor":31.0,"key":"SmokeBomb"},{"floor":33.0,"key":"SmokeBomb"},{"floor":42.0,"key":"SpeedPotion"}],"is_trial":false,"path_per_floor":["M","M","M","M","?","E","R","$","T","T","?","E","M","E","R","B",null,"M","M","?","?","M","R","E","M","T","E","$","E","M","M","R","B",null,"M","$","M","$","?","E","R","E","T","M","M","R","T","$","R","B",null,"R","$","E","B",null],"character_chosen":"IRONCLAD","items_purchased":["PreservedInsect","Exhume+1","Impervious+1","Shockwave+1","Strawberry","Red Skull","ClockworkSouvenir"],"campfire_rested":0,"item_purchase_floors":[8,28,28,28,48,48,53],"current_hp_per_floor":[88,88,86,77,77,19,19,19,19,19,19,21,39,44,44,44,92,96,78,62,32,36,36,52,50,50,62,62,53,75,81,81,71,122,122,122,122,122,122,96,96,91,91,94,100,100,100,107,107,105,129,129,129,102,125],"gold":22,"neow_bonus":"TEN_PERCENT_HP_BONUS","is_prod":false,"is_daily":false,"chose_seed":false,"campfire_upgraded":7,"win_rate":0,"timestamp":1562650282,"path_taken":["M","M","M","M","?","E","R","?","T","?","?","E","M","E","R","BOSS","M","M","?","?","M","R","E","?","T","E","$","E","M","M","R","BOSS","M","$","M","$","?","E","R","E","T","M","?","R","?","$","R","BOSS","R","$","E","BOSS"],"build_version":"2019-07-05","purchased_purges":5,"victory":true,"max_hp_per_floor":[88,88,88,88,88,88,88,88,88,88,88,92,92,92,92,92,92,96,100,100,100,100,100,100,104,104,118,118,118,122,122,122,122,122,122,122,122,122,122,122,122,122,122,122,122,122,122,129,129,129,129,129,129,129,129],"card_choices":[{"not_picked":["Entrench","Warcry"],"picked":"Armaments","floor":1.0},{"not_picked":["Warcry","Wild Strike"],"picked":"Anger","floor":2.0},{"not_picked":["Clash","Thunderclap"],"picked":"Heavy Blade","floor":3.0},{"not_picked":["Ghostly Armor","Flex"],"picked":"True Grit","floor":4.0},{"not_picked":["Reckless Charge","Body Slam"],"picked":"Feed","floor":6.0},{"not_picked":["Body Slam","Anger"],"picked":"Cleave","floor":12.0},{"not_picked":["Perfected Strike","True Grit"],"picked":"Twin Strike","floor":13.0},{"not_picked":["Cleave","Infernal Blade"],"picked":"Whirlwind","floor":14.0},{"not_picked":["Juggernaut","Reaper"],"picked":"Barricade","floor":16.0},{"not_picked":["Rampage","Disarm+1"],"picked":"Battle Trance+1","floor":18.0},{"not_picked":["Thunderclap","Burning Pact+1"],"picked":"Warcry+1","floor":19.0},{"not_picked":["Perfected Strike+1","Heavy Blade+1"],"picked":"Seeing Red+1","floor":22.0},{"not_picked":["Searing Blow+1","Whirlwind"],"picked":"Headbutt","floor":24.0},{"not_picked":["True Grit+1","Havoc+1"],"picked":"Intimidate+1","floor":25.0},{"not_picked":["Combust","Reckless Charge"],"picked":"Warcry+1","floor":27.0},{"not_picked":["Sentinel+1","Armaments+1"],"picked":"Feel No Pain+1","floor":29.0},{"not_picked":["Armaments+1","Iron Wave","Cleave"],"picked":"SKIP","floor":30.0},{"not_picked":["Clash","Warcry+1"],"picked":"Demon Form","floor":31.0},{"not_picked":["Exhume+1","Bludgeon"],"picked":"Fiend Fire","floor":33.0},{"not_picked":["Blood for Blood","Sword Boomerang"],"picked":"Entrench+1","floor":34.0},{"not_picked":["Havoc+1","Spot Weakness+1"],"picked":"Dual Wield+1","floor":34.0},{"not_picked":["Thunderclap+1","Spot Weakness+1"],"picked":"Sentinel+1","floor":34.0},{"not_picked":["Anger","Heavy Blade+1"],"picked":"Havoc+1","floor":34.0},{"not_picked":["Fire Breathing","Bloodletting+1","Perfected Strike"],"picked":"SKIP","floor":35.0},{"not_picked":["Perfected Strike+1","Body Slam+1"],"picked":"Brutality","floor":37.0},{"not_picked":["True Grit+1","Anger","Heavy Blade+1"],"picked":"SKIP","floor":40.0},{"not_picked":["Feel No Pain","Reckless Charge+1"],"picked":"Corruption","floor":42.0},{"not_picked":["True Grit+1","Second Wind+1","Clothesline+1"],"picked":"SKIP","floor":44.0}],"player_experience":201928,"relics_obtained":[{"floor":6.0,"key":"The Courier"},{"floor":9.0,"key":"Pantograph"},{"floor":12.0,"key":"Meat on the Bone"},{"floor":14.0,"key":"Toxic Egg 2"},{"floor":20.0,"key":"Necronomicon"},{"floor":24.0,"key":"Bag of Preparation"},{"floor":26.0,"key":"Shuriken"},{"floor":27.0,"key":"Mango"},{"floor":29.0,"key":"Regal Pillow"},{"floor":40.0,"key":"Old Coin"},{"floor":42.0,"key":"Art of War"},{"floor":43.0,"key":"Smiling Mask"},{"floor":47.0,"key":"MawBank"}],"event_choices":[{"damage_healed":0.0,"max_hp_gain":0.0,"max_hp_loss":0.0,"gold_gain":0.0,"event_name":"Match and Keep!","player_choice":"2 cards matched","floor":5.0,"gold_loss":0.0,"damage_taken":0.0,"cards_obtained":["True Grit","Panacea"]},{"damage_healed":0.0,"max_hp_gain":0.0,"max_hp_loss":0.0,"gold_gain":0.0,"event_name":"Accursed Blacksmith","player_choice":"Forge","floor":11.0,"gold_loss":0.0,"damage_taken":0.0,"cards_upgraded":["Armaments"]},{"damage_healed":0.0,"max_hp_gain":0.0,"max_hp_loss":0.0,"gold_gain":0.0,"event_name":"Cursed Tome","player_choice":"Obtained Book","floor":20.0,"gold_loss":0.0,"damage_taken":16.0},{"damage_healed":0.0,"max_hp_gain":0.0,"max_hp_loss":0.0,"gold_gain":90.0,"event_name":"Knowing Skull","player_choice":"GOLD CARD ","floor":21.0,"potions_obtained":[],"gold_loss":0.0,"damage_taken":30.0,"cards_obtained":["Panacea"]},{"damage_healed":0.0,"max_hp_gain":0.0,"max_hp_loss":0.0,"gold_gain":0.0,"cards_transformed":["Strike_R"],"event_name":"Transmorgrifier","player_choice":"Transformed","floor":39.0,"gold_loss":0.0,"damage_taken":0.0,"cards_obtained":["Perfected Strike"]}],"is_beta":false,"boss_relics":[{"not_picked":["Runic Dome","Sozu"],"picked":"Coffee Dripper"},{"not_picked":["Fusion Hammer","Busted Crown"],"picked":"Orrery"}],"items_purged_floors":[8,28,36,38,48],"is_endless":false,"potions_floor_spawned":[1,6,12,14,19,25,31,33,42,54],"ascension_level":3}