{"gold_per_floor":[109,109,129,146,146,177,177,203,203,29,29,29,29,29,29,133,133,151,182,182,9,36,36,53,83,83,83,83,83,95,127,127,222,222,239,239,257,10,24,49,69,89,89,89,189,189,203,231,231,231,231,231,106,136,136],"floor_reached":55,"playtime":2940,"items_purged":["Strike_R","Strike_R","Normality"],"score":856,"play_id":"9c8a37be-68ff-4b62-91db-ca8474cc86c1","local_time":"20190307204157","is_ascension_mode":true,"campfire_choices":[{"data":"Bash","floor":7,"key":"SMITH"},{"floor":11,"key":"REST"},{"data":"Armaments","floor":13,"key":"SMITH"},{"data":"Uppercut","floor":15,"key":"SMITH"},{"floor":23,"key":"REST"},{"floor":29,"key":"RECALL"},{"floor":32,"key":"REST"},{"data":"Demon Form","floor":49,"key":"SMITH"},{"data":"Strike_R+1","floor":52,"key":"PURGE"}],"neow_cost":"NONE","seed_source_timestamp":582268300815606,"circlet_count":0,"master_deck":["Strike_R+1","Strike_R+1","Defend_R+1","Defend_R+1","Defend_R+1","Defend_R+1","Bash+1","Shrug It Off","Armaments+1","Uppercut+1","Burning Pact","Wild Strike","Metallicize","Demon Form+1","Havoc+1","Corruption","Havoc+1","Flame Barrier+1","Shrug It Off+1","Cleave+1","True Grit+1","Impervious+1","Inflame","Heavy Blade","Mayhem","Body Slam","Heavy Blade+1"],"relics":["Burning Blood","Ornamental Fan","Vajra","Juzu Bracelet","Toxic Egg 2","Dream Catcher","Snecko Eye","Red Mask","Bag of Marbles","Art of War","Question Card","Paper Frog","Cursed Key","Mummified Hand","Blood Vial","Peace Pipe","Letter Opener","Bag of Preparation"],"potions_floor_usage":[19,33,50,50,55],"damage_taken":[{"damage":9,"enemies":"Jaw Worm","floor":1,"turns":5},{"damage":0,"enemies":"Cultist","floor":3,"turns":3},{"damage":0,"enemies":"Small Slimes","floor":4,"turns":4},{"damage":34,"enemies":"3 Sentries","floor":6,"turns":11},{"damage":29,"enemies":"Lagavulin","floor":8,"turns":11},{"damage":20,"enemies":"The Guardian","floor":16,"turns":15},{"damage":0,"enemies":"Chosen","floor":18,"turns":4},{"damage":33,"enemies":"Masked Bandits","floor":19,"turns":5},{"damage":9,"enemies":"2 Thieves","floor":24,"turns":5},{"damage":13,"enemies":"Book of Stabbing","floor":25,"turns":4},{"damage":0,"enemies":"Snecko","floor":30,"turns":4},{"damage":18,"enemies":"Gremlin Leader","floor":31,"turns":5},{"damage":40,"enemies":"Automaton","floor":33,"turns":7},{"damage":0,"enemies":"Orb Walker","floor":35,"turns":4},{"damage":3,"enemies":"3 Shapes","floor":37,"turns":6},{"damage":0,"enemies":"Transient","floor":39,"turns":5},{"damage":10,"enemies":"Giant Head","floor":40,"turns":8},{"damage":0,"enemies":"3 Darklings","floor":41,"turns":4},{"damage":0,"enemies":"4 Shapes","floor":42,"turns":3},{"damage":3,"enemies":"Mind Bloom Boss Battle","floor":45,"turns":5},{"damage":0,"enemies":"Transient","floor":47,"turns":5},{"damage":7,"enemies":"Reptomancer","floor":48,"turns":5},{"damage":33,"enemies":"Time Eater","floor":50,"turns":7},{"damage":40,"enemies":"Shield and Spear","floor":54,"turns":5},{"damage":90,"enemies":"The Heart","floor":55,"turns":6}],"seed_played":"8924702075378766487","potions_obtained":[{"floor":8,"key":"Poison Potion"},{"floor":24,"key":"Explosive Potion"},{"floor":25,"key":"Swift Potion"},{"floor":33,"key":"Regen Potion"},{"floor":35,"key":"Block Potion"},{"floor":54,"key":"Regen Potion"}],"is_trial":false,"path_per_floor":["M","?","M","M","?","E","R","E","T","$","R","?","R","?","R","B",null,"M","?","?","$","T","R","M","E","T","?","?","R","M","E","R","B",null,"M","$","M","$","M","E","M","M","T","?","?","?","M","E","R","B",null,"R","$","E","B"],"character_chosen":"IRONCLAD","items_purchased":["Wild Strike","Metallicize","Corruption","Mummified Hand"],"campfire_rested":3,"item_purchase_floors":[10,10,21,38],"current_hp_per_floor":[85,85,88,88,88,60,60,37,37,37,63,63,63,63,63,49,88,88,61,52,52,52,78,75,68,68,68,68,68,74,62,88,54,88,88,88,88,88,88,84,88,88,88,88,88,88,88,87,87,66,88,88,88,54,0],"gold":136,"neow_bonus":"TEN_PERCENT_HP_BONUS","is_prod":false,"is_daily":false,"chose_seed":false,"campfire_upgraded":4,"win_rate":0,"timestamp":1552009317,"path_taken":["M","?","M","?","?","E","R","E","T","$","R","?","R","?","R","BOSS","M","?","?","$","?","R","M","E","T","?","?","R","M","E","R","BOSS","M","$","M","$","M","E","M","M","T","?","?","?","M","E","R","BOSS","R","$","E","BOSS"],"build_version":"2019-01-23","purchased_purges":3,"victory":false,"max_hp_per_floor":[88,88,88,88,88,88,88,88,88,88,88,88,88,88,88,88,88,88,88,88,88,88,88,88,88,88,88,88,88,88,88,88,88,88,88,88,88,88,88,88,88,88,88,88,88,88,88,88,88,88,88,88,88,88,88],"card_choices":[{"not_picked":["Havoc","Clothesline"],"picked":"Shrug It Off","floor":1},{"not_picked":["Rage","Rampage"],"picked":"Armaments","floor":3},{"not_picked":["Havoc","Iron Wave"],"picked":"Uppercut","floor":4},{"not_picked":["Berserk","Rupture"],"picked":"Burning Pact","floor":6},{"not_picked":["Iron Wave","Heavy Blade","Warcry"],"picked":"SKIP","floor":8},{"not_picked":["Berserk","Double Tap+1"],"picked":"Demon Form","floor":16},{"not_picked":["Thunderclap","Pommel Strike","Twin Strike"],"picked":"SKIP","floor":18},{"not_picked":["Twin Strike","Fire Breathing+1"],"picked":"Havoc+1","floor":19},{"not_picked":["Uppercut","Carnage"],"picked":"Havoc+1","floor":23},{"not_picked":["Sword Boomerang","Sentinel+1"],"picked":"Flame Barrier+1","floor":24},{"not_picked":["Perfected Strike","Dual Wield+1","Havoc+1"],"picked":"SKIP","floor":25},{"not_picked":["Exhume+1","Wild Strike+1","Second Wind+1"],"picked":"Shrug It Off+1","floor":30},{"not_picked":["Spot Weakness+1","Twin Strike","Warcry+1"],"picked":"Cleave+1","floor":31},{"not_picked":["Intimidate+1","Havoc+1","Pommel Strike"],"picked":"True Grit+1","floor":32},{"not_picked":["Feed","Offering+1","Reaper"],"picked":"Impervious+1","floor":33},{"not_picked":["Pommel Strike","Rupture+1","Flex+1","Heavy Blade"],"picked":"SKIP","floor":35},{"not_picked":["Cleave","Anger+1","True Grit+1","Hemokinesis"],"picked":"SKIP","floor":37},{"not_picked":["Thunderclap+1","Shrug It Off+1","Carnage"],"picked":"Inflame","floor":39},{"not_picked":["Perfected Strike+1","Shrug It Off+1","Double Tap+1","Rampage"],"picked":"SKIP","floor":40},{"not_picked":["Havoc+1","Hemokinesis","Pummel+1"],"picked":"Heavy Blade","floor":41},{"not_picked":["Wild Strike","Fire Breathing","Infernal Blade+1","Iron Wave"],"picked":"SKIP","floor":42},{"not_picked":["Discovery+1","Impatience+1","Thinking Ahead+1"],"picked":"Mayhem","floor":46},{"not_picked":["Combust+1","Battle Trance+1","Spot Weakness+1","Anger+1"],"picked":"SKIP","floor":47},{"not_picked":["Whirlwind","Perfected Strike+1","Pommel Strike+1"],"picked":"Body Slam","floor":48},{"not_picked":["True Grit+1","Shrug It Off+1","Pommel Strike"],"picked":"Heavy Blade+1","floor":54}],"player_experience":305553,"relics_obtained":[{"floor":2,"key":"Ornamental Fan"},{"floor":6,"key":"Vajra"},{"floor":8,"key":"Juzu Bracelet"},{"floor":9,"key":"Toxic Egg 2"},{"floor":19,"key":"Red Mask"},{"floor":22,"key":"Bag of Marbles"},{"floor":25,"key":"Art of War"},{"floor":26,"key":"Question Card"},{"floor":31,"key":"Paper Frog"},{"floor":40,"key":"Blood Vial"},{"floor":45,"key":"Peace Pipe"},{"floor":48,"key":"Letter Opener"},{"floor":54,"key":"Bag of Preparation"}],"event_choices":[{"damage_healed":0,"gold_gain":0,"player_choice":"Relic","damage_taken":0,"max_hp_gain":0,"max_hp_loss":0,"event_name":"Wheel of Change","floor":2,"gold_loss":0},{"damage_healed":0,"gold_gain":0,"player_choice":"Ignored","damage_taken":0,"max_hp_gain":0,"max_hp_loss":0,"event_name":"Liars Game","floor":5,"gold_loss":0},{"damage_healed":0,"gold_gain":0,"player_choice":"Searched \u00272\u0027 times","damage_taken":0,"relics_obtained":["Dream Catcher"],"max_hp_gain":0,"max_hp_loss":0,"event_name":"Dead Adventurer","floor":12,"gold_loss":0},{"damage_healed":0,"gold_gain":0,"player_choice":"Leave","damage_taken":0,"max_hp_gain":0,"max_hp_loss":0,"event_name":"The Cleric","floor":14,"gold_loss":0},{"damage_healed":0,"gold_gain":0,"player_choice":"Fought Bandits","damage_taken":0,"max_hp_gain":0,"max_hp_loss":0,"event_name":"Masked Bandits","floor":19,"gold_loss":0},{"damage_healed":0,"gold_gain":0,"player_choice":"Stopped","damage_taken":9,"max_hp_gain":0,"max_hp_loss":0,"event_name":"Cursed Tome","floor":20,"gold_loss":0},{"damage_healed":0,"gold_gain":0,"player_choice":"Ignored","damage_taken":0,"max_hp_gain":0,"max_hp_loss":0,"event_name":"Ghosts","floor":27,"gold_loss":0},{"damage_healed":0,"gold_gain":0,"player_choice":"Simplicity","damage_taken":0,"max_hp_gain":0,"max_hp_loss":0,"event_name":"Back to Basics","floor":28,"gold_loss":0,"cards_upgraded":["Strike_R","Strike_R","Strike_R","Defend_R","Defend_R","Defend_R","Defend_R"]},{"damage_healed":0,"gold_gain":0,"player_choice":"Ignored","damage_taken":0,"max_hp_gain":0,"max_hp_loss":0,"event_name":"SecretPortal","floor":44,"gold_loss":0},{"damage_healed":0,"gold_gain":0,"player_choice":"Fight","damage_taken":0,"max_hp_gain":0,"max_hp_loss":0,"event_name":"MindBloom","floor":45,"gold_loss":0},{"damage_healed":0,"gold_gain":0,"player_choice":"Memory 1","damage_taken":0,"max_hp_gain":0,"max_hp_loss":0,"event_name":"SensoryStone","floor":46,"gold_loss":0}],"is_beta":false,"boss_relics":[{"not_picked":["Black Star","Astrolabe"],"picked":"Snecko Eye"},{"not_picked":["Busted Crown","Runic Pyramid"],"picked":"Cursed Key"}],"items_purged_floors":[10,21,53],"is_endless":false,"potions_floor_spawned":[8,24,25,33,35,39,40,41,54],"killed_by":"The Heart","ascension_level":3}