{"gold_per_floor":[117,130,140,290,290,290,290,319,319,319,331,331,349,383,383,383],"floor_reached":16,"playtime":602,"items_purged":[],"score":220,"play_id":"23cc3fba-ac8b-4b82-9f4d-17e6ce66dcdc","local_time":"20190818154410","is_ascension_mode":true,"campfire_choices":[{"data":"Flechettes","floor":6.0,"key":"SMITH"},{"floor":10.0,"key":"DIG"},{"floor":12.0,"key":"REST"},{"floor":15.0,"key":"DIG"}],"neow_cost":"TEN_PERCENT_HP_LOSS","seed_source_timestamp":134370083281900,"circlet_count":0,"master_deck":["AscendersBane","Strike_G","Strike_G","Strike_G","Strike_G","Defend_G","Defend_G","Defend_G","Defend_G","Survivor","Neutralize","Well Laid Plans","Flechettes+1","Blade Dance","Storm of Steel","Expertise","Backstab"],"special_seed":0,"relics":["Ring of the Snake","Unceasing Top","Ornamental Fan","Shovel","Tough Bandages","Omamori","Paper Crane"],"potions_floor_usage":[16],"damage_taken":[{"damage":1.0,"enemies":"Small Slimes","floor":1.0,"turns":4.0},{"damage":6.0,"enemies":"2 Louse","floor":2.0,"turns":3.0},{"damage":3.0,"enemies":"Cultist","floor":3.0,"turns":4.0},{"damage":22.0,"enemies":"Lagavulin","floor":8.0,"turns":6.0},{"damage":0.0,"enemies":"Blue Slaver","floor":11.0,"turns":4.0},{"damage":5.0,"enemies":"Exordium Thugs","floor":13.0,"turns":6.0},{"damage":4.0,"enemies":"Gremlin Nob","floor":14.0,"turns":3.0},{"damage":34,"enemies":"Slime Boss","floor":16,"turns":8}],"seed_played":"7575718992320006508","potions_obtained":[{"floor":2.0,"key":"Poison Potion"},{"floor":14.0,"key":"FearPotion"}],"is_trial":false,"path_per_floor":["M","M","M","?","?","R","?","E","T","R","M","R","M","E","R","B"],"character_chosen":"THE_SILENT","items_purchased":[],"campfire_rested":1,"item_purchase_floors":[],"current_hp_per_floor":[58,52,49,49,49,49,49,27,27,27,27,45,40,36,36,2],"gold":383,"neow_bonus":"REMOVE_TWO","is_prod":false,"is_daily":false,"chose_seed":false,"campfire_upgraded":1,"win_rate":0,"timestamp":1566135850,"path_taken":["M","M","M","?","?","R","?","E","T","R","M","R","M","E","R","BOSS"],"build_version":"2019-07-17","purchased_purges":0,"victory":false,"max_hp_per_floor":[60,60,60,60,60,60,60,60,60,60,60,60,60,60,60,60],"card_choices":[{"not_picked":["Underhanded Strike","Dodge and Roll"],"picked":"Well Laid Plans","floor":1.0},{"not_picked":["Acrobatics","Eviscerate","Reflex"],"picked":"SKIP","floor":2.0},{"not_picked":["Poisoned Stab","Blade Dance"],"picked":"Flechettes","floor":3.0},{"not_picked":["PiercingWail","Heel Hook"],"picked":"Blade Dance","floor":8.0},{"not_picked":["Bane","Riddle With Holes"],"picked":"Storm of Steel","floor":11.0},{"not_picked":["Deflect","Deadly Poison"],"picked":"Expertise","floor":13.0},{"not_picked":["Quick Slash","Poisoned Stab"],"picked":"Backstab","floor":14.0}],"player_experience":1124522,"relics_obtained":[{"floor":8.0,"key":"Ornamental Fan"},{"floor":9.0,"key":"Shovel"},{"floor":10.0,"key":"Tough Bandages"},{"floor":14.0,"key":"Omamori"},{"floor":15.0,"key":"Paper Crane"}],"event_choices":[{"damage_healed":0.0,"max_hp_gain":0.0,"max_hp_loss":0.0,"gold_gain":150.0,"event_name":"Liars Game","player_choice":"AGREE","floor":4.0,"gold_loss":0.0,"damage_taken":0.0,"cards_obtained":["Doubt"]},{"damage_healed":0.0,"max_hp_gain":0.0,"max_hp_loss":0.0,"gold_gain":0.0,"event_name":"Big Fish","player_choice":"Box","floor":5.0,"gold_loss":0.0,"damage_taken":0.0,"relics_obtained":["Unceasing Top"],"cards_obtained":["Regret"]},{"cards_removed":["Regret","Doubt"],"damage_healed":0.0,"max_hp_gain":0.0,"max_hp_loss":0.0,"gold_gain":0.0,"event_name":"Fountain of Cleansing","player_choice":"Removed Curses","floor":7.0,"gold_loss":0.0,"damage_taken":0.0}],"is_beta":false,"boss_relics":[],"items_purged_floors":[],"is_endless":false,"potions_floor_spawned":[2,14],"killed_by":"Slime Boss","ascension_level":20}