{"gold_per_floor":[119,119,119,45,45,45,45,55,55,74,91,18,33,43,43,139,139,123,123,138,14,30,30,46,46,69,87,106,59,71,88,88,190,190,205,223,236,247,38,38,138,138,165,178,178,196,196,211,211,211],"floor_reached":50,"playtime":19713,"items_purged":["Decay"],"score":492,"play_id":"3c0691f0-fc46-40fc-a031-f8e7278933e8","local_time":"20190622124320","is_ascension_mode":false,"campfire_choices":[{"data":"Genetic Algorithm","floor":6.0,"key":"SMITH"},{"floor":15.0,"key":"REST"},{"data":"Hello World","floor":23.0,"key":"SMITH"},{"floor":25.0,"key":"REST"},{"floor":32.0,"key":"REST"},{"floor":40,"key":"REST"},{"data":"Loop","floor":45,"key":"SMITH"},{"floor":47,"key":"REST"},{"floor":49,"key":"REST"}],"neow_cost":"NONE","seed_source_timestamp":0,"circlet_count":0,"master_deck":["Strike_B","Strike_B","Strike_B","Strike_B","Defend_B","Defend_B","Defend_B","Defend_B","Zap+1","Dualcast","Cold Snap","Genetic Algorithm+1","Heatsinks","Capacitor","Beam Cell","Thunder Strike","Stack","Go for the Eyes","Buffer","Hello World+1","Seek","Compile Driver","FTL","Jack Of All Trades","Self Repair","Ball Lightning","Compile Driver","Redo","Go for the Eyes+1","All For One","Creative AI","Parasite","Injury","Loop+1","Force Field+1","Consume+1","Steam","Conserve Battery","Dramatic Entrance","Conserve Battery","Mind Blast","Conserve Battery+1","Loop+1","Force Field","Redo+1","BootSequence+1"],"special_seed":0,"relics":["Cracked Core","Meat on the Bone","Mercury Hourglass","Nuclear Battery","Centennial Puzzle","Calling Bell","Oddly Smooth Stone","Question Card","Mango","Peace Pipe","Dream Catcher"],"potions_floor_usage":[36,48,50,50],"damage_taken":[{"damage":0.0,"enemies":"Small Slimes","floor":1.0,"turns":4.0},{"damage":4.0,"enemies":"Jaw Worm","floor":8.0,"turns":4.0},{"damage":0.0,"enemies":"2 Louse","floor":10.0,"turns":1.0},{"damage":0.0,"enemies":"Blue Slaver","floor":11.0,"turns":3.0},{"damage":0.0,"enemies":"Large Slime","floor":13.0,"turns":6.0},{"damage":37.0,"enemies":"Gremlin Gang","floor":14.0,"turns":4.0},{"damage":46.0,"enemies":"Slime Boss","floor":16.0,"turns":11.0},{"damage":7.0,"enemies":"2 Thieves","floor":18.0,"turns":4.0},{"damage":0.0,"enemies":"Spheric Guardian","floor":20.0,"turns":5.0},{"damage":15.0,"enemies":"3 Cultists","floor":22.0,"turns":5.0},{"damage":3.0,"enemies":"Centurion and Healer","floor":24.0,"turns":8.0},{"damage":7.0,"enemies":"Shelled Parasite and Fungi","floor":27.0,"turns":5.0},{"damage":8.0,"enemies":"Cultist and Chosen","floor":28.0,"turns":5.0},{"damage":13.0,"enemies":"Chosen and Byrds","floor":30.0,"turns":6.0},{"damage":26.0,"enemies":"Sentry and Sphere","floor":31.0,"turns":6.0},{"damage":49.0,"enemies":"Collector","floor":33.0,"turns":10.0},{"damage":6.0,"enemies":"Orb Walker","floor":35.0,"turns":3.0},{"damage":19,"enemies":"3 Shapes","floor":36,"turns":3},{"damage":14,"enemies":"3 Darklings","floor":37,"turns":6},{"damage":19,"enemies":"4 Shapes","floor":38,"turns":5},{"damage":12,"enemies":"Mind Bloom Boss Battle","floor":41,"turns":7},{"damage":0,"enemies":"Maw","floor":44,"turns":9},{"damage":43,"enemies":"Transient","floor":46,"turns":5},{"damage":19,"enemies":"3 Darklings","floor":48,"turns":5},{"damage":112,"enemies":"Donu and Deca","floor":50,"turns":11}],"seed_played":"4648134244258991238","potions_obtained":[{"floor":13.0,"key":"Poison Potion"},{"floor":14.0,"key":"SkillPotion"},{"floor":16.0,"key":"Weak Potion"},{"floor":18.0,"key":"AttackPotion"},{"floor":28.0,"key":"Ancient Potion"},{"floor":30.0,"key":"Dexterity Potion"},{"floor":33.0,"key":"Regen Potion"},{"floor":36,"key":"Fruit Juice"},{"floor":41,"key":"GamblersBrew"},{"floor":46,"key":"SpeedPotion"}],"is_trial":false,"path_per_floor":["M","?","?","$","T","R","?","M","T","M","M","$","M","M","R","B",null,"M","?","M","$","M","R","M","R","T","M","M","$","M","M","R","B",null,"M","M","M","M","$","R","?","?","T","M","R","M","R","M","R","B"],"character_chosen":"DEFECT","items_purchased":["Genetic Algorithm","Thunder Strike","FTL","Jack Of All Trades","Redo","Conserve Battery","Dramatic Entrance"],"campfire_rested":6,"item_purchase_floors":[4,12,21,21,29,39,39],"current_hp_per_floor":[82,82,82,82,82,82,82,78,78,78,78,78,78,53,77,43,82,75,75,75,75,60,60,57,81,81,81,80,80,77,58,82,52,96,96,89,82,63,63,93,91,91,91,98,98,55,85,85,101,0],"gold":211,"neow_bonus":"TEN_PERCENT_HP_BONUS","is_prod":false,"is_daily":false,"chose_seed":false,"campfire_upgraded":3,"win_rate":0.0,"timestamp":1561200200,"path_taken":["M","?","?","?","?","R","?","M","T","?","M","$","M","M","R","BOSS","M","?","M","$","M","R","M","R","T","M","M","$","M","M","R","BOSS","M","?","M","M","$","R","?","?","T","?","R","M","R","M","R","BOSS"],"build_version":"2019-01-23","purchased_purges":1,"victory":false,"max_hp_per_floor":[82,82,82,82,82,82,82,82,82,82,82,82,82,82,82,82,82,82,82,82,82,82,82,82,82,82,82,82,82,82,82,82,82,96,96,101,101,101,101,101,101,101,101,101,101,101,101,101,101,101],"card_choices":[{"not_picked":["Ball Lightning","Conserve Battery"],"picked":"Cold Snap","floor":1.0},{"not_picked":["Blizzard","Stack"],"picked":"Heatsinks","floor":8.0},{"not_picked":["Double Energy","Compile Driver"],"picked":"Capacitor","floor":10.0},{"not_picked":["Barrage","Consume"],"picked":"Beam Cell","floor":11.0},{"not_picked":["FTL","Reinforced Body"],"picked":"Stack","floor":13.0},{"not_picked":["Compile Driver","Conserve Battery"],"picked":"Go for the Eyes","floor":14.0},{"not_picked":["All For One","Reboot"],"picked":"Buffer","floor":16.0},{"not_picked":["Self Repair+1","Leap+1"],"picked":"Hello World","floor":18.0},{"not_picked":["Gash+1","Double Energy"],"picked":"Compile Driver","floor":20.0},{"not_picked":["Aggregate","BootSequence","Steam Power"],"picked":"SKIP","floor":22.0},{"not_picked":["Lockon","Go for the Eyes"],"picked":"Self Repair","floor":24.0},{"not_picked":["Aggregate","Conserve Battery"],"picked":"Ball Lightning","floor":27.0},{"not_picked":["Conserve Battery","Barrage"],"picked":"Compile Driver","floor":28.0},{"not_picked":["Compile Driver","Beam Cell"],"picked":"Go for the Eyes+1","floor":30.0},{"not_picked":["Barrage","Conserve Battery+1"],"picked":"All For One","floor":31.0},{"not_picked":["Buffer","Rainbow"],"picked":"Creative AI","floor":33.0},{"not_picked":["White Noise+1","FTL","Sweeping Beam+1"],"picked":"Loop","floor":35.0},{"not_picked":["Leap","Rip and Tear","Coolheaded+1"],"picked":"Force Field+1","floor":36},{"not_picked":["Cold Snap+1","All For One","Go for the Eyes+1"],"picked":"Consume+1","floor":37},{"not_picked":["Chill+1","Tempest+1","Glacier+1"],"picked":"Steam","floor":38},{"not_picked":["Redo","Chaos+1","Ball Lightning"],"picked":"Conserve Battery","floor":41},{"not_picked":["Fusion+1","Gash","Streamline"],"picked":"Conserve Battery+1","floor":44},{"not_picked":["FTL","Chill","Ball Lightning+1"],"picked":"Loop+1","floor":46},{"not_picked":["Hologram+1","Steam+1","Go for the Eyes"],"picked":"Force Field","floor":47},{"not_picked":["Cold Snap+1","Sweeping Beam","Barrage"],"picked":"Redo+1","floor":48},{"not_picked":["Streamline","Multi-Cast","Aggregate+1"],"picked":"BootSequence+1","floor":49}],"player_experience":26715,"relics_obtained":[{"floor":5.0,"key":"Meat on the Bone"},{"floor":9.0,"key":"Mercury Hourglass"},{"floor":26.0,"key":"Centennial Puzzle"},{"floor":34.0,"key":"Oddly Smooth Stone"},{"floor":34.0,"key":"Question Card"},{"floor":34.0,"key":"Mango"},{"floor":41,"key":"Peace Pipe"},{"floor":43,"key":"Dream Catcher"}],"event_choices":[{"damage_healed":0.0,"max_hp_gain":0.0,"max_hp_loss":0.0,"gold_gain":0.0,"event_name":"The Cleric","player_choice":"Leave","floor":2.0,"gold_loss":0.0,"damage_taken":0.0},{"damage_healed":0.0,"max_hp_gain":0.0,"max_hp_loss":0.0,"gold_gain":0.0,"event_name":"Golden Wing","player_choice":"Ignored","floor":3.0,"gold_loss":0.0,"damage_taken":0.0},{"damage_healed":0.0,"max_hp_gain":0.0,"max_hp_loss":0.0,"gold_gain":0.0,"event_name":"Living Wall","player_choice":"Grow","floor":7.0,"gold_loss":0.0,"damage_taken":0.0,"cards_upgraded":["Zap"]},{"damage_healed":0.0,"max_hp_gain":0.0,"max_hp_loss":0.0,"gold_gain":0.0,"event_name":"Match and Keep!","player_choice":"1 cards matched","floor":19.0,"gold_loss":0.0,"damage_taken":0.0,"cards_obtained":["Seek"]},{"damage_healed":0,"gold_gain":0,"player_choice":"Fight","damage_taken":0,"max_hp_gain":0,"max_hp_loss":0,"event_name":"MindBloom","floor":41,"gold_loss":0},{"damage_healed":0,"gold_gain":0,"player_choice":"1 cards matched","damage_taken":0,"max_hp_gain":0,"max_hp_loss":0,"event_name":"Match and Keep!","floor":42,"gold_loss":0,"cards_obtained":["Mind Blast"]}],"is_beta":false,"boss_relics":[{"not_picked":["Eternal Feather","Orrery"],"picked":"Nuclear Battery"},{"not_picked":["Empty Cage","Snecko Eye"],"picked":"Calling Bell"}],"items_purged_floors":[39],"is_endless":false,"potions_floor_spawned":[13,14,16,18,28,30,33,36,41,46],"killed_by":"Donu and Deca","ascension_level":0}