{"gold_per_floor":[16,16,91,109,126,126,153,169,169,169,181,208,208,208,208,279,279,298,330,330,330,344,344,375,375,375,385,109,120,120,136,136,213,213,230,210,230,452,49,76,87,101,124,124],"floor_reached":44,"playtime":5301,"items_purged":["Strike_G","Strike_G"],"score":1086,"play_id":"Baalorlord-c8dc19b5","local_time":"20190720134403","is_ascension_mode":true,"campfire_choices":[{"data":"Neutralize","floor":6,"key":"SMITH"},{"floor":10,"key":"REST"},{"data":"Glass Knife","floor":13,"key":"SMITH"},{"data":"Dagger Spray","floor":15,"key":"SMITH"},{"data":"Crippling Poison","floor":23,"key":"SMITH"},{"data":"Footwork","floor":25,"key":"SMITH"},{"floor":30,"key":"REST"},{"data":"Phantasmal Killer","floor":32,"key":"SMITH"}],"neow_cost":"NO_GOLD","seed_source_timestamp":97247377490700,"circlet_count":0,"master_deck":["AscendersBane","Strike_G","Strike_G","Defend_G","Defend_G","Defend_G","Defend_G","Defend_G","Survivor","Neutralize+1","Doppelganger","Dagger Throw","Caltrops","Cloak And Dagger","Choke","Glass Knife+1","Terror","Backflip","Dagger Spray+1","Phantasmal Killer+1","Crippling Poison+1","PiercingWail","Footwork+1","Heel Hook","Footwork+1","PiercingWail","Well Laid Plans+1","Grand Finale","Deflect","Well Laid Plans+1","Footwork+1","Calculated Gamble","Backflip"],"relics":["Ring of the Serpent","Pen Nib","Sundial","Pantograph","Runic Dome","Red Mask","Darkstone Periapt","Frozen Egg 2","Bag of Preparation","DollysMirror","PreservedInsect"],"potions_floor_usage":[7,19,24,24,31,40,44],"damage_taken":[{"damage":8,"enemies":"2 Louse","floor":1,"turns":3},{"damage":6,"enemies":"Jaw Worm","floor":4,"turns":7},{"damage":0,"enemies":"Small Slimes","floor":5,"turns":4},{"damage":18,"enemies":"Gremlin Nob","floor":7,"turns":4},{"damage":0,"enemies":"2 Fungi Beasts","floor":8,"turns":3},{"damage":3,"enemies":"Blue Slaver","floor":11,"turns":4},{"damage":0,"enemies":"Lagavulin","floor":12,"turns":5},{"damage":10,"enemies":"The Guardian","floor":16,"turns":12},{"damage":0,"enemies":"Spheric Guardian","floor":18,"turns":2},{"damage":21,"enemies":"Masked Bandits","floor":19,"turns":4},{"damage":3,"enemies":"2 Thieves","floor":22,"turns":4},{"damage":8,"enemies":"Book of Stabbing","floor":24,"turns":5},{"damage":10,"enemies":"Snecko","floor":27,"turns":4},{"damage":23,"enemies":"Shelled Parasite and Fungi","floor":29,"turns":6},{"damage":4,"enemies":"3 Cultists","floor":31,"turns":4},{"damage":4,"enemies":"Champ","floor":33,"turns":13},{"damage":25,"enemies":"3 Darklings","floor":35,"turns":6},{"damage":0,"enemies":"3 Shapes","floor":37,"turns":5},{"damage":0,"enemies":"Giant Head","floor":40,"turns":7},{"damage":36,"enemies":"3 Darklings","floor":41,"turns":6},{"damage":0,"enemies":"Spire Growth","floor":42,"turns":5},{"damage":28,"enemies":"Reptomancer","floor":44,"turns":2}],"seed_played":"-8156751758599472071","potions_obtained":[{"floor":5,"key":"Ancient Potion"},{"floor":7,"key":"Dexterity Potion"},{"floor":11,"key":"Fruit Juice"},{"floor":19,"key":"LiquidBronze"},{"floor":22,"key":"Energy Potion"},{"floor":24,"key":"Explosive Potion"},{"floor":29,"key":"Regen Potion"},{"floor":33,"key":"GamblersBrew"},{"floor":35,"key":"EssenceOfSteel"}],"is_trial":false,"path_per_floor":["M","?","?","M","M","R","E","M","T","R","M","E","R","?","R","B",null,"M","?","?","?","M","R","E","R","T","M","$","M","R","M","R","B",null,"M","?","M","?","$","E","M","M","T","E"],"character_chosen":"THE_SILENT","items_purchased":["PiercingWail","Bag of Preparation","Well Laid Plans+1","DollysMirror"],"campfire_rested":2,"item_purchase_floors":[28,28,39,39],"current_hp_per_floor":[51,51,40,34,34,34,16,16,16,35,32,32,32,37,37,52,66,66,50,50,50,47,47,39,39,39,29,29,6,28,36,36,57,71,46,46,46,46,46,46,10,10,10,0],"gold":124,"neow_bonus":"THREE_RARE_CARDS","is_prod":false,"is_daily":false,"chose_seed":false,"campfire_upgraded":6,"win_rate":0,"timestamp":1563644643,"path_taken":["M","?","?","M","M","R","E","M","T","R","M","E","R","?","R","BOSS","M","?","?","?","M","R","E","R","T","M","$","M","R","M","R","BOSS","M","?","?","?","$","E","M","M","T","E"],"build_version":"2019-07-17","purchased_purges":2,"victory":false,"max_hp_per_floor":[66,66,66,66,66,66,66,66,66,66,66,66,66,71,71,71,71,71,76,76,76,76,76,76,76,76,76,76,76,76,76,76,76,76,76,76,76,76,76,76,76,76,76,76],"card_choices":[{"not_picked":["Night Terror","Envenom"],"picked":"Doppelganger","floor":0},{"not_picked":["Deflect","Backflip"],"picked":"Dagger Throw","floor":1},{"not_picked":["Slice","Underhanded Strike"],"picked":"Cloak And Dagger","floor":4},{"not_picked":["Deadly Poison","Adrenaline"],"picked":"Choke","floor":5},{"not_picked":["Quick Slash","Sucker Punch"],"picked":"Glass Knife","floor":7},{"not_picked":["Tactician","Slice"],"picked":"Terror","floor":8},{"not_picked":["Deflect","Bane"],"picked":"Backflip","floor":11},{"not_picked":["Quick Slash","Poisoned Stab"],"picked":"Dagger Spray","floor":12},{"not_picked":["Storm of Steel","Burst"],"picked":"Phantasmal Killer","floor":16},{"not_picked":["Bane","Quick Slash"],"picked":"Crippling Poison","floor":18},{"not_picked":["Outmaneuver","Underhanded Strike"],"picked":"Footwork","floor":22},{"not_picked":["Sucker Punch","Infinite Blades"],"picked":"Heel Hook","floor":24},{"not_picked":["Backflip","Dagger Throw"],"picked":"Footwork+1","floor":27},{"not_picked":["Backstab","Deflect"],"picked":"Well Laid Plans+1","floor":29},{"not_picked":["Underhanded Strike","Flying Knee","Backstab"],"picked":"SKIP","floor":31},{"not_picked":["Envenom+1","Bullet Time"],"picked":"Grand Finale","floor":33},{"not_picked":["Crippling Poison+1","Backstab"],"picked":"Deflect","floor":35},{"not_picked":["Concentrate","Noxious Fumes+1","Prepared"],"picked":"SKIP","floor":37},{"not_picked":["Concentrate","Noxious Fumes+1","Prepared"],"picked":"SKIP","floor":37},{"not_picked":["Bane","Slice"],"picked":"Calculated Gamble","floor":40},{"not_picked":["Bouncing Flask","Dagger Spray"],"picked":"Backflip","floor":41},{"not_picked":["A Thousand Cuts+1","Setup","Flying Knee"],"picked":"SKIP","floor":42}],"player_experience":2290160,"relics_obtained":[{"floor":7,"key":"Pen Nib"},{"floor":9,"key":"Sundial"},{"floor":12,"key":"Pantograph"},{"floor":19,"key":"Red Mask"},{"floor":24,"key":"Darkstone Periapt"},{"floor":26,"key":"Frozen Egg 2"},{"floor":40,"key":"PreservedInsect"}],"event_choices":[{"damage_healed":0,"gold_gain":0,"cards_transformed":["Strike_G"],"player_choice":"Change","damage_taken":0,"max_hp_gain":0,"max_hp_loss":0,"event_name":"Living Wall","floor":2,"gold_loss":0,"cards_obtained":["Caltrops"]},{"damage_healed":0,"gold_gain":75,"player_choice":"Gather Gold","damage_taken":11,"max_hp_gain":0,"max_hp_loss":0,"event_name":"World of Goop","floor":3,"gold_loss":0},{"damage_healed":0,"gold_gain":0,"player_choice":"Donut","damage_taken":0,"max_hp_gain":5,"max_hp_loss":0,"event_name":"Big Fish","floor":14,"gold_loss":0},{"damage_healed":0,"gold_gain":0,"player_choice":"Fought Bandits","damage_taken":0,"max_hp_gain":0,"max_hp_loss":0,"event_name":"Masked Bandits","floor":19,"gold_loss":0},{"damage_healed":0,"gold_gain":0,"player_choice":"Read","damage_taken":0,"max_hp_gain":0,"max_hp_loss":0,"event_name":"The Library","floor":20,"gold_loss":0,"cards_obtained":["PiercingWail"]},{"damage_healed":0,"gold_gain":0,"player_choice":"Ignored","damage_taken":0,"max_hp_gain":0,"max_hp_loss":0,"event_name":"The Mausoleum","floor":21,"gold_loss":0},{"damage_healed":0,"gold_gain":0,"player_choice":"Bought 1 Potion","damage_taken":0,"max_hp_gain":0,"max_hp_loss":0,"event_name":"The Woman in Blue","floor":36,"gold_loss":0},{"damage_healed":0,"gold_gain":222,"player_choice":"Wore Mask","damage_taken":0,"max_hp_gain":0,"max_hp_loss":0,"event_name":"Tomb of Lord Red Mask","floor":38,"gold_loss":0}],"is_beta":false,"boss_relics":[{"not_picked":["White Beast Statue","Orrery"],"picked":"Runic Dome"},{"not_picked":["Astrolabe","Pandora\u0027s Box"],"picked":"Ring of the Serpent"}],"items_purged_floors":[28,39],"is_endless":false,"potions_floor_spawned":[5,7,11,19,22,24,29,33,35],"killed_by":"Reptomancer","ascension_level":20}