{"gold_per_floor":[115,131,131,150,167,167,198,212,212,225,254,272,272,49,49,149,149,149,149,149,149,149,149,149,149,149,149,149,149,149,149,149,149,149,149,0,0,0,0,0,0],"floor_reached":41,"playtime":1821,"items_purged":[],"score":532,"play_id":"5801da92-d1b3-42a3-842c-62f0ec3feed7","local_time":"20190606204858","is_ascension_mode":true,"campfire_choices":[{"data":"Ball Lightning","floor":6,"key":"SMITH"},{"data":"Go for the Eyes","floor":13,"key":"SMITH"},{"data":"Leap","floor":15,"key":"SMITH"},{"data":"Rainbow","floor":23,"key":"SMITH"},{"floor":25,"key":"REST"},{"floor":28,"key":"REST"},{"floor":32,"key":"REST"},{"floor":40,"key":"RECALL"}],"neow_cost":"NONE","seed_source_timestamp":189602942932844,"circlet_count":0,"master_deck":["Strike_B","Strike_B","Strike_B","Defend_B","Defend_B","Defend_B","Defend_B+1","Zap","Dualcast","Streamline+1","Ball Lightning+1","Leap+1","Cold Snap","Hologram","Redo","Electrodynamics","Go for the Eyes+1","Ball Lightning+1","Coolheaded+1","Rainbow+1","Melter","Glacier","BootSequence+1","All For One","Hologram","Conserve Battery+1","Gash","Hologram+1"],"relics":["Cracked Core","Kunai","Bottled Flame","Pantograph","DollysMirror","Ectoplasm","Blood Vial","Cables","War Paint","Sozu","Red Mask"],"potions_floor_usage":[7,7,20,27],"damage_taken":[{"damage":0,"enemies":"Cultist","floor":1,"turns":4},{"damage":3,"enemies":"Small Slimes","floor":2,"turns":3},{"damage":0,"enemies":"2 Louse","floor":4,"turns":1},{"damage":3,"enemies":"Blue Slaver","floor":5,"turns":3},{"damage":6,"enemies":"3 Sentries","floor":7,"turns":5},{"damage":8,"enemies":"Large Slime","floor":8,"turns":5},{"damage":6,"enemies":"Looter","floor":10,"turns":2},{"damage":23,"enemies":"Lagavulin","floor":11,"turns":5},{"damage":9,"enemies":"Red Slaver","floor":12,"turns":2},{"damage":21,"enemies":"Hexaghost","floor":16,"turns":9},{"damage":0,"enemies":"Spheric Guardian","floor":18,"turns":3},{"damage":5,"enemies":"3 Byrds","floor":20,"turns":3},{"damage":0,"enemies":"Centurion and Healer","floor":21,"turns":3},{"damage":35,"enemies":"Slavers","floor":24,"turns":5},{"damage":28,"enemies":"Book of Stabbing","floor":27,"turns":6},{"damage":11,"enemies":"Snecko","floor":29,"turns":4},{"damage":4,"enemies":"3 Cultists","floor":30,"turns":5},{"damage":13,"enemies":"Sentry and Sphere","floor":31,"turns":4},{"damage":70,"enemies":"Champ","floor":33,"turns":11},{"damage":24,"enemies":"3 Darklings","floor":35,"turns":4},{"damage":104,"enemies":"Giant Head","floor":41,"turns":10}],"seed_played":"7105460148943005177","potions_obtained":[{"floor":0,"key":"Explosive Potion"},{"floor":0,"key":"SneckoOil"},{"floor":0,"key":"LiquidBronze"},{"floor":7,"key":"FairyPotion"},{"floor":8,"key":"SneckoOil"},{"floor":16,"key":"Weak Potion"},{"floor":20,"key":"FearPotion"},{"floor":27,"key":"Dexterity Potion"}],"is_trial":false,"path_per_floor":["M","M","?","M","M","R","E","M","T","M","E","M","R","$","R","B",null,"M","?","M","M","?","R","E","R","T","E","R","M","M","M","R","B",null,"M","?","?","?","$","R","E"],"character_chosen":"DEFECT","items_purchased":["DollysMirror","Coolheaded"],"campfire_rested":3,"item_purchase_floors":[14,14],"current_hp_per_floor":[75,72,72,72,69,69,63,55,55,49,26,17,17,17,17,21,75,75,75,70,70,56,56,21,45,45,19,43,34,32,21,45,2,80,56,56,56,56,56,56,0],"gold":0,"neow_bonus":"THREE_SMALL_POTIONS","is_prod":false,"is_daily":false,"chose_seed":false,"campfire_upgraded":4,"win_rate":0,"timestamp":1559872138,"path_taken":["M","M","?","M","M","R","E","M","T","M","E","M","R","$","R","BOSS","M","?","M","?","?","R","E","R","T","E","R","M","M","M","R","BOSS","M","?","?","?","$","R","E"],"build_version":"2019-01-23","purchased_purges":0,"victory":false,"max_hp_per_floor":[75,75,75,75,75,75,75,75,75,75,75,75,75,75,75,75,75,75,75,75,75,80,80,80,80,80,80,80,80,80,80,80,80,80,80,80,80,80,80,80,80],"card_choices":[{"not_picked":["Chill","Aggregate"],"picked":"Streamline","floor":1},{"not_picked":["White Noise","Gash"],"picked":"Ball Lightning","floor":2},{"not_picked":["Beam Cell","Rip and Tear"],"picked":"Leap","floor":4},{"not_picked":["Ball Lightning","Sweeping Beam"],"picked":"Cold Snap","floor":5},{"not_picked":["Fusion","Compile Driver"],"picked":"Hologram","floor":7},{"not_picked":["Coolheaded","Hologram"],"picked":"Redo","floor":8},{"not_picked":["Sweeping Beam","Self Repair"],"picked":"Electrodynamics","floor":10},{"not_picked":["Turbo","Meteor Strike","Scrape"],"picked":"SKIP","floor":11},{"not_picked":["FTL","Sweeping Beam"],"picked":"Go for the Eyes","floor":12},{"not_picked":["Thunder Strike","Reboot"],"picked":"Rainbow","floor":16},{"not_picked":["Hologram","Rebound"],"picked":"Melter","floor":18},{"not_picked":["Turbo+1","Rebound"],"picked":"Glacier","floor":20},{"not_picked":["Cold Snap","Coolheaded"],"picked":"BootSequence+1","floor":21},{"not_picked":["Leap","White Noise","Reinforced Body"],"picked":"SKIP","floor":24},{"not_picked":["Heatsinks","Gash"],"picked":"All For One","floor":27},{"not_picked":["Conserve Battery","Redo"],"picked":"Hologram","floor":29},{"not_picked":["Leap+1","Lockon+1"],"picked":"Conserve Battery+1","floor":30},{"not_picked":["Coolheaded","Leap"],"picked":"Gash","floor":31},{"not_picked":["Beam Cell","Conserve Battery"],"picked":"Hologram+1","floor":35}],"player_experience":109489,"relics_obtained":[{"floor":7,"key":"Kunai"},{"floor":9,"key":"Bottled Flame"},{"floor":11,"key":"Pantograph"},{"floor":24,"key":"Blood Vial"},{"floor":26,"key":"Cables"},{"floor":27,"key":"War Paint"}],"event_choices":[{"damage_healed":0,"gold_gain":0,"player_choice":"Grow","damage_taken":0,"max_hp_gain":0,"max_hp_loss":0,"event_name":"Living Wall","floor":3,"gold_loss":0,"cards_upgraded":["Streamline"]},{"cards_removed":["Strike_B"],"damage_healed":0,"gold_gain":0,"player_choice":"Purged","damage_taken":0,"max_hp_gain":0,"max_hp_loss":0,"event_name":"Purifier","floor":19,"gold_loss":0},{"damage_healed":0,"gold_gain":0,"player_choice":"Shed Blood","damage_taken":19,"max_hp_gain":5,"max_hp_loss":0,"event_name":"Forgotten Altar","floor":22,"gold_loss":0},{"damage_healed":0,"gold_gain":0,"player_choice":"Paid","damage_taken":0,"relics_obtained":["Red Mask"],"max_hp_gain":0,"max_hp_loss":0,"event_name":"Tomb of Lord Red Mask","floor":36,"gold_loss":149},{"damage_healed":0,"gold_gain":0,"player_choice":"Memory 1","damage_taken":0,"max_hp_gain":0,"max_hp_loss":0,"event_name":"SensoryStone","floor":37,"gold_loss":0},{"damage_healed":0,"gold_gain":0,"player_choice":"Ignored","damage_taken":0,"max_hp_gain":0,"max_hp_loss":0,"event_name":"SecretPortal","floor":38,"gold_loss":0}],"is_beta":false,"boss_relics":[{"not_picked":["Calling Bell","Tiny House"],"picked":"Ectoplasm"},{"not_picked":["Lizard Tail","Astrolabe"],"picked":"Sozu"}],"items_purged_floors":[],"is_endless":false,"potions_floor_spawned":[5,7,8,16,20,24,27],"killed_by":"Giant Head","ascension_level":4}