{"gold_per_floor":[164,339,354,28,43,43,43,59,59,88,99,99,115,134,134,134],"floor_reached":16,"playtime":1082,"items_purged":[],"score":104,"play_id":"dcd82b63-f0f2-444f-b8fd-540f937100c0","local_time":"20190819112108","is_ascension_mode":false,"campfire_choices":[{"data":"Infinite Blades","floor":6,"key":"SMITH"},{"data":"Neutralize","floor":12,"key":"SMITH"},{"floor":15,"key":"REST"}],"neow_cost":"NONE","seed_source_timestamp":1426139179101,"circlet_count":0,"master_deck":["Strike_G+1","Strike_G","Strike_G","Strike_G","Strike_G","Defend_G","Defend_G","Defend_G","Defend_G","Defend_G","Survivor","Neutralize+1","Bane","Bane","Doubt","Acrobatics","Infinite Blades+1","Bane","Pain","Caltrops","Malaise","Blade Dance","Dagger Spray","Skewer"],"relics":["Tiny House","Bottled Flame","WarpedTongs","PreservedInsect"],"potions_floor_usage":[5,10,16],"damage_taken":[{"damage":3,"enemies":"Jaw Worm","floor":1,"turns":4},{"damage":6,"enemies":"Cultist","floor":3,"turns":4},{"damage":0,"enemies":"2 Louse","floor":5,"turns":1},{"damage":11,"enemies":"2 Fungi Beasts","floor":8,"turns":3},{"damage":27,"enemies":"3 Sentries","floor":10,"turns":8},{"damage":8,"enemies":"Red Slaver","floor":11,"turns":5},{"damage":7,"enemies":"Large Slime","floor":13,"turns":6},{"damage":3,"enemies":"Exordium Wildlife","floor":14,"turns":4},{"damage":33,"enemies":"The Guardian","floor":16,"turns":13}],"seed_played":"7771833188480264645","potions_obtained":[{"floor":0,"key":"Fire Potion"},{"floor":1,"key":"GamblersBrew"},{"floor":8,"key":"Energy Potion"},{"floor":14,"key":"LiquidBronze"}],"is_trial":false,"path_per_floor":["M","?","M","$","M","R","?","M","T","E","M","R","M","M","R","B"],"character_chosen":"THE_SILENT","items_purchased":["Infinite Blades","Bottled Flame"],"campfire_rested":1,"item_purchase_floors":[4,4],"current_hp_per_floor":[72,72,66,66,66,66,66,55,55,28,20,20,13,10,32,0],"gold":134,"neow_bonus":"BOSS_RELIC","is_prod":false,"is_daily":false,"chose_seed":false,"campfire_upgraded":2,"win_rate":0,"timestamp":1566238868,"path_taken":["M","?","M","$","M","R","?","M","T","E","M","R","M","M","R","BOSS"],"build_version":"2019-07-17","purchased_purges":0,"victory":false,"max_hp_per_floor":[75,75,75,75,75,75,75,75,75,75,75,75,75,75,75,75],"card_choices":[{"not_picked":["Choke","Backflip"],"picked":"Bane","floor":0},{"not_picked":["Dodge and Roll","Sucker Punch"],"picked":"Bane","floor":1},{"not_picked":["Calculated Gamble","Deflect"],"picked":"Acrobatics","floor":3},{"not_picked":["Slice","Prepared"],"picked":"Bane","floor":5},{"not_picked":["Heel Hook","Calculated Gamble"],"picked":"Caltrops","floor":8},{"not_picked":["Backflip","Quick Slash"],"picked":"Malaise","floor":10},{"not_picked":["Prepared","Predator"],"picked":"Blade Dance","floor":11},{"not_picked":["Cloak And Dagger","Bane"],"picked":"Dagger Spray","floor":13},{"not_picked":["Well Laid Plans","Dodge and Roll"],"picked":"Skewer","floor":14}],"player_experience":693538,"relics_obtained":[{"floor":10,"key":"PreservedInsect"}],"event_choices":[{"damage_healed":0,"gold_gain":175,"player_choice":"AGREE","damage_taken":0,"max_hp_gain":0,"max_hp_loss":0,"event_name":"Liars Game","floor":2,"gold_loss":0,"cards_obtained":["Doubt"]},{"damage_healed":0,"gold_gain":0,"player_choice":"Rummage","damage_taken":0,"relics_obtained":["WarpedTongs"],"max_hp_gain":0,"max_hp_loss":0,"event_name":"Accursed Blacksmith","floor":7,"gold_loss":0,"cards_obtained":["Pain"]}],"is_beta":false,"boss_relics":[],"items_purged_floors":[],"is_endless":false,"potions_floor_spawned":[1,8,14],"killed_by":"The Guardian","ascension_level":0}