{"gold_per_floor":[116,135,85,5,20,40,71,82,82,98,23,54,54,65,65,162,162,182,25,39,39,54,54,81,81,81,81,81,93,56,67,67,168,168,181,194,194],"floor_reached":37,"playtime":2002,"items_purged":["Strike_G"],"score":493,"play_id":"3258e298-3009-42e3-b64d-48cb09f21040","local_time":"20190113203750","is_ascension_mode":true,"campfire_choices":[{"data":"Noxious Fumes","floor":15,"key":"SMITH"},{"data":"Neutralize","floor":23,"key":"SMITH"},{"floor":25,"key":"REST"},{"data":"Noxious Fumes","floor":28,"key":"SMITH"},{"floor":32,"key":"REST"}],"neow_cost":"NONE","seed_source_timestamp":440589037854933,"circlet_count":0,"master_deck":["Defend_G","Defend_G","Defend_G","Defend_G","Defend_G","Strike_G","Strike_G","Strike_G","Survivor","Neutralize+1","Backflip","Escape Plan","Noxious Fumes+1","Acrobatics","Dagger Throw","Outmaneuver","Noxious Fumes+1","Noxious Fumes","Calculated Gamble","Catalyst","Venomology","Escape Plan","Caltrops","Tactician","Shame","Poisoned Stab","Clumsy","Decay","Noxious Fumes","Concentrate","Blur","Deflect+1","Burst","Tactician","PiercingWail"],"relics":["Runic Pyramid","Dream Catcher","Oddly Smooth Stone","Cursed Key","Paper Crane","Matryoshka","Vajra","Blue Candle","Eternal Feather"],"potions_floor_usage":[14,18,20,22,24,24,29,31,31,33,36,37,37],"damage_taken":[{"damage":0,"enemies":"2 Louse","floor":1,"turns":3},{"damage":2,"enemies":"Small Slimes","floor":2,"turns":4},{"damage":0,"enemies":"Cultist","floor":5,"turns":5},{"damage":5,"enemies":"Blue Slaver","floor":6,"turns":6},{"damage":13,"enemies":"Lagavulin","floor":7,"turns":10},{"damage":1,"enemies":"2 Fungi Beasts","floor":8,"turns":4},{"damage":4,"enemies":"Large Slime","floor":10,"turns":7},{"damage":19,"enemies":"Gremlin Nob","floor":12,"turns":5},{"damage":15,"enemies":"Exordium Thugs","floor":14,"turns":4},{"damage":16,"enemies":"Hexaghost","floor":16,"turns":8},{"damage":10,"enemies":"3 Byrds","floor":18,"turns":4},{"damage":14,"enemies":"Spheric Guardian","floor":20,"turns":6},{"damage":14,"enemies":"Shelled Parasite and Fungi","floor":22,"turns":6},{"damage":19,"enemies":"Gremlin Leader","floor":24,"turns":6},{"damage":6,"enemies":"Cultist and Chosen","floor":29,"turns":6},{"damage":8,"enemies":"Sentry and Sphere","floor":31,"turns":6},{"damage":22,"enemies":"Automaton","floor":33,"turns":11},{"damage":29,"enemies":"3 Darklings","floor":35,"turns":6},{"damage":7,"enemies":"Orb Walker","floor":36,"turns":5},{"damage":67,"enemies":"Transient","floor":37,"turns":4}],"seed_played":"-7577870530553164272","potions_obtained":[{"floor":2,"key":"Ancient Potion"},{"floor":6,"key":"Dexterity Potion"},{"floor":7,"key":"Energy Potion"},{"floor":16,"key":"SteroidPotion"},{"floor":22,"key":"Swift Potion"},{"floor":24,"key":"GhostInAJar"}],"is_trial":false,"path_per_floor":["M","M","?","$","M","M","E","M","T","M","$","E","?","M","R","B",null,"M","$","M","?","M","R","E","R","T","?","R","M","$","M","R","B",null,"M","M","M"],"character_chosen":"THE_SILENT","items_purchased":["Noxious Fumes","After Image","Caltrops","Concentrate"],"campfire_rested":2,"item_purchase_floors":[4,11,19,30],"current_hp_per_floor":[70,68,68,68,68,63,50,49,49,45,45,26,80,65,65,49,80,70,70,56,56,42,42,23,47,47,47,47,41,41,33,57,35,80,51,44,0],"gold":194,"neow_bonus":"BOSS_RELIC","is_prod":false,"is_daily":false,"chose_seed":false,"campfire_upgraded":3,"win_rate":0,"timestamp":1547429870,"path_taken":["M","M","?","$","M","M","E","M","T","M","$","E","?","?","R","BOSS","M","$","M","?","M","R","E","R","T","?","R","M","$","M","R","BOSS","M","M","M"],"build_version":"2019-01-10","purchased_purges":1,"victory":false,"max_hp_per_floor":[70,70,70,70,70,70,70,70,70,70,70,70,80,80,80,80,80,80,80,80,80,80,80,80,80,80,80,80,80,80,80,80,80,80,80,80,80],"card_choices":[{"not_picked":["Dagger Spray","Outmaneuver"],"picked":"Backflip","floor":1},{"not_picked":["Deflect","Adrenaline"],"picked":"Escape Plan","floor":2},{"not_picked":["Deflect","Blade Dance"],"picked":"Acrobatics","floor":5},{"not_picked":["Cloak And Dagger","Infinite Blades"],"picked":"Dagger Throw","floor":6},{"not_picked":["Poisoned Stab","Riddle With Holes"],"picked":"Outmaneuver","floor":7},{"not_picked":["Outmaneuver","Deadly Poison"],"picked":"Noxious Fumes","floor":8},{"not_picked":["Dagger Spray","Terror"],"picked":"Noxious Fumes","floor":10},{"not_picked":["Flying Knee","Night Terror"],"picked":"Calculated Gamble","floor":12},{"not_picked":["Dodge and Roll","Underhanded Strike"],"picked":"Catalyst","floor":14},{"not_picked":["Doppelganger","Storm of Steel"],"picked":"Venomology","floor":16},{"not_picked":["Poisoned Stab","Prepared"],"picked":"Escape Plan","floor":18},{"not_picked":["Blade Dance","Wraith Form v2"],"picked":"Tactician","floor":20},{"not_picked":["Backstab+1","Dagger Spray","Skewer"],"picked":"SKIP","floor":22},{"not_picked":["Wraith Form v2","Infinite Blades"],"picked":"Poisoned Stab","floor":24},{"not_picked":["Slice+1","Bane+1"],"picked":"Noxious Fumes","floor":29},{"not_picked":["Flechettes","Deadly Poison"],"picked":"Blur","floor":31},{"not_picked":["Accuracy+1","Expertise"],"picked":"Deflect+1","floor":32},{"not_picked":["Doppelganger","A Thousand Cuts"],"picked":"Burst","floor":33},{"not_picked":["Bane+1","Bouncing Flask+1"],"picked":"Tactician","floor":35},{"not_picked":["Underhanded Strike","Infinite Blades"],"picked":"PiercingWail","floor":36}],"player_experience":261809,"relics_obtained":[{"floor":7,"key":"Dream Catcher"},{"floor":12,"key":"Oddly Smooth Stone"},{"floor":24,"key":"Matryoshka"},{"floor":26,"key":"Vajra"},{"floor":26,"key":"Blue Candle"}],"event_choices":[{"cards_removed":["Strike_G"],"damage_healed":0,"gold_gain":0,"player_choice":"Card Removal","damage_taken":0,"max_hp_gain":0,"max_hp_loss":0,"event_name":"The Cleric","floor":3,"gold_loss":50},{"cards_removed":["After Image"],"damage_healed":44,"gold_gain":0,"player_choice":"Offered Rare","damage_taken":0,"max_hp_gain":10,"max_hp_loss":0,"event_name":"Bonfire Elementals","floor":13,"gold_loss":0},{"damage_healed":0,"gold_gain":0,"player_choice":"Stole Relic","damage_taken":0,"relics_obtained":["Paper Crane"],"max_hp_gain":0,"max_hp_loss":0,"event_name":"Addict","floor":21,"gold_loss":0,"cards_obtained":["Shame"]},{"damage_healed":0,"gold_gain":0,"player_choice":"Smashed Altar","damage_taken":0,"max_hp_gain":0,"max_hp_loss":0,"event_name":"Forgotten Altar","floor":27,"gold_loss":0,"cards_obtained":["Decay"]}],"is_beta":false,"boss_relics":[{"not_picked":["Fusion Hammer","Coffee Dripper"],"picked":"Cursed Key"},{"not_picked":["Tiny House","Runic Dome"],"picked":"Eternal Feather"}],"items_purged_floors":[19],"is_endless":false,"potions_floor_spawned":[2,6,7,12,16,18,22,24],"killed_by":"Transient","ascension_level":2}