{"gold_per_floor":[211,53,63,75,75,75,103,103,103,68,86,101,101,59,59,59],"floor_reached":16,"playtime":473,"items_purged":[],"score":190,"play_id":"a8916952-4cfb-4022-a058-e0dfee30e0cd","local_time":"20190817001727","is_ascension_mode":true,"campfire_choices":[{"data":"Neutralize","floor":6,"key":"SMITH"},{"floor":8,"key":"REST"},{"data":"Corpse Explosion","floor":13,"key":"SMITH"},{"data":"Footwork","floor":15,"key":"SMITH"}],"neow_cost":"NONE","seed_source_timestamp":262615575843828,"circlet_count":0,"master_deck":["AscendersBane","Strike_G","Strike_G","Strike_G","Strike_G","Strike_G","Defend_G","Defend_G","Defend_G","Defend_G","Defend_G","Survivor","Neutralize+1","Backstab","Corpse Explosion+1","Dagger Throw","Footwork+1"],"relics":["Ring of the Snake","Matryoshka","Dream Catcher","Juzu Bracelet"],"potions_floor_usage":[7,16,16],"damage_taken":[{"damage":8,"enemies":"Jaw Worm","floor":1,"turns":6},{"damage":0,"enemies":"2 Louse","floor":3,"turns":2},{"damage":4,"enemies":"Small Slimes","floor":4,"turns":5},{"damage":43,"enemies":"Lagavulin","floor":7,"turns":9},{"damage":0,"enemies":"Looter","floor":11,"turns":4},{"damage":9,"enemies":"Exordium Wildlife","floor":12,"turns":3},{"damage":35,"enemies":"Slime Boss","floor":16,"turns":7}],"seed_played":"-5973725797066033574","potions_obtained":[{"floor":1,"key":"PowerPotion"},{"floor":7,"key":"Weak Potion"},{"floor":12,"key":"Fire Potion"}],"is_trial":false,"path_per_floor":["M","$","M","M","?","R","E","R","T","?","M","M","R","$","R","B"],"character_chosen":"THE_SILENT","items_purchased":["Corpse Explosion","Footwork"],"campfire_rested":1,"item_purchase_floors":[2,14],"current_hp_per_floor":[51,51,51,47,47,47,4,23,23,39,39,30,30,30,30,0],"gold":59,"neow_bonus":"HUNDRED_GOLD","is_prod":false,"is_daily":false,"chose_seed":false,"campfire_upgraded":3,"win_rate":0,"timestamp":1566019047,"path_taken":["M","$","M","M","?","R","E","R","T","?","M","M","R","?","R","BOSS"],"build_version":"2019-07-17","purchased_purges":0,"victory":false,"max_hp_per_floor":[66,66,66,66,66,66,66,66,66,66,66,66,66,66,66,66],"card_choices":[{"not_picked":["Flying Knee","Acrobatics"],"picked":"Backstab","floor":1},{"not_picked":["Sucker Punch","Reflex"],"picked":"Dagger Throw","floor":3},{"not_picked":["Acrobatics","Dagger Throw","Slice"],"picked":"SKIP","floor":4},{"not_picked":["Masterful Stab","Terror","Bane"],"picked":"SKIP","floor":7},{"not_picked":["Dagger Throw","Phantasmal Killer","Riddle With Holes"],"picked":"SKIP","floor":11},{"not_picked":["Blade Dance","Prepared","Outmaneuver"],"picked":"SKIP","floor":12}],"player_experience":426934,"relics_obtained":[{"floor":7,"key":"Matryoshka"},{"floor":9,"key":"Dream Catcher"},{"floor":9,"key":"Juzu Bracelet"}],"event_choices":[{"damage_healed":0,"gold_gain":0,"player_choice":"Ignored","damage_taken":0,"max_hp_gain":0,"max_hp_loss":0,"event_name":"Golden Idol","floor":5,"gold_loss":0},{"damage_healed":16,"gold_gain":0,"player_choice":"Healed","damage_taken":0,"max_hp_gain":0,"max_hp_loss":0,"event_name":"The Cleric","floor":10,"gold_loss":35}],"is_beta":false,"boss_relics":[],"items_purged_floors":[],"is_endless":false,"potions_floor_spawned":[1,7,12],"killed_by":"Slime Boss","ascension_level":18}