{"gold_per_floor":[116,116,41,52,71,399,399,399,399,413,433,433,433,462,462,567,567,581,581],"floor_reached":19,"playtime":736,"items_purged":["Decay"],"score":274,"play_id":"6329b701-8d3c-43ed-a32d-18cc095bf3e0","local_time":"20190615095836","is_ascension_mode":true,"campfire_choices":[{"floor":7,"key":"REST"},{"data":"Echo Form","floor":12,"key":"SMITH"},{"data":"Coolheaded","floor":15,"key":"SMITH"}],"neow_cost":"NONE","seed_source_timestamp":315647209309353,"circlet_count":0,"master_deck":["AscendersBane","Defend_B","Defend_B","Defend_B","Defend_B","Zap+1","Dualcast","Conserve Battery","Echo Form+1","Melter","Coolheaded+1","Reinforced Body","Biased Cognition","BootSequence+1","Cold Snap+1","Static Discharge+1"],"relics":["Cracked Core","Old Coin","Meat on the Bone","Smiling Mask","Astrolabe"],"potions_floor_usage":[10,19,19],"damage_taken":[{"damage":0,"enemies":"Small Slimes","floor":1,"turns":3},{"damage":1,"enemies":"Cultist","floor":4,"turns":3},{"damage":1,"enemies":"2 Louse","floor":5,"turns":2},{"damage":64,"enemies":"Gremlin Nob","floor":6,"turns":6},{"damage":13,"enemies":"Lots of Slimes","floor":10,"turns":4},{"damage":0,"enemies":"Large Slime","floor":11,"turns":6},{"damage":4,"enemies":"Lagavulin","floor":14,"turns":7},{"damage":27,"enemies":"The Guardian","floor":16,"turns":13},{"damage":11,"enemies":"Spheric Guardian","floor":18,"turns":3},{"damage":27,"enemies":"Colosseum Slavers","floor":19,"turns":6},{"damage":59,"enemies":"Colosseum Nobs","floor":19,"turns":4}],"seed_played":"1259168405669924957","potions_obtained":[{"floor":4,"key":"SpeedPotion"},{"floor":5,"key":"Dexterity Potion"},{"floor":13,"key":"AttackPotion"},{"floor":13,"key":"Ancient Potion"}],"is_trial":false,"path_per_floor":["M","?","$","M","M","E","R","?","T","M","M","R","?","E","R","B",null,"M","?"],"character_chosen":"DEFECT","items_purchased":[],"campfire_rested":1,"item_purchase_floors":[],"current_hp_per_floor":[68,68,68,67,66,2,24,24,24,23,35,35,35,43,43,28,63,52,0],"gold":581,"neow_bonus":"UPGRADE_CARD","is_prod":false,"is_daily":false,"chose_seed":false,"campfire_upgraded":2,"win_rate":0,"timestamp":1560607116,"path_taken":["M","?","$","?","M","E","R","?","T","M","?","R","?","E","R","BOSS","M","?"],"build_version":"2019-01-23","purchased_purges":1,"victory":false,"max_hp_per_floor":[75,75,75,75,75,75,75,75,75,75,75,75,75,75,75,75,75,75,75],"card_choices":[{"not_picked":["Leap","Tempest","Compile Driver"],"picked":"SKIP","floor":1},{"not_picked":["Turbo","Hello World","FTL"],"picked":"SKIP","floor":4},{"not_picked":["Recycle","Hologram"],"picked":"Conserve Battery","floor":5},{"not_picked":["Auto Shields","Conserve Battery"],"picked":"Echo Form","floor":6},{"not_picked":["FTL","Genetic Algorithm"],"picked":"Coolheaded","floor":10},{"not_picked":["Go for the Eyes","Rebound","Skim"],"picked":"SKIP","floor":11},{"not_picked":["Reboot","Recycle"],"picked":"Reinforced Body","floor":14},{"not_picked":["Amplify","Meteor Strike"],"picked":"Biased Cognition","floor":16},{"not_picked":["Steam Power","Tempest+1","Steam"],"picked":"SKIP","floor":18}],"player_experience":635158,"relics_obtained":[{"floor":6,"key":"Old Coin"},{"floor":9,"key":"Meat on the Bone"},{"floor":14,"key":"Smiling Mask"}],"event_choices":[{"damage_healed":0,"gold_gain":0,"player_choice":"Cursed","damage_taken":0,"max_hp_gain":0,"max_hp_loss":0,"event_name":"Wheel of Change","floor":2,"gold_loss":0,"cards_obtained":["Decay"]},{"damage_healed":0,"gold_gain":0,"cards_transformed":["Strike_B"],"player_choice":"Transformed","damage_taken":0,"max_hp_gain":0,"max_hp_loss":0,"event_name":"Transmorgrifier","floor":8,"gold_loss":0,"cards_obtained":["Melter"]},{"damage_healed":0,"gold_gain":0,"player_choice":"Got Potions","damage_taken":0,"max_hp_gain":0,"max_hp_loss":0,"event_name":"Lab","floor":13,"gold_loss":0},{"damage_healed":0,"gold_gain":0,"player_choice":"Fight","damage_taken":0,"max_hp_gain":0,"max_hp_loss":0,"event_name":"Colosseum","floor":19,"gold_loss":0},{"damage_healed":0,"gold_gain":0,"player_choice":"Fought Nobs","damage_taken":0,"max_hp_gain":0,"max_hp_loss":0,"event_name":"Colosseum","floor":19,"gold_loss":0}],"is_beta":false,"boss_relics":[{"not_picked":["Busted Crown","White Beast Statue"],"picked":"Astrolabe"}],"items_purged_floors":[3],"is_endless":false,"potions_floor_spawned":[4,5,14,16,19],"killed_by":"Colosseum Nobs","ascension_level":11}