{"gold_per_floor":[363,6,25,36,52,52,63,63,89,118,22,22,42,12,12,112,112,126,138,138,90,90],"floor_reached":22,"playtime":1591,"items_purged":["Strike_R","Strike_R"],"score":213,"play_id":"eae13244-5f2c-4b3f-8346-90b45c9d17d8","local_time":"20181211135649","is_ascension_mode":false,"campfire_choices":[{"data":"Armaments","floor":6,"key":"SMITH"},{"floor":8,"key":"REST"},{"data":"True Grit","floor":12,"key":"SMITH"},{"floor":15,"key":"REST"}],"neow_cost":"PERCENT_DAMAGE","seed_source_timestamp":1534959340604557,"circlet_count":0,"master_deck":["Strike_R","Strike_R","Strike_R","Defend_R","Defend_R","Defend_R","Defend_R","Bash","Cleave","Demon Form","Armaments+1","Sword Boomerang","Blood for Blood","Headbutt","True Grit+1","Feel No Pain","Shrug It Off","Heavy Blade","Barricade","Shrug It Off","Disarm","Sword Boomerang"],"relics":["Burning Blood","Membership Card","Pen Nib","Anchor","Runic Pyramid","NlothsMask"],"potions_floor_usage":[3,4,7,7,7,10,13,13,19,19],"damage_taken":[{"damage":7,"enemies":"Cultist","floor":1,"turns":5},{"damage":0,"enemies":"2 Louse","floor":3,"turns":1},{"damage":7,"enemies":"Small Slimes","floor":4,"turns":3},{"damage":17,"enemies":"Red Slaver","floor":5,"turns":5},{"damage":4,"enemies":"Exordium Wildlife","floor":7,"turns":3},{"damage":22,"enemies":"Lagavulin","floor":10,"turns":8},{"damage":0,"enemies":"Large Slime","floor":13,"turns":5},{"damage":16,"enemies":"Exordium Thugs","floor":14,"turns":5},{"damage":40,"enemies":"The Guardian","floor":16,"turns":11},{"damage":0,"enemies":"Chosen","floor":18,"turns":6},{"damage":13,"enemies":"3 Byrds","floor":19,"turns":5},{"damage":75,"enemies":"3 Cultists","floor":22,"turns":7}],"seed_played":"-8727361638038755301","potions_obtained":[{"floor":4,"key":"EntropicBrew"},{"floor":5,"key":"Regen Potion"},{"floor":7,"key":"EssenceOfSteel"},{"floor":10,"key":"Swift Potion"},{"floor":16,"key":"Fire Potion"},{"floor":18,"key":"PowerPotion"}],"is_trial":false,"path_per_floor":["M","$","M","M","M","R","M","R","T","E","$","R","M","M","R","B",null,"M","M","?","$","M"],"character_chosen":"IRONCLAD","items_purchased":["Membership Card","Demon Form","AttackPotion","Weak Potion","True Grit","Feel No Pain","Disarm","Sword Boomerang"],"campfire_rested":2,"item_purchase_floors":[2,2,2,2,11,11,21,21],"current_hp_per_floor":[55,55,61,60,49,49,60,80,80,64,64,64,70,60,80,46,80,80,73,73,73,0],"gold":90,"neow_bonus":"TWO_FIFTY_GOLD","is_prod":false,"is_daily":false,"chose_seed":false,"campfire_upgraded":2,"win_rate":0,"timestamp":1544515009,"path_taken":["M","$","M","?","M","R","M","R","T","E","$","R","M","M","R","BOSS","M","M","?","$","M"],"build_version":"2018-12-06","purchased_purges":2,"victory":false,"max_hp_per_floor":[80,80,80,80,80,80,80,80,80,80,80,80,80,80,80,80,80,80,80,80,80,80],"card_choices":[{"not_picked":["Rupture","Rage"],"picked":"Cleave","floor":1},{"not_picked":["Iron Wave","Twin Strike"],"picked":"Armaments","floor":3},{"not_picked":["Twin Strike","Sentinel"],"picked":"Sword Boomerang","floor":4},{"not_picked":["Heavy Blade","Burning Pact"],"picked":"Blood for Blood","floor":5},{"not_picked":["Flex","Anger","Corruption"],"picked":"SKIP","floor":7},{"not_picked":["Dual Wield","Infernal Blade"],"picked":"Headbutt","floor":10},{"not_picked":["Armaments","Pummel"],"picked":"Shrug It Off","floor":13},{"not_picked":["Spot Weakness","Flex"],"picked":"Heavy Blade","floor":14},{"not_picked":["Immolate","Bludgeon"],"picked":"Barricade","floor":16},{"not_picked":["Thunderclap","Warcry","Clothesline"],"picked":"SKIP","floor":18},{"not_picked":["Inflame","Armaments+1"],"picked":"Shrug It Off","floor":19}],"player_experience":216026,"relics_obtained":[{"floor":9,"key":"Pen Nib"},{"floor":10,"key":"Anchor"}],"event_choices":[{"damage_healed":0,"gold_gain":0,"player_choice":"Trade","damage_taken":0,"relics_obtained":["NlothsMask"],"max_hp_gain":0,"max_hp_loss":0,"event_name":"FaceTrader","floor":20,"gold_loss":0}],"is_beta":false,"boss_relics":[{"not_picked":["Lizard Tail","Cursed Key"],"picked":"Runic Pyramid"}],"items_purged_floors":[2,11],"is_endless":false,"potions_floor_spawned":[4,5,7,10,16,18],"killed_by":"3 Cultists","ascension_level":0}