{"gold_per_floor":[118,137,137,155,155,155,174,174,174,202,223,223,223,251,251,348,348,358,369,369,381,399,399,409,409,409,421,447,458,343,368,368,463,463,482,492,505,580,48,65,85,118,118,151,0,17,27,39,39,39],"floor_reached":51,"playtime":9983,"items_purged":["Strike_R","Strike_R+1"],"score":888,"play_id":"7b262087-873a-4995-ab71-8f2c4b6f0506","local_time":"20190818144631","is_ascension_mode":false,"campfire_choices":[{"data":"Armaments","floor":6.0,"key":"SMITH"},{"data":"Bash","floor":12,"key":"SMITH"},{"floor":15,"key":"REST"},{"data":"Feed","floor":23,"key":"SMITH"},{"data":"Warcry","floor":25,"key":"SMITH"},{"data":"Spot Weakness","floor":32,"key":"SMITH"},{"floor":49,"key":"REST"}],"neow_cost":"TEN_PERCENT_HP_LOSS","seed_source_timestamp":0,"circlet_count":0,"master_deck":["Defend_R+1","Defend_R+1","Defend_R+1","Defend_R","Bash+1","Armaments+1","Inflame+1","Feed+1","Warcry+1","Whirlwind+1","Shrug It Off+1","Sword Boomerang+1","Twin Strike","Fire Breathing+1","Spot Weakness+1","Barricade+1","Pummel","Battle Trance+1","Evolve+1","Iron Wave+1","Shockwave+1","Impervious","Dropkick+1","Double Tap"],"special_seed":0,"relics":["Burning Blood","Mercury Hourglass","Self Forming Clay","Frozen Egg 2","Odd Mushroom","War Paint","Cursed Key","Lantern","Du-Vu Doll","Fusion Hammer","Bottled Tornado","Orichalcum","Ornamental Fan","Question Card","Red Mask"],"potions_floor_usage":[14,16,33,33,33],"damage_taken":[{"damage":0.0,"enemies":"2 Louse","floor":1.0,"turns":3.0},{"damage":4.0,"enemies":"Small Slimes","floor":2.0,"turns":5.0},{"damage":2.0,"enemies":"Cultist","floor":4.0,"turns":4.0},{"damage":4.0,"enemies":"2 Fungi Beasts","floor":7.0,"turns":4.0},{"damage":18.0,"enemies":"Lagavulin","floor":10.0,"turns":10.0},{"damage":7.0,"enemies":"The Mushroom Lair","floor":11.0,"turns":5.0},{"damage":22,"enemies":"Gremlin Nob","floor":14,"turns":5},{"damage":23,"enemies":"Slime Boss","floor":16,"turns":14},{"damage":10,"enemies":"Spheric Guardian","floor":18,"turns":6},{"damage":14,"enemies":"3 Byrds","floor":19,"turns":6},{"damage":27,"enemies":"Sentry and Sphere","floor":21,"turns":10},{"damage":12,"enemies":"Snake Plant","floor":22,"turns":5},{"damage":0,"enemies":"Snecko","floor":24,"turns":5},{"damage":1,"enemies":"Centurion and Healer","floor":27,"turns":6},{"damage":14,"enemies":"Gremlin Leader","floor":28,"turns":5},{"damage":0,"enemies":"Sentry and Sphere","floor":29,"turns":2},{"damage":16,"enemies":"Book of Stabbing","floor":31,"turns":6},{"damage":50,"enemies":"Automaton","floor":33,"turns":9},{"damage":23,"enemies":"3 Shapes","floor":35,"turns":4},{"damage":25,"enemies":"3 Darklings","floor":36,"turns":5},{"damage":0,"enemies":"Spire Growth","floor":37,"turns":3},{"damage":0,"enemies":"Maw","floor":40,"turns":5},{"damage":0,"enemies":"Sphere and 2 Shapes","floor":41,"turns":3},{"damage":0,"enemies":"Nemesis","floor":42,"turns":5},{"damage":7,"enemies":"Giant Head","floor":44,"turns":6},{"damage":9,"enemies":"3 Darklings","floor":46,"turns":3},{"damage":0,"enemies":"Maw","floor":47,"turns":7},{"damage":1,"enemies":"4 Shapes","floor":48,"turns":1},{"damage":20,"enemies":"Time Eater","floor":50,"turns":10}],"seed_played":"-7702164503147117291","potions_obtained":[{"floor":7.0,"key":"LiquidBronze"},{"floor":10.0,"key":"Block Potion"},{"floor":14,"key":"SpeedPotion"},{"floor":18,"key":"Swift Potion"},{"floor":19,"key":"GamblersBrew"},{"floor":28,"key":"Poison Potion"},{"floor":33,"key":"Poison Potion"},{"floor":37,"key":"SkillPotion"},{"floor":44,"key":"Regen Potion"},{"floor":46,"key":"SteroidPotion"}],"is_trial":false,"path_per_floor":["M","M","?","M","?","R","M","?","T","E","?","R","?","E","R","B",null,"M","M","?","M","M","R","M","R","T","M","E","M","$","E","R","B",null,"M","M","M","?","$","M","M","E","T","E","?","M","M","M","R","B",null],"character_chosen":"IRONCLAD","items_purchased":["Fire Breathing+1","Bottled Tornado","Orichalcum","Evolve+1"],"campfire_rested":2,"item_purchase_floors":[30,39,39,39],"current_hp_per_floor":[72,72,65,69,69,69,71,53,53,41,40,40,26,10,31,14,72,68,64,64,47,41,41,47,47,47,56,52,62,62,56,56,12,96,79,60,66,57,57,67,73,83,83,86,86,83,93,98,112,102],"gold":39,"neow_bonus":"REMOVE_TWO","is_prod":false,"is_daily":false,"chose_seed":false,"campfire_upgraded":5,"win_rate":0,"timestamp":1566164791,"path_taken":["M","M","?","M","?","R","M","?","T","E","?","R","?","E","R","BOSS","M","M","?","M","M","R","M","R","T","M","E","M","$","E","R","BOSS","M","?","M","?","$","?","M","E","T","E","?","M","M","M","R","BOSS"],"build_version":"2019-07-17","purchased_purges":2,"victory":true,"max_hp_per_floor":[72,72,72,72,72,72,72,72,72,72,72,72,72,72,72,72,72,72,76,76,80,80,80,80,80,80,84,88,92,92,96,96,96,96,96,96,96,96,96,100,100,104,104,108,108,108,112,112,112,116],"card_choices":[{"not_picked":["Clothesline","Clash","Warcry"],"picked":"SKIP","floor":1.0},{"not_picked":["Sword Boomerang","Anger"],"picked":"Armaments","floor":2.0},{"not_picked":["Rage","Flex","Sword Boomerang"],"picked":"SKIP","floor":4.0},{"not_picked":["Clash","Headbutt","Ghostly Armor"],"picked":"SKIP","floor":7.0},{"not_picked":["Anger","Searing Blow","Havoc"],"picked":"SKIP","floor":10.0},{"not_picked":["Dropkick","Bloodletting"],"picked":"Inflame+1","floor":14},{"not_picked":["Limit Break","Offering"],"picked":"Feed","floor":16},{"not_picked":["Iron Wave","Pommel Strike"],"picked":"Warcry","floor":18},{"not_picked":["True Grit","Flex+1","Perfected Strike"],"picked":"SKIP","floor":19},{"not_picked":["Shrug It Off","Burning Pact"],"picked":"Whirlwind+1","floor":21},{"not_picked":["Seeing Red+1","Havoc"],"picked":"Shrug It Off+1","floor":22},{"not_picked":["Rupture+1","Sword Boomerang","Evolve+1"],"picked":"SKIP","floor":24},{"not_picked":["Armaments","Second Wind+1"],"picked":"Sword Boomerang+1","floor":27},{"not_picked":["Body Slam","Perfected Strike"],"picked":"Twin Strike","floor":28},{"not_picked":["Twin Strike","Anger","Infernal Blade"],"picked":"SKIP","floor":29},{"not_picked":["Body Slam","Dropkick+1"],"picked":"Spot Weakness","floor":31},{"not_picked":["Fiend Fire","Exhume"],"picked":"Barricade+1","floor":33},{"not_picked":["Flex+1","Feel No Pain+1","Thunderclap"],"picked":"SKIP","floor":35},{"not_picked":["Headbutt","Twin Strike+1"],"picked":"Pummel","floor":36},{"not_picked":["Searing Blow","Hemokinesis"],"picked":"Battle Trance+1","floor":37},{"not_picked":["True Grit","Clothesline+1"],"picked":"Iron Wave+1","floor":40},{"not_picked":["True Grit+1","Perfected Strike+1"],"picked":"Shockwave+1","floor":41},{"not_picked":["Havoc+1","Dropkick"],"picked":"Impervious","floor":42},{"not_picked":["Anger+1","Heavy Blade","True Grit+1"],"picked":"SKIP","floor":44},{"not_picked":["Iron Wave+1","Clothesline","Entrench","Warcry"],"picked":"SKIP","floor":46},{"not_picked":["Havoc","Body Slam","Blood for Blood"],"picked":"Dropkick+1","floor":47},{"not_picked":["Armaments+1","Flex","Uppercut+1"],"picked":"Double Tap","floor":48}],"player_experience":202028,"relics_obtained":[{"floor":9.0,"key":"Self Forming Clay"},{"floor":10.0,"key":"Frozen Egg 2"},{"floor":11,"key":"Odd Mushroom"},{"floor":14,"key":"War Paint"},{"floor":28,"key":"Lantern"},{"floor":31,"key":"Du-Vu Doll"},{"floor":42,"key":"Ornamental Fan"},{"floor":44,"key":"Question Card"}],"event_choices":[{"cards_removed":["Strike_R"],"damage_healed":0.0,"max_hp_gain":0.0,"max_hp_loss":0.0,"gold_gain":0.0,"event_name":"Golden Wing","player_choice":"Card Removal","floor":3.0,"gold_loss":0.0,"damage_taken":7.0},{"damage_healed":0.0,"max_hp_gain":0.0,"max_hp_loss":0.0,"gold_gain":0.0,"event_name":"Liars Game","player_choice":"Ignored","floor":5.0,"gold_loss":0.0,"damage_taken":0.0},{"damage_healed":0.0,"max_hp_gain":0.0,"max_hp_loss":0.0,"gold_gain":0.0,"event_name":"Scrap Ooze","player_choice":"Success","floor":8.0,"gold_loss":0.0,"damage_taken":18.0,"relics_obtained":["Mercury Hourglass"]},{"damage_healed":0.0,"max_hp_gain":0.0,"max_hp_loss":0.0,"gold_gain":0.0,"event_name":"Mushrooms","player_choice":"Fought Mushrooms","floor":11.0,"gold_loss":0.0,"damage_taken":0.0},{"damage_healed":0,"gold_gain":0,"player_choice":"Entered Light","damage_taken":14,"max_hp_gain":0,"max_hp_loss":0,"event_name":"Shining Light","floor":13,"gold_loss":0,"cards_upgraded":["Strike_R","Defend_R"]},{"damage_healed":0,"gold_gain":0,"player_choice":"0 cards matched","damage_taken":0,"max_hp_gain":0,"max_hp_loss":0,"event_name":"Match and Keep!","floor":20,"gold_loss":0,"cards_obtained":[]},{"damage_healed":0,"gold_gain":75,"player_choice":"Touch","damage_taken":9,"max_hp_gain":0,"max_hp_loss":0,"event_name":"FaceTrader","floor":38,"gold_loss":0},{"damage_healed":0,"gold_gain":0,"player_choice":"Paid","damage_taken":0,"relics_obtained":["Red Mask"],"max_hp_gain":0,"max_hp_loss":0,"event_name":"Tomb of Lord Red Mask","floor":45,"gold_loss":151}],"is_beta":false,"boss_relics":[{"not_picked":["Ectoplasm","Snecko Eye"],"picked":"Cursed Key"},{"not_picked":["Mark of Pain","Orrery"],"picked":"Fusion Hammer"}],"items_purged_floors":[30,39],"is_endless":false,"potions_floor_spawned":[7,10,14,18,19,28,33,37,44,46,47],"ascension_level":0}