{"gold_per_floor":[114,133,107,107,257,257,49,49,49,99,140,171,64,83,83,181,181,196,216,131,131],"floor_reached":21,"playtime":1041,"items_purged":[],"score":404,"play_id":"5b7ae334-f037-4e69-a73a-39235e193e66","local_time":"20190818182206","is_ascension_mode":true,"campfire_choices":[{"data":"Deadly Poison","floor":6.0,"key":"SMITH"},{"data":"Envenom","floor":8.0,"key":"SMITH"},{"data":"Catalyst","floor":15.0,"key":"SMITH"}],"neow_cost":"NONE","seed_source_timestamp":143626936953000,"circlet_count":0,"master_deck":["AscendersBane","Survivor","Neutralize","Blade Dance","Deadly Poison+1","Sucker Punch","Injury","Doubt","Catalyst+1","Envenom+1","Cloak And Dagger","Escape Plan","Leg Sweep","Bouncing Flask","Footwork","Well Laid Plans","A Thousand Cuts","Poisoned Stab","Slice","Backstab","Unload","Concentrate","Backflip","Bouncing Flask","Catalyst","Infinite Blades","Terror","Calculated Gamble"],"special_seed":0,"relics":["Ring of the Snake","NeowsBlessing","Golden Idol","MawBank","Orichalcum","Odd Mushroom","Pandora\u0027s Box","Torii"],"potions_floor_usage":[],"damage_taken":[{"damage":0.0,"enemies":"2 Louse","floor":1.0,"turns":1.0},{"damage":0.0,"enemies":"Jaw Worm","floor":2.0,"turns":1.0},{"damage":0.0,"enemies":"Gremlin Nob","floor":10.0,"turns":1.0},{"damage":2.0,"enemies":"The Mushroom Lair","floor":11.0,"turns":5.0},{"damage":0.0,"enemies":"Small Slimes","floor":12.0,"turns":2.0},{"damage":7.0,"enemies":"Red Slaver","floor":14.0,"turns":5.0},{"damage":26.0,"enemies":"The Guardian","floor":16.0,"turns":9.0},{"damage":14.0,"enemies":"2 Thieves","floor":18.0,"turns":4.0},{"damage":20.0,"enemies":"Shell Parasite","floor":19.0,"turns":6.0},{"damage":18,"enemies":"3 Cultists","floor":21,"turns":4}],"seed_played":"-7805855131522242204","potions_obtained":[{"floor":2.0,"key":"AttackPotion"},{"floor":12.0,"key":"Regen Potion"}],"is_trial":false,"path_per_floor":["M","M","$","?","?","R","$","R","T","E","?","M","$","M","R","B",null,"M","M","?","M"],"character_chosen":"THE_SILENT","items_purchased":["Sucker Punch","Catalyst","Envenom","Bouncing Flask","Footwork"],"campfire_rested":0,"item_purchase_floors":[3,7,7,13,13],"current_hp_per_floor":[59,59,59,59,59,59,59,59,59,59,57,57,57,50,50,39,59,45,25,25,7],"gold":131,"neow_bonus":"THREE_ENEMY_KILL","is_prod":false,"is_daily":false,"chose_seed":false,"campfire_upgraded":3,"win_rate":0,"timestamp":1566145326,"path_taken":["M","M","$","?","?","R","$","R","T","E","?","M","?","M","R","BOSS","M","M","?","M"],"build_version":"2019-07-17","purchased_purges":0,"victory":false,"max_hp_per_floor":[66,66,66,66,66,66,66,66,66,66,66,66,66,66,66,66,66,66,66,66,66],"card_choices":[{"not_picked":["Choke","PiercingWail"],"picked":"Blade Dance","floor":1.0},{"not_picked":["Slice","Poisoned Stab"],"picked":"Deadly Poison","floor":2.0},{"not_picked":["Quick Slash","Flying Knee"],"picked":"Cloak And Dagger","floor":10.0},{"not_picked":["Calculated Gamble","Poisoned Stab"],"picked":"Escape Plan","floor":11.0},{"not_picked":["Flying Knee","Outmaneuver"],"picked":"Leg Sweep","floor":12.0},{"not_picked":["Setup","Outmaneuver"],"picked":"Well Laid Plans","floor":14.0},{"not_picked":["Adrenaline","Bullet Time"],"picked":"A Thousand Cuts","floor":16.0},{"not_picked":["Poisoned Stab","Slice"],"picked":"Calculated Gamble","floor":18.0},{"not_picked":["Eviscerate","Underhanded Strike+1","Tactician"],"picked":"SKIP","floor":19.0}],"player_experience":1132004,"relics_obtained":[{"floor":9.0,"key":"MawBank"},{"floor":10.0,"key":"Orichalcum"},{"floor":11.0,"key":"Odd Mushroom"}],"event_choices":[{"damage_healed":0.0,"max_hp_gain":0.0,"max_hp_loss":0.0,"gold_gain":0.0,"event_name":"Golden Idol","player_choice":"Take Wound","floor":4.0,"gold_loss":0.0,"damage_taken":0.0,"relics_obtained":["Golden Idol"],"cards_obtained":["Injury"]},{"damage_healed":0.0,"max_hp_gain":0.0,"max_hp_loss":0.0,"gold_gain":150.0,"event_name":"Liars Game","player_choice":"AGREE","floor":5.0,"gold_loss":0.0,"damage_taken":0.0,"cards_obtained":["Doubt"]},{"damage_healed":0.0,"max_hp_gain":0.0,"max_hp_loss":0.0,"gold_gain":0.0,"event_name":"Mushrooms","player_choice":"Fought Mushrooms","floor":11.0,"gold_loss":0.0,"damage_taken":0.0},{"damage_healed":0.0,"max_hp_gain":0.0,"max_hp_loss":0.0,"gold_gain":0.0,"event_name":"Addict","player_choice":"Obtained Relic","floor":20.0,"gold_loss":85.0,"damage_taken":0.0,"relics_obtained":["Torii"]}],"is_beta":false,"boss_relics":[{"not_picked":["Empty Cage","Tiny House"],"picked":"Pandora\u0027s Box"}],"items_purged_floors":[],"is_endless":false,"potions_floor_spawned":[2,12],"killed_by":"3 Cultists","ascension_level":20}