{"gold_per_floor":[118,134,151,13,13,13,32,32,32,72,72,105,105,146,146,239,239,262,280,294,294,308,308,328,328,328,364,388,388,402,425,425,524,524,540,1539,876,926,390,423,423,466,491,510,533,552,122,146,146,146,146],"floor_reached":51,"playtime":5825,"items_purged":["Normality","Normality","Injury"],"score":1498,"play_id":"9abf19cc-b1f5-445e-9f33-f2fbbfa0f81e","local_time":"20190817105332","is_ascension_mode":true,"campfire_choices":[{"data":"Deadly Poison","floor":6.0,"key":"SMITH"},{"data":"Bouncing Flask","floor":8.0,"key":"SMITH"},{"data":"Venomology","floor":11.0,"key":"SMITH"},{"data":"Well Laid Plans","floor":13.0,"key":"SMITH"},{"floor":15.0,"key":"REST"},{"floor":23.0,"key":"REST"},{"floor":25.0,"key":"REST"},{"floor":29.0,"key":"DIG"},{"data":"Distraction","floor":32.0,"key":"SMITH"},{"floor":41.0,"key":"DIG"},{"floor":49.0,"key":"RECALL"}],"neow_cost":"NONE","seed_source_timestamp":23755303418300,"circlet_count":0,"master_deck":["AscendersBane","Survivor","Neutralize","Caltrops","Leg Sweep","Backstab","Deadly Poison+1","Well Laid Plans+1","Bouncing Flask+1","Venomology+1","Escape Plan","PiercingWail","A Thousand Cuts","Blur","Distraction+1","Backflip","Backstab","Underhanded Strike","Well Laid Plans","Leg Sweep","Masterful Stab","Crippling Poison+1","Die Die Die","Outmaneuver","Backflip","Flying Knee","Flechettes+1","Escape Plan","Dodge and Roll","Bullet Time","Secret Technique","Dash+1","Adrenaline","Skewer","Skewer"],"special_seed":0,"relics":["Ring of the Snake","Ancient Tea Set","Golden Idol","Bottled Tornado","Matryoshka","Bottled Flame","Shovel","Pandora\u0027s Box","Snake Skull","Boot","Meat on the Bone","Velvet Choker","Vajra","Medical Kit","Paper Crane","Bag of Marbles","Lantern","Dream Catcher","Orichalcum","Strawberry","Potion Belt","Chemical X"],"potions_floor_usage":[51,51,51],"damage_taken":[{"damage":7.0,"enemies":"Cultist","floor":1.0,"turns":5.0},{"damage":2.0,"enemies":"Jaw Worm","floor":2.0,"turns":5.0},{"damage":2.0,"enemies":"2 Louse","floor":3.0,"turns":3.0},{"damage":5.0,"enemies":"Large Slime","floor":7.0,"turns":8.0},{"damage":0.0,"enemies":"Gremlin Nob","floor":10.0,"turns":3.0},{"damage":1.0,"enemies":"Lagavulin","floor":12.0,"turns":5.0},{"damage":20.0,"enemies":"Gremlin Nob","floor":14.0,"turns":4.0},{"damage":40.0,"enemies":"Slime Boss","floor":16.0,"turns":11.0},{"damage":17.0,"enemies":"Shell Parasite","floor":18.0,"turns":7.0},{"damage":13.0,"enemies":"2 Thieves","floor":19.0,"turns":5.0},{"damage":12.0,"enemies":"Sentry and Sphere","floor":20.0,"turns":6.0},{"damage":2.0,"enemies":"Shelled Parasite and Fungi","floor":22.0,"turns":6.0},{"damage":3.0,"enemies":"3 Cultists","floor":24.0,"turns":4.0},{"damage":14.0,"enemies":"Book of Stabbing","floor":27.0,"turns":5.0},{"damage":11.0,"enemies":"Snecko","floor":28.0,"turns":5.0},{"damage":0.0,"enemies":"Centurion and Healer","floor":30.0,"turns":6.0},{"damage":3.0,"enemies":"3 Cultists","floor":31.0,"turns":6.0},{"damage":30.0,"enemies":"Collector","floor":33.0,"turns":5.0},{"damage":9.0,"enemies":"3 Shapes","floor":35.0,"turns":6.0},{"damage":14.0,"enemies":"Nemesis","floor":40.0,"turns":7.0},{"damage":17.0,"enemies":"Reptomancer","floor":42.0,"turns":6.0},{"damage":2.0,"enemies":"3 Darklings","floor":44.0,"turns":4.0},{"damage":0.0,"enemies":"Sphere and 2 Shapes","floor":45.0,"turns":4.0},{"damage":0.0,"enemies":"Jaw Worm Horde","floor":46.0,"turns":5.0},{"damage":6.0,"enemies":"Writhing Mass","floor":48.0,"turns":4.0},{"damage":33.0,"enemies":"Time Eater","floor":50.0,"turns":11.0},{"damage":13,"enemies":"Donu and Deca","floor":51,"turns":4}],"seed_played":"6112959155701003327","potions_obtained":[{"floor":1.0,"key":"GamblersBrew"},{"floor":7.0,"key":"GamblersBrew"},{"floor":10.0,"key":"Swift Potion"},{"floor":14.0,"key":"Energy Potion"},{"floor":20.0,"key":"Dexterity Potion"},{"floor":24.0,"key":"PowerPotion"},{"floor":27.0,"key":"Fire Potion"},{"floor":28.0,"key":"EssenceOfSteel"},{"floor":31.0,"key":"Dexterity Potion"},{"floor":40.0,"key":"Energy Potion"},{"floor":46.0,"key":"Poison Potion"},{"floor":48.0,"key":"GamblersBrew"}],"is_trial":false,"path_per_floor":["M","M","M","$","?","R","M","R","T","E","R","E","R","E","R","B",null,"M","M","M","?","M","R","M","R","T","E","M","R","M","M","R","B",null,"M","?","$","?","$","E","R","E","T","M","M","M","$","M","R","B","B"],"character_chosen":"THE_SILENT","items_purchased":["Deadly Poison","Well Laid Plans","Secret Technique","Vajra","Medical Kit","Paper Crane","Bag of Marbles","Skewer","Chemical X"],"campfire_rested":3,"item_purchase_floors":[4,4,37,37,37,39,39,47,47],"current_hp_per_floor":[52,50,48,48,48,48,43,43,43,43,43,42,42,22,41,1,50,33,20,8,8,6,25,22,41,41,27,16,16,28,37,37,19,54,45,45,45,45,45,43,43,38,45,43,43,43,43,37,37,16,3],"gold":146,"neow_bonus":"RANDOM_COMMON_RELIC","is_prod":false,"is_daily":false,"chose_seed":false,"campfire_upgraded":5,"win_rate":0,"timestamp":1566032012,"path_taken":["M","?","M","$","?","R","M","R","T","E","R","E","R","E","R","BOSS","M","M","M","?","?","R","M","R","T","E","M","R","M","M","R","BOSS","M","?","$","?","$","E","R","E","T","M","M","?","$","M","R","BOSS","BOSS"],"build_version":"2019-07-17","purchased_purges":3,"victory":false,"max_hp_per_floor":[66,66,66,66,66,66,66,66,66,66,66,66,66,66,66,66,66,66,66,66,66,66,66,66,66,66,66,66,66,66,66,66,66,66,66,66,66,66,66,66,66,66,73,73,73,73,73,73,73,73,73],"card_choices":[{"not_picked":["Dagger Throw","Quick Slash"],"picked":"Caltrops","floor":1.0},{"not_picked":["Poisoned Stab","Riddle With Holes"],"picked":"Leg Sweep","floor":2.0},{"not_picked":["Dagger Throw","Quick Slash"],"picked":"Backstab","floor":3.0},{"not_picked":["Setup","Poisoned Stab"],"picked":"Bouncing Flask","floor":7.0},{"not_picked":["Blur","Well Laid Plans"],"picked":"Venomology","floor":10.0},{"not_picked":["Outmaneuver","Acrobatics"],"picked":"Escape Plan","floor":12.0},{"not_picked":["Outmaneuver","Predator"],"picked":"PiercingWail","floor":14.0},{"not_picked":["Glass Knife","After Image"],"picked":"A Thousand Cuts","floor":16.0},{"not_picked":["Endless Agony","Deflect"],"picked":"Outmaneuver","floor":18.0},{"not_picked":["Dagger Spray","Outmaneuver"],"picked":"Backflip","floor":19.0},{"not_picked":["Prepared","Poisoned Stab"],"picked":"Flying Knee","floor":20.0},{"not_picked":["Bouncing Flask","Blade Dance","Deadly Poison"],"picked":"SKIP","floor":22.0},{"not_picked":["Blade Dance","Quick Slash","Doppelganger"],"picked":"SKIP","floor":24.0},{"not_picked":["Backflip","Caltrops"],"picked":"Flechettes+1","floor":27.0},{"not_picked":["Bane","Dagger Throw"],"picked":"Escape Plan","floor":28.0},{"not_picked":["Dagger Spray+1","Choke"],"picked":"Dodge and Roll","floor":30.0},{"not_picked":["Quick Slash","Slice","Blade Dance"],"picked":"SKIP","floor":31.0},{"not_picked":["A Thousand Cuts","Night Terror"],"picked":"Bullet Time","floor":33.0},{"not_picked":["Quick Slash","Expertise","Cloak And Dagger"],"picked":"SKIP","floor":35.0},{"not_picked":["Caltrops","Well Laid Plans"],"picked":"Dash+1","floor":40.0},{"not_picked":["Underhanded Strike+1","Cloak And Dagger"],"picked":"Adrenaline","floor":42.0},{"not_picked":["Sucker Punch","Slice+1","Tactician"],"picked":"SKIP","floor":44.0},{"not_picked":["Eviscerate","Tactician+1","Endless Agony"],"picked":"SKIP","floor":45.0},{"not_picked":["Acrobatics","Dagger Spray","Blade Dance"],"picked":"SKIP","floor":46.0},{"not_picked":["Calculated Gamble","Distraction"],"picked":"Skewer","floor":48.0}],"player_experience":1070141,"relics_obtained":[{"floor":9.0,"key":"Bottled Tornado"},{"floor":10.0,"key":"Matryoshka"},{"floor":12.0,"key":"Bottled Flame"},{"floor":14.0,"key":"Shovel"},{"floor":26.0,"key":"Snake Skull"},{"floor":27.0,"key":"Boot"},{"floor":29.0,"key":"Meat on the Bone"},{"floor":40.0,"key":"Lantern"},{"floor":41.0,"key":"Dream Catcher"},{"floor":42.0,"key":"Orichalcum"},{"floor":43.0,"key":"Strawberry"},{"floor":43.0,"key":"Potion Belt"}],"event_choices":[{"damage_healed":0.0,"max_hp_gain":0.0,"max_hp_loss":0.0,"gold_gain":0.0,"event_name":"Golden Idol","player_choice":"Take Wound","floor":5.0,"gold_loss":0.0,"damage_taken":0.0,"relics_obtained":["Golden Idol"],"cards_obtained":["Injury"]},{"damage_healed":0.0,"max_hp_gain":0.0,"max_hp_loss":0.0,"gold_gain":0.0,"event_name":"Upgrade Shrine","player_choice":"Upgraded","floor":21.0,"gold_loss":0.0,"damage_taken":0.0,"cards_upgraded":["Crippling Poison"]},{"damage_healed":0.0,"max_hp_gain":0.0,"max_hp_loss":0.0,"gold_gain":999.0,"event_name":"MindBloom","player_choice":"Gold","floor":36.0,"gold_loss":0.0,"damage_taken":0.0,"cards_obtained":["Normality","Normality"]},{"damage_healed":0.0,"max_hp_gain":0.0,"max_hp_loss":0.0,"gold_gain":50.0,"event_name":"Golden Shrine","player_choice":"Pray","floor":38.0,"gold_loss":0.0,"damage_taken":0.0}],"is_beta":false,"boss_relics":[{"not_picked":["Lizard Tail","Runic Dome"],"picked":"Pandora\u0027s Box"},{"not_picked":["Tiny House","White Beast Statue"],"picked":"Velvet Choker"}],"items_purged_floors":[37,39,47],"is_endless":false,"potions_floor_spawned":[1,7,10,14,20,24,27,28,31,40,46,48],"killed_by":"Donu and Deca","ascension_level":20}