{"gold_per_floor":[113,113,130,149,160,171,196,214,214,246,246,256,256,1,1,99,99,113,128,227,247,247,276,276,301,328,122,122,156,156,174,174,174],"floor_reached":33,"playtime":1320,"items_purged":[],"score":446,"play_id":"8229beb1-b4e1-46e5-87a9-5f84d1b08839","local_time":"20190622132716","is_ascension_mode":true,"campfire_choices":[{"data":"Tempest","floor":11,"key":"SMITH"},{"data":"Zap","floor":13,"key":"SMITH"},{"data":"Machine Learning","floor":15,"key":"SMITH"},{"floor":24,"key":"REST"},{"floor":28,"key":"REST"},{"floor":32,"key":"REST"}],"neow_cost":"NONE","seed_source_timestamp":147253228834452,"circlet_count":0,"master_deck":["AscendersBane","Strike_B+1","Defend_B+1","Defend_B+1","Defend_B+1","Defend_B+1","Zap+1","Dualcast","Conserve Battery","Cold Snap","Leap","Gash","Undo","Machine Learning+1","Leap","Tempest+1","Rebound","Echo Form","Leap+1","Blizzard+1","Redo+1","Consume","Rebound+1","Sweeping Beam+1","Go for the Eyes","Self Repair","Fission","Coolheaded+1"],"relics":["Cracked Core","Bronze Scales","Mercury Hourglass","Bird Faced Urn","Mummified Hand","Astrolabe","Bag of Marbles","Red Mask","Oddly Smooth Stone","OrangePellets","StoneCalendar"],"potions_floor_usage":[2,7,10,12,16,18,25,31],"damage_taken":[{"damage":2,"enemies":"2 Louse","floor":1,"turns":2},{"damage":0,"enemies":"Cultist","floor":3,"turns":4},{"damage":1,"enemies":"Small Slimes","floor":4,"turns":3},{"damage":6,"enemies":"Blue Slaver","floor":5,"turns":4},{"damage":4,"enemies":"3 Louse","floor":6,"turns":4},{"damage":6,"enemies":"Lagavulin","floor":7,"turns":10},{"damage":0,"enemies":"Large Slime","floor":8,"turns":5},{"damage":4,"enemies":"3 Sentries","floor":10,"turns":5},{"damage":0,"enemies":"Lots of Slimes","floor":12,"turns":2},{"damage":26,"enemies":"The Guardian","floor":16,"turns":11},{"damage":20,"enemies":"2 Thieves","floor":18,"turns":3},{"damage":5,"enemies":"3 Byrds","floor":19,"turns":2},{"damage":1,"enemies":"Snecko","floor":21,"turns":4},{"damage":25,"enemies":"Book of Stabbing","floor":23,"turns":6},{"damage":28,"enemies":"Masked Bandits","floor":25,"turns":4},{"damage":44,"enemies":"Gremlin Leader","floor":29,"turns":7},{"damage":21,"enemies":"Shelled Parasite and Fungi","floor":31,"turns":6},{"damage":65,"enemies":"Automaton","floor":33,"turns":6}],"seed_played":"5768111342449416251","potions_obtained":[{"floor":0,"key":"Regen Potion"},{"floor":0,"key":"Regen Potion"},{"floor":0,"key":"Block Potion"},{"floor":2,"key":"Fruit Juice"},{"floor":2,"key":"EssenceOfSteel"},{"floor":8,"key":"SkillPotion"},{"floor":10,"key":"SteroidPotion"},{"floor":12,"key":"Fire Potion"},{"floor":19,"key":"Ancient Potion"},{"floor":23,"key":"Ancient Potion"},{"floor":25,"key":"EssenceOfSteel"},{"floor":29,"key":"Energy Potion"}],"is_trial":false,"path_per_floor":["M","?","M","M","M","M","E","M","T","E","R","M","R","$","R","B",null,"M","M","?","M","?","E","R","?","T","$","R","E","$","M","R","B"],"character_chosen":"DEFECT","items_purchased":["Mummified Hand","OrangePellets"],"campfire_rested":3,"item_purchase_floors":[14,27],"current_hp_per_floor":[66,71,71,70,64,60,54,54,54,50,50,50,50,50,50,41,70,54,51,51,54,54,31,55,31,31,31,55,24,24,25,49,0],"gold":174,"neow_bonus":"THREE_SMALL_POTIONS","is_prod":false,"is_daily":false,"chose_seed":false,"campfire_upgraded":3,"win_rate":0,"timestamp":1561228036,"path_taken":["M","?","?","M","M","?","E","M","T","E","R","M","R","?","R","BOSS","M","?","?","M","?","E","R","?","T","?","R","E","$","?","R","BOSS"],"build_version":"2019-01-23","purchased_purges":0,"victory":false,"max_hp_per_floor":[75,80,80,80,80,80,80,80,80,80,80,80,80,80,80,80,80,80,80,80,80,80,80,80,80,80,80,80,80,80,80,80,80],"card_choices":[{"not_picked":["Barrage","Compile Driver"],"picked":"Conserve Battery","floor":1},{"not_picked":["Coolheaded","Compile Driver"],"picked":"Cold Snap","floor":3},{"not_picked":["Reinforced Body","Rebound"],"picked":"Leap","floor":4},{"not_picked":["Turbo","Static Discharge"],"picked":"Gash","floor":5},{"not_picked":["Scrape","Auto Shields"],"picked":"Undo","floor":6},{"not_picked":["Recycle","Barrage"],"picked":"Machine Learning","floor":7},{"not_picked":["Fusion","Skim"],"picked":"Leap","floor":8},{"not_picked":["Reinforced Body","Beam Cell"],"picked":"Tempest","floor":10},{"not_picked":["Leap","Sweeping Beam"],"picked":"Rebound","floor":12},{"not_picked":["Reboot","Buffer"],"picked":"Echo Form","floor":16},{"not_picked":["Compile Driver","Lockon"],"picked":"Consume","floor":18},{"not_picked":["Double Energy","Rip and Tear"],"picked":"Rebound+1","floor":19},{"not_picked":["Hello World+1","Force Field"],"picked":"Sweeping Beam+1","floor":21},{"not_picked":["Recycle","Steam+1"],"picked":"Go for the Eyes","floor":23},{"not_picked":["Static Discharge","Fusion"],"picked":"Self Repair","floor":25},{"not_picked":["Redo","Conserve Battery"],"picked":"Fission","floor":29},{"not_picked":["Gash","Ball Lightning"],"picked":"Coolheaded+1","floor":31}],"player_experience":250485,"relics_obtained":[{"floor":7,"key":"Bronze Scales"},{"floor":9,"key":"Mercury Hourglass"},{"floor":10,"key":"Bird Faced Urn"},{"floor":23,"key":"Bag of Marbles"},{"floor":25,"key":"Red Mask"},{"floor":26,"key":"Oddly Smooth Stone"},{"floor":29,"key":"StoneCalendar"}],"event_choices":[{"damage_healed":0,"gold_gain":0,"player_choice":"Got Potions","damage_taken":0,"max_hp_gain":0,"max_hp_loss":0,"event_name":"Lab","floor":2,"gold_loss":0},{"damage_healed":0,"gold_gain":99,"player_choice":"Stole From Cult","damage_taken":0,"max_hp_gain":0,"max_hp_loss":0,"event_name":"Nest","floor":20,"gold_loss":0},{"damage_healed":0,"gold_gain":0,"player_choice":"Simplicity","damage_taken":0,"max_hp_gain":0,"max_hp_loss":0,"event_name":"Back to Basics","floor":22,"gold_loss":0,"cards_upgraded":["Strike_B","Defend_B","Defend_B","Defend_B","Defend_B"]},{"damage_healed":0,"gold_gain":0,"player_choice":"Fought Bandits","damage_taken":0,"max_hp_gain":0,"max_hp_loss":0,"event_name":"Masked Bandits","floor":25,"gold_loss":0}],"is_beta":false,"boss_relics":[{"not_picked":["Runic Pyramid","FrozenCore"],"picked":"Astrolabe"}],"items_purged_floors":[],"is_endless":false,"potions_floor_spawned":[1,8,10,12,19,23,25,29],"killed_by":"Automaton","ascension_level":10}