{"gold_per_floor":[168,178,178,178,197,231,242,269,322,322,369,396,415,430,430,534,534,547,561,423,433,165,196,196,212,212,212,225,225,260,291,303,417,429,454,479,4,17,27,27,54,54,54,64,64,112,112,124,124,124],"floor_reached":51,"playtime":3602,"items_purged":["Strike_B","Strike_B"],"score":726,"play_id":"98a17121-38c6-421c-acb4-13e8c12df24b","local_time":"20190724141308","is_ascension_mode":true,"campfire_choices":[{"floor":10,"key":"REST"},{"data":"Defragment","floor":15,"key":"SMITH"},{"data":"Buffer","floor":24,"key":"SMITH"},{"data":"Biased Cognition","floor":29,"key":"SMITH"},{"data":"Recycle","floor":32,"key":"SMITH"},{"floor":40,"key":"REST"},{"floor":42,"key":"REST"},{"data":"Seek","floor":45,"key":"SMITH"},{"floor":49,"key":"REST"}],"neow_cost":"NONE","seed_source_timestamp":9860986764405000,"circlet_count":0,"master_deck":["Defend_B+1","Defend_B","Defend_B","Defend_B","Zap","Dualcast+1","Defragment+1","Genetic Algorithm","Genetic Algorithm","Coolheaded","Static Discharge","Defragment+1","Heatsinks","Heatsinks","Biased Cognition+1","Redo","Hologram+1","Darkness","Buffer+1","Storm+1","Capacitor","Doom and Gloom+1","Recycle+1","Steam Power","Seek+1","Capacitor","Heatsinks","Force Field","Creative AI","Recycle+1","Echo Form","Redo+1","Core Surge+1","Capacitor"],"relics":["Tiny House","Bag of Marbles","Smiling Mask","Kunai","Tiny Chest","Boot","Bird Faced Urn","Empty Cage","Pen Nib","Prayer Wheel","Nloth\u0027s Gift","MawBank","Orrery","Bottled Lightning","Medical Kit","Molten Egg 2","Potion Belt","Thread and Needle"],"potions_floor_usage":[6,6,12,14,14,16,28,30,31,41,46],"damage_taken":[{"damage":0,"enemies":"Small Slimes","floor":1,"turns":3},{"damage":3,"enemies":"Jaw Worm","floor":2,"turns":4},{"damage":0,"enemies":"2 Louse","floor":5,"turns":3},{"damage":13,"enemies":"Gremlin Nob","floor":6,"turns":3},{"damage":18,"enemies":"Red Slaver","floor":7,"turns":4},{"damage":16,"enemies":"3 Sentries","floor":8,"turns":12},{"damage":26,"enemies":"Gremlin Nob","floor":12,"turns":4},{"damage":6,"enemies":"Looter","floor":13,"turns":5},{"damage":8,"enemies":"Gremlin Gang","floor":14,"turns":5},{"damage":7,"enemies":"Hexaghost","floor":16,"turns":10},{"damage":12,"enemies":"Shell Parasite","floor":18,"turns":10},{"damage":6,"enemies":"Chosen","floor":19,"turns":7},{"damage":4,"enemies":"Snecko","floor":21,"turns":8},{"damage":80,"enemies":"Gremlin Leader","floor":23,"turns":15},{"damage":12,"enemies":"3 Cultists","floor":25,"turns":5},{"damage":12,"enemies":"Sentry and Sphere","floor":28,"turns":5},{"damage":20,"enemies":"Book of Stabbing","floor":30,"turns":6},{"damage":17,"enemies":"Centurion and Healer","floor":31,"turns":4},{"damage":15,"enemies":"Champ","floor":33,"turns":9},{"damage":25,"enemies":"3 Shapes","floor":35,"turns":4},{"damage":10,"enemies":"3 Darklings","floor":36,"turns":6},{"damage":20,"enemies":"Writhing Mass","floor":38,"turns":5},{"damage":69,"enemies":"Sphere and 2 Shapes","floor":39,"turns":6},{"damage":31,"enemies":"Giant Head","floor":41,"turns":8},{"damage":21,"enemies":"Spire Growth","floor":44,"turns":6},{"damage":70,"enemies":"2 Orb Walkers","floor":46,"turns":6},{"damage":14,"enemies":"Writhing Mass","floor":48,"turns":5},{"damage":62,"enemies":"Time Eater","floor":50,"turns":8}],"seed_played":"736043901354307756","potions_obtained":[{"floor":0,"key":"Ancient Potion"},{"floor":2,"key":"Poison Potion"},{"floor":5,"key":"SteroidPotion"},{"floor":8,"key":"FearPotion"},{"floor":13,"key":"Poison Potion"},{"floor":14,"key":"LiquidBronze"},{"floor":21,"key":"Weak Potion"},{"floor":23,"key":"Weak Potion"},{"floor":28,"key":"Energy Potion"},{"floor":30,"key":"Poison Potion"},{"floor":31,"key":"Explosive Potion"},{"floor":35,"key":"FocusPotion"},{"floor":41,"key":"Block Potion"},{"floor":46,"key":"Energy Potion"}],"is_trial":false,"path_per_floor":["M","M","?","T","M","E","M","E","T","R","T","E","M","M","R","B",null,"M","M","?","M","$","E","R","M","T","?","M","R","E","M","R","B",null,"M","M","$","M","M","R","E","R","T","M","R","?","?","M","R","B",null],"character_chosen":"DEFECT","items_purchased":["Darkness","Buffer","Bottled Lightning","Medical Kit"],"campfire_rested":4,"item_purchase_floors":[22,22,37,37],"current_hp_per_floor":[80,77,61,61,61,48,30,14,14,38,38,12,12,12,12,15,80,78,79,79,78,78,12,12,14,14,14,18,18,16,13,13,16,80,71,79,79,66,29,53,44,68,68,65,65,13,13,27,51,27],"gold":124,"neow_bonus":"BOSS_RELIC","is_prod":false,"is_daily":false,"chose_seed":false,"campfire_upgraded":5,"win_rate":0,"timestamp":1563955988,"path_taken":["M","M","?","?","M","E","M","E","T","R","?","E","M","M","R","BOSS","M","M","?","M","$","E","R","?","T","?","M","R","E","?","R","BOSS","M","M","$","M","M","R","E","R","T","M","R","?","?","M","R","BOSS"],"build_version":"2019-07-17","purchased_purges":2,"victory":true,"max_hp_per_floor":[80,80,80,80,80,80,80,80,80,80,80,80,80,80,80,80,80,80,80,80,80,80,80,80,80,80,80,80,80,80,80,80,80,80,80,80,80,80,80,80,80,80,80,80,80,80,80,80,80,80],"card_choices":[{"not_picked":["Beam Cell","Stack"],"picked":"Defragment","floor":0},{"not_picked":["Conserve Battery","Barrage"],"picked":"Streamline","floor":1},{"not_picked":["Redo","Compile Driver","Steam"],"picked":"SKIP","floor":2},{"not_picked":["Redo","Ball Lightning"],"picked":"Genetic Algorithm","floor":5},{"not_picked":["Fission","Turbo"],"picked":"Genetic Algorithm","floor":6},{"not_picked":["Skim","Gash"],"picked":"Coolheaded","floor":7},{"not_picked":["Reprogram","Aggregate"],"picked":"Static Discharge","floor":8},{"not_picked":["Thunder Strike","Go for the Eyes"],"picked":"Defragment","floor":12},{"not_picked":["Sunder","Cold Snap"],"picked":"Heatsinks","floor":13},{"not_picked":["Rebound","Cold Snap"],"picked":"Heatsinks","floor":14},{"not_picked":["Buffer","Meteor Strike"],"picked":"Biased Cognition","floor":16},{"not_picked":["Ball Lightning","Glacier"],"picked":"Redo","floor":18},{"not_picked":["Glacier","Leap","Redo"],"picked":"SKIP","floor":19},{"not_picked":["Compile Driver","Auto Shields"],"picked":"Hologram+1","floor":21},{"not_picked":["Chaos","Streamline"],"picked":"Storm+1","floor":23},{"not_picked":["Turbo","Ball Lightning","Thunder Strike"],"picked":"SKIP","floor":25},{"not_picked":["Barrage","Steam"],"picked":"Capacitor","floor":28},{"not_picked":["Streamline","Cold Snap"],"picked":"Doom and Gloom+1","floor":28},{"not_picked":["Compile Driver","Leap","Gash"],"picked":"SKIP","floor":30},{"not_picked":["Turbo+1","Glacier"],"picked":"Recycle","floor":31},{"not_picked":["Lockon","Blizzard","Steam Power"],"picked":"SKIP","floor":31},{"not_picked":["Lockon","Blizzard"],"picked":"Steam Power","floor":31},{"not_picked":["Biased Cognition","Machine Learning"],"picked":"Seek","floor":33},{"not_picked":["Coolheaded","Meteor Strike"],"picked":"Capacitor","floor":34},{"not_picked":["Turbo","Leap"],"picked":"Heatsinks","floor":34},{"not_picked":["Reprogram","Barrage"],"picked":"Force Field","floor":35},{"not_picked":["Leap","Cold Snap+1","Rebound+1"],"picked":"SKIP","floor":35},{"not_picked":["Stack+1","Redo+1"],"picked":"Creative AI","floor":36},{"not_picked":["Streamline","Hologram+1","Sweeping Beam"],"picked":"SKIP","floor":36},{"not_picked":["Go for the Eyes+1","Rip and Tear+1"],"picked":"Recycle+1","floor":38},{"not_picked":["Steam Power+1","Sunder","Turbo"],"picked":"SKIP","floor":38},{"not_picked":["FTL","Melter","Go for the Eyes"],"picked":"SKIP","floor":39},{"not_picked":["Consume+1","Ball Lightning","FTL+1"],"picked":"SKIP","floor":39},{"not_picked":["Gash+1","Leap+1"],"picked":"Echo Form","floor":41},{"not_picked":["Gash+1","Steam+1","Sunder+1"],"picked":"SKIP","floor":44},{"not_picked":["Aggregate+1","Barrage+1","Auto Shields+1"],"picked":"SKIP","floor":44},{"not_picked":["Fusion+1","Rebound+1"],"picked":"Redo+1","floor":46},{"not_picked":["Recycle","Cold Snap+1"],"picked":"Core Surge+1","floor":48},{"not_picked":["Go for the Eyes+1","Barrage+1"],"picked":"Capacitor","floor":48}],"player_experience":1577280,"relics_obtained":[{"floor":4,"key":"Bag of Marbles"},{"floor":6,"key":"Smiling Mask"},{"floor":8,"key":"Kunai"},{"floor":9,"key":"Tiny Chest"},{"floor":11,"key":"Boot"},{"floor":12,"key":"Bird Faced Urn"},{"floor":23,"key":"Pen Nib"},{"floor":26,"key":"Prayer Wheel"},{"floor":30,"key":"MawBank"},{"floor":41,"key":"Molten Egg 2"},{"floor":43,"key":"Potion Belt"},{"floor":46,"key":"Thread and Needle"}],"event_choices":[{"damage_healed":0,"gold_gain":0,"player_choice":"Entered Light","damage_taken":16,"max_hp_gain":0,"max_hp_loss":0,"event_name":"Shining Light","floor":3,"gold_loss":0,"cards_upgraded":["Defend_B","Defragment"]},{"damage_healed":0,"gold_gain":0,"player_choice":"Paid Gold","damage_taken":0,"relics_obtained":["Dream Catcher"],"max_hp_gain":0,"max_hp_loss":0,"event_name":"WeMeetAgain","floor":20,"gold_loss":138},{"damage_healed":0,"gold_gain":0,"player_choice":"Traded Relic","damage_taken":0,"relics_obtained":["Nloth\u0027s Gift"],"max_hp_gain":0,"max_hp_loss":0,"event_name":"N\u0027loth","floor":27,"relics_lost":["Dream Catcher"],"gold_loss":0},{"damage_healed":0,"gold_gain":0,"player_choice":"Fight","damage_taken":0,"max_hp_gain":0,"max_hp_loss":0,"event_name":"Mysterious Sphere","floor":46,"gold_loss":0},{"cards_removed":["Streamline"],"damage_healed":0,"gold_gain":0,"player_choice":"Removed Attack","damage_taken":0,"max_hp_gain":0,"max_hp_loss":0,"event_name":"Falling","floor":47,"gold_loss":0}],"is_beta":false,"boss_relics":[{"not_picked":["Fusion Hammer","Snecko Eye"],"picked":"Empty Cage"},{"not_picked":["Coffee Dripper","White Beast Statue"],"picked":"Orrery"}],"items_purged_floors":[22,37],"is_endless":false,"potions_floor_spawned":[2,5,8,13,14,21,23,28,30,31,35,38,41,46],"ascension_level":1}