{"gold_per_floor":[109,127,142,155,171,202,215,248,317,342,316,316,316,346,346,451,451,468,468,139,151,131,160,160,188,214,214,231,231,250,250,250,350,350,370,670,282,301,301,301,314,314,360,375,375,390,390,301,301,301,301,301,17,43,43],"floor_reached":55,"playtime":7958,"items_purged":["Warcry+1","Defend_R","Defend_R","Sadistic Nature"],"score":994,"play_id":"850bd232-307e-4c04-81f4-5172d1b2f5f7","local_time":"20190714222705","is_ascension_mode":true,"campfire_choices":[{"data":"Mind Blast","floor":12.0,"key":"SMITH"},{"data":"Finesse","floor":15.0,"key":"SMITH"},{"data":"Dual Wield","floor":24.0,"key":"SMITH"},{"data":"Heavy Blade","floor":27.0,"key":"SMITH"},{"floor":32.0,"key":"RECALL"},{"data":"Inflame","floor":40.0,"key":"SMITH"},{"data":"Inflame","floor":42.0,"key":"SMITH"},{"data":"Bludgeon","floor":49.0,"key":"SMITH"},{"data":"Disarm","floor":52.0,"key":"SMITH"}],"neow_cost":"PERCENT_DAMAGE","seed_source_timestamp":0,"circlet_count":0,"master_deck":["Defend_R","Defend_R","Bash","Mind Blast+1","Heavy Blade+1","Clothesline+1","Disarm+1","Rampage","Double Tap","Inflame+1","Dual Wield+1","Sever Soul","Immolate","True Grit+1","Bite","Bite","Bite","Bite+1","Bite","Inflame+1","Feel No Pain+1","Immolate","Impervious+1","Feel No Pain","Entrench+1","True Grit+1","Bludgeon+1","True Grit+1","Dark Embrace","True Grit+1","Warcry+1"],"special_seed":0,"relics":["Burning Blood","Charon\u0027s Ashes","Pear","Toxic Egg 2","Ancient Tea Set","Torii","Snecko Eye","Membership Card","Bag of Preparation","Anchor","Whetstone","Busted Crown","Red Skull","Orichalcum","ClockworkSouvenir","Bronze Scales","Gremlin Horn","Lee\u0027s Waffle","Bag of Marbles","Vajra"],"potions_floor_usage":[55,55,55],"damage_taken":[{"damage":5.0,"enemies":"2 Louse","floor":1.0,"turns":3.0},{"damage":1.0,"enemies":"Small Slimes","floor":2.0,"turns":4.0},{"damage":7.0,"enemies":"Cultist","floor":3.0,"turns":5.0},{"damage":0.0,"enemies":"Large Slime","floor":4.0,"turns":5.0},{"damage":11.0,"enemies":"Looter","floor":5.0,"turns":4.0},{"damage":28.0,"enemies":"Lagavulin","floor":6.0,"turns":7.0},{"damage":10.0,"enemies":"Red Slaver","floor":7.0,"turns":3.0},{"damage":18.0,"enemies":"3 Sentries","floor":8.0,"turns":6.0},{"damage":16.0,"enemies":"Gremlin Nob","floor":10.0,"turns":3.0},{"damage":13.0,"enemies":"3 Sentries","floor":14.0,"turns":6.0},{"damage":19.0,"enemies":"The Guardian","floor":16.0,"turns":10.0},{"damage":18.0,"enemies":"Shell Parasite","floor":18.0,"turns":5.0},{"damage":18.0,"enemies":"Spheric Guardian","floor":21.0,"turns":4.0},{"damage":0.0,"enemies":"Gremlin Leader","floor":23.0,"turns":2.0},{"damage":0.0,"enemies":"Book of Stabbing","floor":25.0,"turns":2.0},{"damage":0.0,"enemies":"Shelled Parasite and Fungi","floor":28.0,"turns":1.0},{"damage":1.0,"enemies":"Cultist and Chosen","floor":30.0,"turns":3.0},{"damage":27.0,"enemies":"Champ","floor":33.0,"turns":9.0},{"damage":9.0,"enemies":"3 Darklings","floor":35.0,"turns":4.0},{"damage":0.0,"enemies":"Orb Walker","floor":38.0,"turns":2.0},{"damage":7.0,"enemies":"Maw","floor":41.0,"turns":5.0},{"damage":0.0,"enemies":"Spire Growth","floor":44.0,"turns":3.0},{"damage":1.0,"enemies":"Transient","floor":46.0,"turns":5.0},{"damage":57.0,"enemies":"Time Eater","floor":50.0,"turns":9.0},{"damage":23.0,"enemies":"Shield and Spear","floor":54.0,"turns":5.0},{"damage":70,"enemies":"The Heart","floor":55,"turns":6}],"seed_played":"6013879668196511741","potions_obtained":[{"floor":2.0,"key":"FearPotion"},{"floor":3.0,"key":"Regen Potion"},{"floor":6.0,"key":"SkillPotion"},{"floor":7.0,"key":"Weak Potion"},{"floor":10.0,"key":"AttackPotion"},{"floor":16.0,"key":"SteroidPotion"},{"floor":21.0,"key":"Poison Potion"},{"floor":22.0,"key":"SkillPotion"},{"floor":25.0,"key":"Explosive Potion"},{"floor":30.0,"key":"AttackPotion"},{"floor":38.0,"key":"Strength Potion"},{"floor":46.0,"key":"Ancient Potion"}],"is_trial":false,"path_per_floor":["M","M","M","M","M","E","M","E","T","E","?","R","?","E","R","B",null,"M","?","$","M","?","E","R","E","T","R","M","?","M","?","R","B",null,"M","?","$","M","?","R","M","R","T","M","?","M","T","$","R","B",null,"R","$","E","B"],"character_chosen":"IRONCLAD","items_purchased":["Membership Card","Inflame","Bag of Preparation","Red Skull","Orichalcum","ClockworkSouvenir","True Grit+1","Dark Embrace","FearPotion","Lee\u0027s Waffle","Bag of Marbles","EssenceOfSteel"],"campfire_rested":0,"item_purchase_floors":[20,20,20,37,37,37,37,37,48,53,53,53],"current_hp_per_floor":[57,62,61,67,62,55,51,49,49,39,39,39,32,25,25,12,71,59,59,59,50,50,56,56,62,62,62,62,62,62,62,62,52,60,59,59,59,62,62,62,61,61,61,62,62,62,62,62,62,26,53,53,69,68,0],"gold":43,"neow_bonus":"RANDOM_COLORLESS_2","is_prod":false,"is_daily":false,"chose_seed":false,"campfire_upgraded":8,"win_rate":0,"timestamp":1563168425,"path_taken":["M","M","M","M","M","E","M","E","T","E","?","R","?","E","R","BOSS","M","?","$","M","?","E","R","E","T","R","?","?","M","?","R","BOSS","M","?","$","?","?","R","?","R","T","M","?","M","?","$","R","BOSS","R","$","E","BOSS"],"build_version":"2019-07-05","purchased_purges":4,"victory":false,"max_hp_per_floor":[80,80,80,80,80,80,80,90,90,90,90,90,90,90,90,90,90,90,62,62,62,62,62,62,62,62,62,62,62,62,62,62,62,62,62,62,62,62,62,62,62,62,62,62,62,62,62,62,62,62,62,62,69,69,69],"card_choices":[{"not_picked":["Thunderclap","Body Slam"],"picked":"Intimidate","floor":1.0},{"not_picked":["Flame Barrier","Combust"],"picked":"Heavy Blade","floor":2.0},{"not_picked":["Dual Wield","Spot Weakness"],"picked":"Clothesline","floor":3.0},{"not_picked":["Sword Boomerang","Wild Strike"],"picked":"Disarm","floor":4.0},{"not_picked":["Clash","Metallicize"],"picked":"Rampage","floor":5.0},{"not_picked":["Anger","Disarm"],"picked":"Double Tap","floor":6.0},{"not_picked":["Burning Pact","Cleave"],"picked":"Inflame","floor":7.0},{"not_picked":["Sentinel","Clothesline"],"picked":"Dual Wield","floor":8.0},{"not_picked":["Fire Breathing","Perfected Strike"],"picked":"Sever Soul","floor":10.0},{"not_picked":["Clothesline","Blood for Blood"],"picked":"Warcry+1","floor":14.0},{"not_picked":["Dark Embrace","Double Tap+1"],"picked":"Immolate","floor":16.0},{"not_picked":["Heavy Blade","Perfected Strike"],"picked":"True Grit+1","floor":18.0},{"not_picked":["Combust","Metallicize"],"picked":"Feel No Pain+1","floor":21.0},{"not_picked":["Twin Strike","Havoc+1"],"picked":"Immolate","floor":23.0},{"not_picked":["Burning Pact+1","Carnage"],"picked":"Impervious+1","floor":25.0},{"not_picked":["True Grit+1","Flex+1"],"picked":"Feel No Pain","floor":28.0},{"not_picked":["Fire Breathing","Anger"],"picked":"True Grit+1","floor":30.0},{"not_picked":["Brutality","Feed"],"picked":"Bludgeon","floor":33.0},{"not_picked":["Sword Boomerang"],"picked":"SKIP","floor":35.0},{"not_picked":["Dropkick+1"],"picked":"SKIP","floor":38.0},{"not_picked":["Clothesline"],"picked":"SKIP","floor":41.0},{"not_picked":[],"picked":"True Grit+1","floor":44.0},{"not_picked":["Pommel Strike"],"picked":"SKIP","floor":46.0},{"not_picked":[],"picked":"Warcry+1","floor":54.0}],"player_experience":257555,"relics_obtained":[{"floor":6.0,"key":"Charon\u0027s Ashes"},{"floor":8.0,"key":"Pear"},{"floor":9.0,"key":"Toxic Egg 2"},{"floor":10.0,"key":"Ancient Tea Set"},{"floor":14.0,"key":"Torii"},{"floor":23.0,"key":"Anchor"},{"floor":25.0,"key":"Whetstone"},{"floor":43.0,"key":"Bronze Scales"},{"floor":47.0,"key":"Gremlin Horn"},{"floor":54.0,"key":"Vajra"}],"event_choices":[{"damage_healed":0.0,"max_hp_gain":0.0,"max_hp_loss":0.0,"gold_gain":0.0,"event_name":"World of Goop","player_choice":"Left Gold","floor":11.0,"gold_loss":26.0,"damage_taken":0.0},{"cards_removed":["Strike_R"],"damage_healed":0.0,"max_hp_gain":0.0,"max_hp_loss":0.0,"gold_gain":0.0,"event_name":"Golden Wing","player_choice":"Card Removal","floor":13.0,"gold_loss":0.0,"damage_taken":7.0},{"damage_healed":0.0,"max_hp_gain":0.0,"max_hp_loss":28.0,"gold_gain":0.0,"event_name":"Vampires","player_choice":"Became a vampire","floor":19.0,"gold_loss":0.0,"damage_taken":0.0,"cards_obtained":["Bite","Bite","Bite","Bite","Bite"]},{"damage_healed":0.0,"max_hp_gain":0.0,"max_hp_loss":0.0,"gold_gain":0.0,"event_name":"The Woman in Blue","player_choice":"Bought 1 Potion","floor":22.0,"gold_loss":0.0,"damage_taken":0.0},{"damage_healed":0.0,"max_hp_gain":0.0,"max_hp_loss":0.0,"gold_gain":0.0,"cards_transformed":["Intimidate","Finesse"],"event_name":"Drug Dealer","player_choice":"Became Test Subject","floor":29.0,"gold_loss":0.0,"damage_taken":0.0,"cards_obtained":["Entrench","Sadistic Nature"]},{"damage_healed":0.0,"max_hp_gain":0.0,"max_hp_loss":0.0,"gold_gain":0.0,"event_name":"Beggar","player_choice":"Ignored","floor":31.0,"gold_loss":0.0,"damage_taken":0.0},{"damage_healed":0.0,"max_hp_gain":0.0,"max_hp_loss":0.0,"gold_gain":300.0,"event_name":"Wheel of Change","player_choice":"Gold","floor":36.0,"gold_loss":0.0,"damage_taken":0.0},{"damage_healed":0.0,"max_hp_gain":0.0,"max_hp_loss":0.0,"gold_gain":0.0,"event_name":"SecretPortal","player_choice":"Ignored","floor":39.0,"gold_loss":0.0,"damage_taken":0.0},{"damage_healed":0.0,"max_hp_gain":0.0,"max_hp_loss":0.0,"gold_gain":0.0,"event_name":"Tomb of Lord Red Mask","player_choice":"Ignored","floor":45.0,"gold_loss":0.0,"damage_taken":0.0}],"is_beta":false,"boss_relics":[{"not_picked":["Velvet Choker","Empty Cage"],"picked":"Snecko Eye"},{"not_picked":["Philosopher\u0027s Stone","Lizard Tail"],"picked":"Busted Crown"}],"items_purged_floors":[20,37,48,53],"is_endless":false,"potions_floor_spawned":[2,3,6,7,10,16,21,25,30,38,46,54],"killed_by":"The Heart","ascension_level":5}