{"gold_per_floor":[217,217,66,82,97,19,19,34,108,141,141,155,184,184,184,258,258,277,288,288,308,407,407,432,432,432,432,432,442,452,452],"floor_reached":31,"playtime":1251,"items_purged":["Strike_G"],"score":536,"play_id":"fcfcc290-1c8a-4e7d-9c7a-a846d205a4e3","local_time":"20190718234100","is_ascension_mode":true,"campfire_choices":[{"data":"Footwork","floor":7,"key":"SMITH"},{"data":"Noxious Fumes","floor":11,"key":"SMITH"},{"floor":15,"key":"REST"},{"floor":23,"key":"REST"},{"floor":25,"key":"REST"},{"floor":28,"key":"REST"}],"neow_cost":"NONE","seed_source_timestamp":519422473052580,"circlet_count":0,"master_deck":["AscendersBane","Strike_G","Strike_G","Strike_G","Strike_G","Defend_G+1","Defend_G+1","Defend_G","Defend_G","Defend_G","Survivor","Neutralize+1","Blade Dance+1","Noxious Fumes+1","Quick Slash","Footwork+1","Caltrops+1","Caltrops","Predator","Deadly Poison","Corpse Explosion","Flechettes","Bouncing Flask","Blur","Footwork"],"relics":["Ring of the Snake","Matryoshka","PreservedInsect","Orichalcum","Runic Pyramid","War Paint","Oddly Smooth Stone","Lantern","Paper Crane","Blue Candle"],"potions_floor_usage":[21,24,31],"damage_taken":[{"damage":3,"enemies":"Jaw Worm","floor":1,"turns":7},{"damage":0,"enemies":"Cultist","floor":4,"turns":3},{"damage":0,"enemies":"Small Slimes","floor":5,"turns":3},{"damage":8,"enemies":"Looter","floor":8,"turns":4},{"damage":9,"enemies":"Lagavulin","floor":10,"turns":8},{"damage":5,"enemies":"Blue Slaver","floor":12,"turns":4},{"damage":19,"enemies":"3 Sentries","floor":13,"turns":6},{"damage":0,"enemies":"Hexaghost","floor":16,"turns":8},{"damage":15,"enemies":"3 Byrds","floor":18,"turns":3},{"damage":35,"enemies":"2 Thieves","floor":19,"turns":5},{"damage":5,"enemies":"Snecko","floor":21,"turns":5},{"damage":38,"enemies":"Gremlin Leader","floor":24,"turns":5},{"damage":22,"enemies":"Shelled Parasite and Fungi","floor":29,"turns":4},{"damage":10,"enemies":"Snake Plant","floor":30,"turns":5},{"damage":9,"enemies":"Book of Stabbing","floor":31,"turns":1}],"seed_played":"1130572733960486110","potions_obtained":[{"floor":8,"key":"Energy Potion"},{"floor":21,"key":"Weak Potion"},{"floor":24,"key":"SkillPotion"}],"is_trial":false,"path_per_floor":["M","?","$","M","M","$","R","M","T","E","R","M","E","?","R","B",null,"M","M","?","M","?","R","E","R","T","T","R","M","M","E"],"character_chosen":"THE_SILENT","items_purchased":["Noxious Fumes","GhostInAJar"],"campfire_rested":4,"item_purchase_floors":[3,6],"current_hp_per_floor":[56,56,56,56,56,56,56,48,48,39,39,34,15,2,21,21,55,40,5,27,22,22,41,3,22,22,22,41,19,9,0],"gold":452,"neow_bonus":"HUNDRED_GOLD","is_prod":false,"is_daily":false,"chose_seed":false,"campfire_upgraded":2,"win_rate":0,"timestamp":1563507660,"path_taken":["M","?","$","M","M","?","R","?","T","E","R","M","E","?","R","BOSS","M","M","?","M","?","R","E","R","T","?","R","M","M","E"],"build_version":"2019-07-17","purchased_purges":1,"victory":false,"max_hp_per_floor":[66,66,66,66,66,66,66,66,66,66,66,66,66,66,66,66,66,66,66,66,66,66,66,66,66,66,66,66,66,66,66],"card_choices":[{"not_picked":["Prepared","Deflect"],"picked":"Blade Dance","floor":1},{"not_picked":["Acrobatics","Bane"],"picked":"Quick Slash","floor":4},{"not_picked":["After Image","Prepared"],"picked":"Footwork","floor":5},{"not_picked":["Prepared","Eviscerate"],"picked":"Caltrops","floor":8},{"not_picked":["Dodge and Roll","Skewer"],"picked":"Caltrops","floor":10},{"not_picked":["Outmaneuver","Masterful Stab"],"picked":"Predator","floor":12},{"not_picked":["Dodge and Roll","Catalyst"],"picked":"Deadly Poison","floor":13},{"not_picked":["Glass Knife","Storm of Steel"],"picked":"Corpse Explosion","floor":16},{"not_picked":["Dagger Throw","Dodge and Roll"],"picked":"Flechettes","floor":18},{"not_picked":["Dagger Spray+1","Underhanded Strike+1","Tactician"],"picked":"SKIP","floor":19},{"not_picked":["Tactician+1","Endless Agony"],"picked":"Bouncing Flask","floor":21},{"not_picked":["Backstab+1","Dagger Spray"],"picked":"Blur","floor":24},{"not_picked":["Deflect","Dagger Throw+1"],"picked":"Footwork","floor":29},{"not_picked":["Bane+1","Sucker Punch","Infinite Blades"],"picked":"SKIP","floor":30}],"player_experience":706476,"relics_obtained":[{"floor":9,"key":"Matryoshka"},{"floor":10,"key":"PreservedInsect"},{"floor":13,"key":"Orichalcum"},{"floor":24,"key":"War Paint"},{"floor":26,"key":"Oddly Smooth Stone"},{"floor":26,"key":"Lantern"},{"floor":27,"key":"Paper Crane"},{"floor":27,"key":"Blue Candle"}],"event_choices":[{"damage_healed":0,"gold_gain":0,"player_choice":"Upgraded","damage_taken":0,"max_hp_gain":0,"max_hp_loss":0,"event_name":"Upgrade Shrine","floor":2,"gold_loss":0,"cards_upgraded":["Neutralize"]},{"damage_healed":0,"gold_gain":0,"player_choice":"Entered Light","damage_taken":13,"max_hp_gain":0,"max_hp_loss":0,"event_name":"Shining Light","floor":14,"gold_loss":0,"cards_upgraded":["Blade Dance","Caltrops"]},{"damage_healed":22,"gold_gain":0,"player_choice":"Heal","damage_taken":0,"max_hp_gain":0,"max_hp_loss":0,"event_name":"The Library","floor":20,"gold_loss":0},{"damage_healed":0,"gold_gain":99,"player_choice":"Stole From Cult","damage_taken":0,"max_hp_gain":0,"max_hp_loss":0,"event_name":"Nest","floor":22,"gold_loss":0}],"is_beta":false,"boss_relics":[{"not_picked":["Ectoplasm","Tiny House"],"picked":"Runic Pyramid"}],"items_purged_floors":[3],"is_endless":false,"potions_floor_spawned":[8,12,16,18,21,24,30],"killed_by":"Book of Stabbing","ascension_level":14}