{"gold_per_floor":[113,113,113,63,26,56,56,11,11,11,21,55,130,146,146,241,241,252,177,196,196,216,216,176,176,176,195,195,212,227,227,227,325,325,340,112,123,23,23],"floor_reached":39,"playtime":2397,"items_purged":["Strike_G","Strike_G"],"score":545,"play_id":"c3514633-2226-4179-853a-a7c893bc1dae","local_time":"20190819135609","is_ascension_mode":true,"campfire_choices":[{"data":"Bouncing Flask","floor":10,"key":"SMITH"},{"floor":15,"key":"REST"},{"floor":23,"key":"REST"},{"floor":25,"key":"REST"},{"data":"Backflip","floor":28,"key":"SMITH"},{"data":"Backflip","floor":32,"key":"SMITH"}],"neow_cost":"NONE","seed_source_timestamp":12479805376368,"circlet_count":0,"master_deck":["Strike_G","Defend_G","Defend_G","Defend_G","Defend_G","Defend_G","Survivor","Neutralize","Bouncing Flask+1","Escape Plan","Envenom","Poisoned Stab","Backflip+1","Backflip+1","A Thousand Cuts","PiercingWail","Adrenaline","Bouncing Flask","Well Laid Plans","Deflect","Sucker Punch+1","Tools of the Trade","Leg Sweep"],"relics":["Ring of the Snake","Omamori","Snake Skull","Mercury Hourglass","Ancient Tea Set","Boot","Orrery","Bottled Lightning","WristBlade","Vajra"],"potions_floor_usage":[6,12,22,27,31,33,33,33,33,37,39],"damage_taken":[{"damage":1,"enemies":"Cultist","floor":1,"turns":6},{"damage":14,"enemies":"Lagavulin","floor":6,"turns":4},{"damage":0,"enemies":"Jaw Worm","floor":11,"turns":2},{"damage":23,"enemies":"Gremlin Nob","floor":12,"turns":4},{"damage":0,"enemies":"2 Louse","floor":14,"turns":2},{"damage":7,"enemies":"The Guardian","floor":16,"turns":7},{"damage":0,"enemies":"Spheric Guardian","floor":18,"turns":3},{"damage":23,"enemies":"2 Thieves","floor":20,"turns":4},{"damage":24,"enemies":"Centurion and Healer","floor":22,"turns":7},{"damage":1,"enemies":"Cultist and Chosen","floor":27,"turns":6},{"damage":10,"enemies":"Snecko","floor":29,"turns":4},{"damage":0,"enemies":"Centurion and Healer","floor":30,"turns":6},{"damage":0,"enemies":"Sentry and Sphere","floor":31,"turns":2},{"damage":36,"enemies":"Champ","floor":33,"turns":13},{"damage":0,"enemies":"3 Shapes","floor":35,"turns":8},{"damage":37,"enemies":"3 Darklings","floor":37,"turns":6},{"damage":28,"enemies":"Spire Growth","floor":39,"turns":4}],"seed_played":"3724275049855244573","potions_obtained":[{"floor":1,"key":"Explosive Potion"},{"floor":11,"key":"PowerPotion"},{"floor":20,"key":"Regen Potion"},{"floor":24,"key":"EntropicBrew"},{"floor":24,"key":"Weak Potion"},{"floor":24,"key":"SmokeBomb"},{"floor":27,"key":"Dexterity Potion"},{"floor":37,"key":"Block Potion"}],"is_trial":false,"path_per_floor":["M","?","T","?","$","E","?","$","T","R","M","E","?","M","R","B",null,"M","$","M","?","M","R","?","R","T","M","R","M","M","M","R","B",null,"M","$","M","$","M"],"character_chosen":"THE_SILENT","items_purchased":["Escape Plan","Poisoned Stab","Vajra","Leg Sweep"],"campfire_rested":3,"item_purchase_floors":[5,8,36,36],"current_hp_per_floor":[62,55,55,55,55,41,64,64,64,64,64,41,30,30,51,44,64,64,64,41,41,32,53,53,70,70,69,69,59,59,59,59,23,58,58,58,21,21,0],"gold":23,"neow_bonus":"RANDOM_COMMON_RELIC","is_prod":false,"is_daily":false,"chose_seed":false,"campfire_upgraded":3,"win_rate":0,"timestamp":1566219369,"path_taken":["M","?","?","?","$","E","?","$","T","R","M","E","?","M","R","BOSS","M","$","M","?","M","R","?","R","T","M","R","M","M","?","R","BOSS","M","$","M","?","?"],"build_version":"2019-07-17","purchased_purges":2,"victory":false,"max_hp_per_floor":[70,70,70,70,70,70,70,70,70,70,70,70,70,70,70,70,70,70,70,70,70,70,70,70,70,70,70,70,70,70,70,70,70,70,70,70,70,70,70],"card_choices":[{"not_picked":["Footwork","Dagger Spray"],"picked":"Bouncing Flask","floor":1},{"not_picked":["Cloak And Dagger","Tactician"],"picked":"Envenom","floor":6},{"not_picked":["PiercingWail","Outmaneuver"],"picked":"Backflip","floor":11},{"not_picked":["Flying Knee","Outmaneuver","Concentrate"],"picked":"SKIP","floor":12},{"not_picked":["Quick Slash","Outmaneuver"],"picked":"Backflip","floor":14},{"not_picked":["Night Terror","Burst"],"picked":"A Thousand Cuts","floor":16},{"not_picked":["Dagger Throw","Sucker Punch"],"picked":"PiercingWail","floor":17},{"not_picked":["Outmaneuver","Concentrate"],"picked":"Adrenaline","floor":17},{"not_picked":["Backstab","Calculated Gamble"],"picked":"Bouncing Flask","floor":17},{"not_picked":["Reflex","Flechettes+1"],"picked":"Well Laid Plans","floor":18},{"not_picked":["Deadly Poison","Acrobatics","All Out Attack+1"],"picked":"SKIP","floor":20},{"not_picked":["Choke","Bane"],"picked":"Deflect","floor":22},{"not_picked":["Acrobatics","Flying Knee"],"picked":"Sucker Punch+1","floor":27},{"not_picked":["Deflect","Riddle With Holes+1","Phantasmal Killer"],"picked":"SKIP","floor":29},{"not_picked":["Blade Dance","Underhanded Strike+1","PiercingWail"],"picked":"SKIP","floor":30},{"not_picked":["Unload","Bullet Time"],"picked":"Tools of the Trade","floor":33},{"not_picked":["Outmaneuver","Poisoned Stab","Dagger Spray"],"picked":"SKIP","floor":35},{"not_picked":["Endless Agony","Finisher+1","Well Laid Plans+1"],"picked":"SKIP","floor":37}],"player_experience":439122,"relics_obtained":[{"floor":3,"key":"Snake Skull"},{"floor":6,"key":"Mercury Hourglass"},{"floor":9,"key":"Ancient Tea Set"},{"floor":12,"key":"Boot"},{"floor":26,"key":"Bottled Lightning"}],"event_choices":[{"cards_removed":["Strike_G"],"damage_healed":0,"gold_gain":0,"player_choice":"Card Removal","damage_taken":7,"max_hp_gain":0,"max_hp_loss":0,"event_name":"Golden Wing","floor":2,"gold_loss":0},{"cards_removed":["Strike_G"],"damage_healed":0,"gold_gain":0,"player_choice":"Card Removal","damage_taken":0,"max_hp_gain":0,"max_hp_loss":0,"event_name":"The Cleric","floor":4,"gold_loss":50},{"damage_healed":23,"gold_gain":0,"player_choice":"Banana","damage_taken":0,"max_hp_gain":0,"max_hp_loss":0,"event_name":"Big Fish","floor":7,"gold_loss":0},{"damage_healed":0,"gold_gain":75,"player_choice":"Gather Gold","damage_taken":11,"max_hp_gain":0,"max_hp_loss":0,"event_name":"World of Goop","floor":13,"gold_loss":0},{"damage_healed":0,"gold_gain":0,"player_choice":"Smashed Altar","damage_taken":0,"max_hp_gain":0,"max_hp_loss":0,"event_name":"Forgotten Altar","floor":21,"gold_loss":0,"cards_obtained":["Decay"]},{"damage_healed":0,"gold_gain":0,"player_choice":"Bought 3 Potions","damage_taken":0,"max_hp_gain":0,"max_hp_loss":0,"event_name":"The Woman in Blue","floor":24,"gold_loss":0}],"is_beta":false,"boss_relics":[{"not_picked":["HoveringKite","Runic Dome"],"picked":"Orrery"},{"not_picked":["Philosopher\u0027s Stone","Fusion Hammer"],"picked":"WristBlade"}],"items_purged_floors":[19,38],"is_endless":false,"potions_floor_spawned":[1,11,20,27,29,37],"killed_by":"Spire Growth","ascension_level":8}