{"gold_per_floor":[17,32,52,63,63,94,94,108,108,108,138,138,138,88,88,183,183,202,202,202,89,73,85,85,116,116,135,150,50,50,67,67,163,163,182,182,182,182,57,57,76,76,127,137,137,154,154,154,154,154,154,154,4,36,36],"floor_reached":56,"playtime":12213,"items_purged":["Strike_R","Strike_R","Bloodletting","Defend_R"],"score":1125,"play_id":"0759474f-72b5-419b-83d6-4139208b754d","local_time":"20190628221133","is_ascension_mode":false,"campfire_choices":[{"data":"Searing Blow","floor":7.0,"key":"SMITH"},{"data":"Searing Blow+1","floor":10.0,"key":"SMITH"},{"data":"Searing Blow+2","floor":13.0,"key":"SMITH"},{"data":"Searing Blow+3","floor":15.0,"key":"SMITH"},{"data":"Searing Blow+5","floor":24.0,"key":"SMITH"},{"data":"Searing Blow+6","floor":32.0,"key":"SMITH"},{"data":"Searing Blow+7","floor":40.0,"key":"SMITH"},{"data":"Searing Blow+8","floor":47.0,"key":"SMITH"},{"floor":49.0,"key":"RECALL"},{"data":"Searing Blow+9","floor":52.0,"key":"SMITH"}],"neow_cost":"NO_GOLD","seed_source_timestamp":0,"circlet_count":0,"master_deck":["Defend_R","Defend_R+1","Defend_R+1","Bash","Shrug It Off","Searing Blow+10","Headbutt","Double Tap","True Grit+1","Power Through","Disarm","Headbutt","Offering","Clothesline+1","Violence"],"special_seed":0,"relics":["Burning Blood","Magic Flower","Darkstone Periapt","Kunai","Letter Opener","Runic Dome","Pear","Lizard Tail","Blood Vial","Self Forming Clay","Bottled Flame"],"potions_floor_usage":[55,55,55],"damage_taken":[{"damage":0.0,"enemies":"Small Slimes","floor":1.0,"turns":4.0},{"damage":7.0,"enemies":"2 Louse","floor":2.0,"turns":3.0},{"damage":4.0,"enemies":"Cultist","floor":3.0,"turns":4.0},{"damage":8.0,"enemies":"Red Slaver","floor":4.0,"turns":4.0},{"damage":25.0,"enemies":"Gremlin Nob","floor":6.0,"turns":5.0},{"damage":8.0,"enemies":"2 Fungi Beasts","floor":8.0,"turns":4.0},{"damage":13.0,"enemies":"3 Sentries","floor":11.0,"turns":12.0},{"damage":34.0,"enemies":"The Guardian","floor":16.0,"turns":11.0},{"damage":13.0,"enemies":"3 Byrds","floor":18.0,"turns":5.0},{"damage":2.0,"enemies":"2 Thieves","floor":22.0,"turns":4.0},{"damage":18.0,"enemies":"Shelled Parasite and Fungi","floor":23.0,"turns":4.0},{"damage":11.0,"enemies":"Book of Stabbing","floor":25.0,"turns":4.0},{"damage":6.0,"enemies":"Snecko","floor":27.0,"turns":4.0},{"damage":2.0,"enemies":"Cultist and Chosen","floor":28.0,"turns":4.0},{"damage":0.0,"enemies":"Snake Plant","floor":31.0,"turns":1.0},{"damage":26.0,"enemies":"Champ","floor":33.0,"turns":9.0},{"damage":22.0,"enemies":"3 Darklings","floor":35.0,"turns":8.0},{"damage":0.0,"enemies":"3 Shapes","floor":41.0,"turns":3.0},{"damage":37.0,"enemies":"3 Darklings","floor":44.0,"turns":4.0},{"damage":35.0,"enemies":"Writhing Mass","floor":46.0,"turns":3.0},{"damage":27.0,"enemies":"Donu and Deca","floor":50.0,"turns":4.0},{"damage":18,"enemies":"Shield and Spear","floor":54,"turns":3},{"damage":48,"enemies":"The Heart","floor":55,"turns":5}],"seed_played":"5761055426812199742","potions_obtained":[{"floor":1.0,"key":"Weak Potion"},{"floor":2.0,"key":"Strength Potion"},{"floor":6.0,"key":"Ancient Potion"},{"floor":16.0,"key":"FearPotion"},{"floor":22.0,"key":"Dexterity Potion"},{"floor":25.0,"key":"LiquidBronze"},{"floor":31.0,"key":"SkillPotion"},{"floor":35.0,"key":"GamblersBrew"},{"floor":38.0,"key":"Dexterity Potion"}],"is_trial":false,"path_per_floor":["M","M","M","M","$","E","R","M","T","R","E","?","R","?","R","B",null,"M","?","?","$","M","M","R","E","T","M","M","$","$","M","R","B",null,"M","?","?","?","$","R","M","$","T","M","T","M","R","?","R","B",null,"R","$","E","B",null],"character_chosen":"IRONCLAD","items_purchased":["Disarm"],"campfire_rested":0,"item_purchase_floors":[21],"current_hp_per_floor":[80,80,80,80,80,64,64,65,65,65,61,45,45,45,45,20,80,76,76,76,76,80,71,71,79,79,82,89,89,89,90,90,73,90,77,77,77,77,77,77,86,86,86,61,61,38,38,38,38,23,90,90,90,81,45],"gold":36,"neow_bonus":"ONE_RARE_RELIC","is_prod":false,"is_daily":false,"chose_seed":false,"campfire_upgraded":9,"win_rate":0,"timestamp":1561785093,"path_taken":["M","M","M","M","$","E","R","M","T","R","E","?","R","?","R","BOSS","M","?","?","$","M","M","R","E","T","?","M","?","$","M","R","BOSS","M","?","?","?","$","R","M","$","T","?","?","M","R","?","R","BOSS","R","$","E","BOSS"],"build_version":"2019-01-23","purchased_purges":4,"victory":true,"max_hp_per_floor":[80,80,80,80,80,80,80,80,80,80,80,80,80,80,80,80,80,80,80,80,80,80,80,80,90,90,90,90,90,90,90,90,90,90,90,90,90,90,90,90,90,90,90,90,90,90,90,90,90,90,90,90,90,90,90],"card_choices":[{"not_picked":["Pummel","Armaments"],"picked":"Flame Barrier","floor":1.0},{"not_picked":["Bloodletting","Blood for Blood"],"picked":"Shrug It Off","floor":2.0},{"not_picked":["Body Slam","Shrug It Off"],"picked":"Searing Blow","floor":3.0},{"not_picked":["Twin Strike","Pommel Strike","Intimidate"],"picked":"SKIP","floor":4.0},{"not_picked":["Twin Strike","Juggernaut","Flame Barrier"],"picked":"SKIP","floor":6.0},{"not_picked":["Inflame","Entrench"],"picked":"Headbutt","floor":8.0},{"not_picked":["Clothesline","Spot Weakness","Sever Soul"],"picked":"SKIP","floor":11.0},{"not_picked":["Juggernaut","Impervious"],"picked":"Double Tap","floor":16.0},{"not_picked":["Bloodletting","Heavy Blade"],"picked":"True Grit+1","floor":18.0},{"not_picked":["Armaments","Pommel Strike","Perfected Strike"],"picked":"SKIP","floor":22.0},{"not_picked":["Clash","Second Wind","Fiend Fire"],"picked":"SKIP","floor":23.0},{"not_picked":["Clothesline","Uppercut"],"picked":"Headbutt","floor":25.0},{"not_picked":["Thunderclap","Disarm","Perfected Strike+1"],"picked":"SKIP","floor":27.0},{"not_picked":["Anger+1","Reckless Charge+1","Combust"],"picked":"SKIP","floor":28.0},{"not_picked":["Flex+1","Armaments","Searing Blow"],"picked":"SKIP","floor":31.0},{"not_picked":["Feed","Berserk"],"picked":"Offering","floor":33.0},{"not_picked":["Anger","Thunderclap+1","Heavy Blade"],"picked":"SKIP","floor":35.0},{"not_picked":["Perfected Strike+1","Corruption+1","Inflame"],"picked":"SKIP","floor":41.0},{"not_picked":["Thunderclap","Body Slam","Twin Strike+1"],"picked":"SKIP","floor":44.0},{"not_picked":["Clash","Reckless Charge+1"],"picked":"Clothesline+1","floor":46.0},{"not_picked":["Madness","Flash of Steel"],"picked":"Violence","floor":48.0},{"not_picked":["Feed","Bloodletting","Body Slam"],"picked":"SKIP","floor":54}],"player_experience":67613,"relics_obtained":[{"floor":6.0,"key":"Darkstone Periapt"},{"floor":9.0,"key":"Kunai"},{"floor":11.0,"key":"Letter Opener"},{"floor":25.0,"key":"Pear"},{"floor":43.0,"key":"Blood Vial"},{"floor":45.0,"key":"Self Forming Clay"},{"floor":54,"key":"Bottled Flame"}],"event_choices":[{"damage_healed":0.0,"max_hp_gain":0.0,"max_hp_loss":0.0,"gold_gain":0.0,"event_name":"Shining Light","player_choice":"Entered Light","floor":12.0,"gold_loss":0.0,"damage_taken":16.0,"cards_upgraded":["Defend_R","Defend_R"]},{"cards_removed":["Strike_R"],"damage_healed":0.0,"max_hp_gain":0.0,"max_hp_loss":0.0,"gold_gain":0.0,"event_name":"The Cleric","player_choice":"Card Removal","floor":14.0,"gold_loss":50.0,"damage_taken":0.0},{"damage_healed":0.0,"max_hp_gain":0.0,"max_hp_loss":0.0,"gold_gain":0.0,"cards_transformed":["Strike_R","Strike_R"],"event_name":"Drug Dealer","player_choice":"Became Test Subject","floor":19.0,"gold_loss":0.0,"damage_taken":0.0,"cards_obtained":["Power Through","Bloodletting"]},{"damage_healed":0.0,"max_hp_gain":0.0,"max_hp_loss":0.0,"gold_gain":0.0,"event_name":"Upgrade Shrine","player_choice":"Upgraded","floor":20.0,"gold_loss":0.0,"damage_taken":0.0,"cards_upgraded":["Searing Blow"]},{"cards_removed":["Flame Barrier"],"damage_healed":0.0,"max_hp_gain":0.0,"max_hp_loss":0.0,"gold_gain":0.0,"event_name":"Falling","player_choice":"Removed Skill","floor":36.0,"gold_loss":0.0,"damage_taken":0.0},{"damage_healed":0.0,"max_hp_gain":0.0,"max_hp_loss":0.0,"gold_gain":0.0,"event_name":"Tomb of Lord Red Mask","player_choice":"Ignored","floor":37.0,"gold_loss":0.0,"damage_taken":0.0},{"damage_healed":0.0,"max_hp_gain":0.0,"max_hp_loss":0.0,"gold_gain":0.0,"event_name":"Lab","player_choice":"Got Potions","floor":38.0,"gold_loss":0.0,"damage_taken":0.0},{"damage_healed":0.0,"max_hp_gain":0.0,"max_hp_loss":0.0,"gold_gain":0.0,"event_name":"SensoryStone","player_choice":"Memory 1","floor":48.0,"gold_loss":0.0,"damage_taken":0.0}],"is_beta":false,"boss_relics":[{"not_picked":["Black Star","Calling Bell"],"picked":"Runic Dome"},{"not_picked":["Runic Cube","Velvet Choker"],"picked":"Lizard Tail"}],"items_purged_floors":[21,29,39,53],"is_endless":false,"potions_floor_spawned":[1,2,6,16,22,23,25,31,35,44],"ascension_level":0}