{"gold_per_floor":[117,136,136,156,116,143,143,155,227,261,277,293,293,326,326,428,428,428,428,428,428,428,428,428,428,428,428,428,398,398,398,398,398,398,398,78,78,78,78,78,78,78,78,78,78,78,78,42,42,42,42,42,42,42],"floor_reached":54,"playtime":2617,"items_purged":["Strike_B"],"score":882,"play_id":"d238d7ae-61e3-4ccc-8afb-56b440e3d3cd","local_time":"20190607180526","is_ascension_mode":true,"campfire_choices":[{"data":"Loop","floor":7,"key":"SMITH"},{"floor":13,"key":"REST"},{"floor":15,"key":"REST"},{"data":"Rainbow","floor":23,"key":"SMITH"},{"floor":28,"key":"REST"},{"data":"Consume","floor":32,"key":"SMITH"},{"floor":41,"key":"REST"},{"floor":44,"key":"RECALL"},{"data":"Seek","floor":49,"key":"SMITH"},{"data":"Machine Learning","floor":52,"key":"SMITH"}],"neow_cost":"NONE","seed_source_timestamp":20464596565110,"circlet_count":0,"master_deck":["Strike_B","Strike_B","Strike_B","Defend_B","Defend_B","Defend_B","Defend_B","Zap+1","Dualcast","Ball Lightning","Compile Driver","Leap","Loop+1","Conserve Battery","Machine Learning+1","Ball Lightning","Capacitor+1","Beam Cell","Storm+1","Rainbow+1","Biased Cognition+1","Coolheaded","Glacier","Conserve Battery","Writhe","BootSequence","Compile Driver+1","Conserve Battery+1","Defragment+1","Self Repair+1","Consume+1","Seek+1","Loop+1","Sunder+1","Capacitor+1","Echo Form+1","Bandage Up","Defragment+1"],"relics":["Cracked Core","Prayer Wheel","Frozen Egg 2","Art of War","Incense Burner","Ectoplasm","Vajra","Potion Belt","Omamori","Nuclear Battery","Gremlin Horn","Letter Opener","Pantograph"],"potions_floor_usage":[6,12,12,16,24,27,30,31,35,50],"damage_taken":[{"damage":0,"enemies":"Cultist","floor":1,"turns":3},{"damage":2,"enemies":"Jaw Worm","floor":2,"turns":4},{"damage":0,"enemies":"2 Louse","floor":4,"turns":2},{"damage":26,"enemies":"Gremlin Nob","floor":6,"turns":4},{"damage":0,"enemies":"2 Fungi Beasts","floor":8,"turns":3},{"damage":15,"enemies":"3 Sentries","floor":10,"turns":6},{"damage":0,"enemies":"Looter","floor":11,"turns":3},{"damage":20,"enemies":"Gremlin Gang","floor":12,"turns":3},{"damage":11,"enemies":"Lagavulin","floor":14,"turns":4},{"damage":16,"enemies":"The Guardian","floor":16,"turns":9},{"damage":6,"enemies":"Spheric Guardian","floor":18,"turns":3},{"damage":12,"enemies":"Shell Parasite","floor":19,"turns":4},{"damage":0,"enemies":"Snecko","floor":22,"turns":3},{"damage":13,"enemies":"Centurion and Healer","floor":24,"turns":6},{"damage":10,"enemies":"Shelled Parasite and Fungi","floor":25,"turns":3},{"damage":2,"enemies":"3 Cultists","floor":27,"turns":5},{"damage":15,"enemies":"Book of Stabbing","floor":30,"turns":4},{"damage":6,"enemies":"Cultist and Chosen","floor":31,"turns":4},{"damage":7,"enemies":"Champ","floor":33,"turns":8},{"damage":31,"enemies":"3 Darklings","floor":35,"turns":4},{"damage":1,"enemies":"3 Shapes","floor":37,"turns":4},{"damage":17,"enemies":"3 Darklings","floor":38,"turns":4},{"damage":23,"enemies":"Sphere and 2 Shapes","floor":39,"turns":4},{"damage":17,"enemies":"Reptomancer","floor":40,"turns":5},{"damage":10,"enemies":"Giant Head","floor":42,"turns":6},{"damage":57,"enemies":"Donu and Deca","floor":50,"turns":8},{"damage":82,"enemies":"Shield and Spear","floor":54,"turns":3}],"seed_played":"-5106984009292041743","potions_obtained":[{"floor":0,"key":"FearPotion"},{"floor":0,"key":"SneckoOil"},{"floor":0,"key":"Weak Potion"},{"floor":11,"key":"SkillPotion"},{"floor":14,"key":"SkillPotion"},{"floor":16,"key":"Regen Potion"},{"floor":18,"key":"SkillPotion"},{"floor":19,"key":"Energy Potion"},{"floor":24,"key":"Explosive Potion"},{"floor":27,"key":"Strength Potion"},{"floor":29,"key":"Energy Potion"},{"floor":29,"key":"Explosive Potion"},{"floor":38,"key":"FocusPotion"},{"floor":39,"key":"Dexterity Potion"}],"is_trial":false,"path_per_floor":["M","M","?","M","$","E","R","M","T","E","M","M","R","E","R","B",null,"M","M","?","?","M","R","M","M","T","M","R","?","E","M","R","B",null,"M","$","M","M","M","E","R","E","T","R","?","$","?","$","R","B",null,"R","$","E"],"character_chosen":"DEFECT","items_purchased":["Loop","Gremlin Horn","Defragment+1"],"campfire_rested":4,"item_purchase_floors":[5,36,48],"current_hp_per_floor":[75,73,73,73,73,47,47,47,47,32,32,12,34,23,45,29,75,69,57,57,57,57,57,44,34,34,32,54,54,39,55,55,58,75,54,54,63,56,43,36,58,58,58,58,58,58,58,58,58,22,75,75,75,0],"gold":42,"neow_bonus":"THREE_SMALL_POTIONS","is_prod":false,"is_daily":false,"chose_seed":false,"campfire_upgraded":5,"win_rate":0,"timestamp":1559948726,"path_taken":["M","?","?","M","?","E","R","M","T","E","M","M","R","E","R","BOSS","M","M","?","?","M","R","M","M","T","M","R","?","E","M","R","BOSS","M","$","M","?","M","E","R","E","T","R","?","?","?","$","R","BOSS","R","$","E"],"build_version":"2019-01-23","purchased_purges":1,"victory":false,"max_hp_per_floor":[75,75,75,75,75,75,75,75,75,75,75,75,75,75,75,75,75,75,75,75,75,75,75,75,75,75,75,75,75,75,75,75,75,75,75,75,75,75,75,75,75,75,75,75,75,75,75,75,75,75,75,75,75,75],"card_choices":[{"not_picked":["Storm","Stack"],"picked":"Ball Lightning","floor":1},{"not_picked":["Chill","Heatsinks"],"picked":"Compile Driver","floor":2},{"not_picked":["Rebound","Reprogram"],"picked":"Leap","floor":4},{"not_picked":["Double Energy","Redo"],"picked":"Conserve Battery","floor":6},{"not_picked":["Sweeping Beam","Force Field"],"picked":"Go for the Eyes","floor":8},{"not_picked":["Hologram","Rip and Tear","Machine Learning"],"picked":"SKIP","floor":8},{"not_picked":["Hologram","Rip and Tear"],"picked":"Machine Learning","floor":8},{"not_picked":["Steam Power","Leap"],"picked":"Ball Lightning","floor":10},{"not_picked":["Rip and Tear","Conserve Battery"],"picked":"Capacitor+1","floor":11},{"not_picked":["Streamline","Force Field","Compile Driver"],"picked":"SKIP","floor":11},{"not_picked":["Leap","Conserve Battery"],"picked":"Beam Cell","floor":12},{"not_picked":["Chaos","Steam Power"],"picked":"Storm+1","floor":12},{"not_picked":["Turbo","Coolheaded"],"picked":"Rainbow","floor":14},{"not_picked":["Creative AI+1","Amplify"],"picked":"Biased Cognition+1","floor":16},{"not_picked":["Recycle","Rebound"],"picked":"Coolheaded","floor":18},{"not_picked":["Steam Power+1","Static Discharge+1","Steam"],"picked":"SKIP","floor":18},{"not_picked":["Coolheaded","Beam Cell"],"picked":"Glacier","floor":19},{"not_picked":["Go for the Eyes","Coolheaded"],"picked":"Conserve Battery","floor":19},{"not_picked":["Genetic Algorithm","Hologram"],"picked":"BootSequence","floor":22},{"not_picked":["Genetic Algorithm+1","Skim","Stack"],"picked":"SKIP","floor":22},{"not_picked":["Darkness","Cold Snap"],"picked":"Compile Driver+1","floor":24},{"not_picked":["FTL","Sweeping Beam","Doom and Gloom"],"picked":"SKIP","floor":24},{"not_picked":["Beam Cell+1","Streamline+1"],"picked":"Conserve Battery+1","floor":25},{"not_picked":["Multi-Cast","Streamline","Conserve Battery"],"picked":"SKIP","floor":25},{"not_picked":["Multi-Cast","Streamline","Conserve Battery"],"picked":"SKIP","floor":25},{"not_picked":["Rebound","Steam+1"],"picked":"Defragment+1","floor":27},{"not_picked":["Streamline","Compile Driver","Cold Snap"],"picked":"SKIP","floor":27},{"not_picked":["Barrage","Steam Power"],"picked":"Self Repair+1","floor":30},{"not_picked":["Chill+1","Streamline"],"picked":"Consume","floor":31},{"not_picked":["Chill+1","Gash+1","Turbo"],"picked":"SKIP","floor":31},{"not_picked":["Electrodynamics+1","Hyperbeam"],"picked":"Seek","floor":33},{"not_picked":["Stack+1","Beam Cell"],"picked":"Loop+1","floor":35},{"not_picked":["Ball Lightning+1","Streamline+1","Electrodynamics+1"],"picked":"SKIP","floor":35},{"not_picked":["Sweeping Beam+1","Beam Cell+1","Double Energy+1"],"picked":"SKIP","floor":37},{"not_picked":["Hologram","Lockon","Leap"],"picked":"SKIP","floor":37},{"not_picked":["Steam Power","Chaos"],"picked":"Sunder+1","floor":38},{"not_picked":["Ball Lightning+1","Recycle","Rebound+1"],"picked":"SKIP","floor":38},{"not_picked":["Ball Lightning+1","Rebound+1"],"picked":"Capacitor+1","floor":39},{"not_picked":["Reinforced Body+1","Creative AI+1","Heatsinks+1"],"picked":"SKIP","floor":39},{"not_picked":["Melter+1","Storm+1","Steam+1"],"picked":"SKIP","floor":40},{"not_picked":["Loop+1","Leap+1"],"picked":"Echo Form+1","floor":42},{"not_picked":["Jack Of All Trades","Impatience"],"picked":"Bandage Up","floor":47}],"player_experience":125610,"relics_obtained":[{"floor":6,"key":"Prayer Wheel"},{"floor":9,"key":"Frozen Egg 2"},{"floor":10,"key":"Art of War"},{"floor":14,"key":"Incense Burner"},{"floor":26,"key":"Potion Belt"},{"floor":30,"key":"Omamori"},{"floor":40,"key":"Letter Opener"},{"floor":42,"key":"Pantograph"}],"event_choices":[{"damage_healed":0,"gold_gain":0,"player_choice":"Grow","damage_taken":0,"max_hp_gain":0,"max_hp_loss":0,"event_name":"Living Wall","floor":3,"gold_loss":0,"cards_upgraded":["Zap"]},{"damage_healed":0,"gold_gain":0,"player_choice":"Ignored","damage_taken":0,"max_hp_gain":0,"max_hp_loss":0,"event_name":"Vampires","floor":20,"gold_loss":0},{"damage_healed":0,"gold_gain":0,"player_choice":"Opened","damage_taken":0,"relics_obtained":["Vajra"],"max_hp_gain":0,"max_hp_loss":0,"event_name":"The Mausoleum","floor":21,"gold_loss":0,"cards_obtained":["Writhe"]},{"damage_healed":0,"gold_gain":0,"player_choice":"Bought 2 Potions","damage_taken":0,"max_hp_gain":0,"max_hp_loss":0,"event_name":"The Woman in Blue","floor":29,"gold_loss":0},{"cards_removed":["Go for the Eyes"],"damage_healed":0,"gold_gain":0,"player_choice":"Removed Attack","damage_taken":0,"max_hp_gain":0,"max_hp_loss":0,"event_name":"Falling","floor":45,"gold_loss":0},{"damage_healed":0,"gold_gain":0,"player_choice":"Memory 1","damage_taken":0,"max_hp_gain":0,"max_hp_loss":0,"event_name":"SensoryStone","floor":47,"gold_loss":0}],"is_beta":false,"boss_relics":[{"not_picked":["Eternal Feather","FrozenCore"],"picked":"Ectoplasm"},{"not_picked":["White Beast Statue","Runic Pyramid"],"picked":"Nuclear Battery"}],"items_purged_floors":[36],"is_endless":false,"potions_floor_spawned":[1,2,11,14,16,18,19,24,27,38,39],"killed_by":"Shield and Spear","ascension_level":4}