{"gold_per_floor":[110,60,60,135,147,180,196,85,85,105,105,105,105,120,120,225,225,239,58,58,58,70,70,82,82,82,82,98,98,109,137,137,137],"floor_reached":33,"playtime":998,"items_purged":["Regret","Defend_R"],"score":340,"play_id":"13cb8915-0172-460e-89d7-37c03f9a925a","local_time":"20181120212324","is_ascension_mode":false,"campfire_choices":[{"data":"Warcry","floor":13.0,"key":"SMITH"},{"data":"Anger","floor":15.0,"key":"SMITH"},{"data":"Offering","floor":23.0,"key":"SMITH"},{"floor":25,"key":"REST"},{"data":"Bash","floor":32,"key":"SMITH"}],"neow_cost":"NONE","seed_source_timestamp":0,"circlet_count":0,"master_deck":["Strike_R","Strike_R","Strike_R","Strike_R","Defend_R","Defend_R","Defend_R","Bash+1","Anger+1","Wild Strike","Warcry+1","Wild Strike","Inflame","Reckless Charge","Second Wind","Offering+1","Dropkick+1","Bloodletting","Carnage+1","Wild Strike","Rampage","Flex+1","Clothesline"],"special_seed":0,"relics":["Burning Blood","Darkstone Periapt","Sundial","Orichalcum","Cursed Key","Dodecahedron","Bag of Marbles","Bottled Flame"],"potions_floor_usage":[31,33,33],"damage_taken":[{"damage":7.0,"enemies":"2 Louse","floor":1.0,"turns":3.0},{"damage":13.0,"enemies":"Jaw Worm","floor":5.0,"turns":4.0},{"damage":40.0,"enemies":"Lagavulin","floor":6.0,"turns":6.0},{"damage":1.0,"enemies":"Cultist","floor":7.0,"turns":3.0},{"damage":15.0,"enemies":"Large Slime","floor":10.0,"turns":4.0},{"damage":3.0,"enemies":"2 Fungi Beasts","floor":14.0,"turns":3.0},{"damage":0.0,"enemies":"Slime Boss","floor":16.0,"turns":7.0},{"damage":12.0,"enemies":"Shell Parasite","floor":18.0,"turns":4.0},{"damage":25.0,"enemies":"2 Thieves","floor":22.0,"turns":3.0},{"damage":9.0,"enemies":"Cultist and Chosen","floor":24.0,"turns":4.0},{"damage":21,"enemies":"3 Cultists","floor":28,"turns":5},{"damage":9,"enemies":"Centurion and Healer","floor":30,"turns":3},{"damage":39,"enemies":"Gremlin Leader","floor":31,"turns":3},{"damage":53,"enemies":"Collector","floor":33,"turns":5}],"seed_played":"7961701499416978981","potions_obtained":[{"floor":0.0,"key":"SmokeBomb"},{"floor":0.0,"key":"Swift Potion"},{"floor":0.0,"key":"GamblersBrew"},{"floor":6.0,"key":"SkillPotion"},{"floor":10.0,"key":"AttackPotion"},{"floor":18.0,"key":"Strength Potion"}],"is_trial":false,"path_per_floor":["M","?","?","?","M","E","M","$","T","M","?","?","R","M","R","B",null,"M","$","?","$","M","R","M","R","T","?","M","?","M","E","R","B"],"character_chosen":"IRONCLAD","items_purchased":["Inflame","Bloodletting"],"campfire_rested":1,"item_purchase_floors":[8,19],"current_hp_per_floor":[79,79,85,74,67,33,38,38,38,29,56,56,56,59,59,65,89,83,83,83,83,64,64,61,87,93,93,78,78,75,42,42,0],"gold":137,"neow_bonus":"THREE_SMALL_POTIONS","is_prod":false,"is_daily":false,"chose_seed":false,"campfire_upgraded":4,"win_rate":0,"timestamp":1542767004,"path_taken":["M","?","?","?","M","E","?","$","T","M","?","?","R","M","R","BOSS","M","$","?","$","M","R","M","R","T","?","?","?","M","E","R","BOSS"],"build_version":"2018-11-15","purchased_purges":2,"victory":false,"max_hp_per_floor":[80,80,86,86,86,86,86,86,86,86,92,89,89,89,89,89,89,89,89,89,89,89,89,89,89,95,95,95,95,95,95,95,95],"card_choices":[{"not_picked":["Heavy Blade","Havoc"],"picked":"Anger","floor":1.0},{"not_picked":["Iron Wave","Burning Pact"],"picked":"Wild Strike","floor":5.0},{"not_picked":["Uppercut","Intimidate"],"picked":"Warcry","floor":6.0},{"not_picked":["Seeing Red","Entrench"],"picked":"Wild Strike","floor":7.0},{"not_picked":["Battle Trance","Brutality"],"picked":"Reckless Charge","floor":10.0},{"not_picked":["Cleave","Sword Boomerang"],"picked":"Second Wind","floor":14.0},{"not_picked":["Berserk","Dark Embrace"],"picked":"Offering","floor":16.0},{"not_picked":["Flex+1","Spot Weakness+1"],"picked":"Dropkick+1","floor":18.0},{"not_picked":["Sword Boomerang","Sentinel"],"picked":"Carnage+1","floor":22.0},{"not_picked":["Armaments","Pommel Strike"],"picked":"Wild Strike","floor":24.0},{"not_picked":["Twin Strike","Shrug It Off"],"picked":"Rampage","floor":28},{"not_picked":["Shrug It Off","Evolve+1"],"picked":"Flex+1","floor":30},{"not_picked":["Disarm","Iron Wave"],"picked":"Clothesline","floor":31}],"player_experience":133231,"relics_obtained":[{"floor":6.0,"key":"Sundial"},{"floor":9.0,"key":"Orichalcum"},{"floor":26,"key":"Dodecahedron"},{"floor":31,"key":"Bottled Flame"}],"event_choices":[{"cards_removed":["Strike_R"],"damage_healed":0.0,"max_hp_gain":0.0,"max_hp_loss":0.0,"gold_gain":0.0,"event_name":"The Cleric","player_choice":"Card Removal","floor":2.0,"gold_loss":50.0,"damage_taken":0.0},{"damage_healed":0.0,"max_hp_gain":0.0,"max_hp_loss":0.0,"gold_gain":0.0,"event_name":"Big Fish","player_choice":"Box","floor":3.0,"gold_loss":0.0,"damage_taken":0.0,"relics_obtained":["Darkstone Periapt"],"cards_obtained":["Regret"]},{"damage_healed":0.0,"max_hp_gain":0.0,"max_hp_loss":0.0,"gold_gain":75.0,"event_name":"World of Goop","player_choice":"Gather Gold","floor":4.0,"gold_loss":0.0,"damage_taken":11.0},{"damage_healed":21.0,"max_hp_gain":0.0,"max_hp_loss":0.0,"gold_gain":0.0,"event_name":"Mushrooms","player_choice":"Healed and dodged fight","floor":11.0,"gold_loss":0.0,"damage_taken":0.0,"cards_obtained":["Parasite"]},{"cards_removed":["Parasite"],"damage_healed":0.0,"max_hp_gain":0.0,"max_hp_loss":0.0,"gold_gain":0.0,"event_name":"Living Wall","player_choice":"Forget","floor":12.0,"gold_loss":0.0,"damage_taken":0.0},{"damage_healed":0.0,"max_hp_gain":0.0,"max_hp_loss":0.0,"gold_gain":0.0,"event_name":"Ghosts","player_choice":"Ignored","floor":20.0,"gold_loss":0.0,"damage_taken":0.0},{"cards_removed":["Doubt"],"damage_healed":0,"gold_gain":0,"player_choice":"Purged","damage_taken":0,"max_hp_gain":0,"max_hp_loss":0,"event_name":"Purifier","floor":27,"gold_loss":0},{"damage_healed":0,"gold_gain":0,"player_choice":"Opened","damage_taken":0,"relics_obtained":["Bag of Marbles"],"max_hp_gain":0,"max_hp_loss":0,"event_name":"The Mausoleum","floor":29,"gold_loss":0}],"is_beta":false,"boss_relics":[{"not_picked":["Sozu","Philosopher\u0027s Stone"],"picked":"Cursed Key"}],"items_purged_floors":[8,19],"is_endless":false,"potions_floor_spawned":[5,6,10,18,24,30],"killed_by":"Collector","ascension_level":0}