{"gold_per_floor":[118,118,118,137,151,151,162,189,236,268,268,268,268,303,303,400,400,420,438,457,457,457,457,457],"floor_reached":24,"playtime":964,"items_purged":[],"score":260,"play_id":"28d6feb5-f5ad-4d96-96b5-4b755c46c761","local_time":"20190818150855","is_ascension_mode":true,"campfire_choices":[{"data":"Neutralize","floor":6.0,"key":"SMITH"},{"data":"Choke","floor":11,"key":"SMITH"},{"data":"Glass Knife","floor":13,"key":"SMITH"},{"floor":15,"key":"REST"},{"floor":23,"key":"REST"}],"neow_cost":"NONE","seed_source_timestamp":543364577120057,"circlet_count":0,"master_deck":["Strike_G+1","Strike_G+1","Strike_G+1","Strike_G+1","Strike_G+1","Defend_G+1","Defend_G+1","Defend_G+1","Defend_G+1","Defend_G+1","Survivor","Neutralize+1","Cloak And Dagger","Regret","Deadly Poison","Parasite","Dagger Throw","Flying Knee","Glass Knife+1","Dagger Spray","Choke+1","Night Terror","Caltrops","Bouncing Flask+1"],"special_seed":0,"relics":["Ring of the Serpent","Dodecahedron","Orichalcum","Blood Vial","Singing Bowl","Potion Belt"],"potions_floor_usage":[16,16],"damage_taken":[{"damage":0.0,"enemies":"2 Louse","floor":1.0,"turns":3.0},{"damage":1.0,"enemies":"Cultist","floor":4.0,"turns":4.0},{"damage":0.0,"enemies":"Small Slimes","floor":5.0,"turns":2.0},{"damage":28.0,"enemies":"Exordium Thugs","floor":7.0,"turns":7.0},{"damage":22.0,"enemies":"Gremlin Nob","floor":8.0,"turns":4.0},{"damage":14,"enemies":"3 Sentries","floor":10,"turns":7},{"damage":11,"enemies":"Gremlin Nob","floor":14,"turns":4},{"damage":37,"enemies":"The Guardian","floor":16,"turns":10},{"damage":0,"enemies":"Chosen","floor":18,"turns":3},{"damage":31,"enemies":"Shell Parasite","floor":19,"turns":6},{"damage":32,"enemies":"Centurion and Healer","floor":20,"turns":7},{"damage":39,"enemies":"Gremlin Leader","floor":24,"turns":4}],"seed_played":"1613984624548087746","potions_obtained":[{"floor":5.0,"key":"Fruit Juice"},{"floor":8.0,"key":"GamblersBrew"},{"floor":10,"key":"Weak Potion"},{"floor":14,"key":"Poison Potion"}],"is_trial":false,"path_per_floor":["M","?","?","M","M","R","M","E","T","E","R","?","R","E","R","B",null,"M","M","M","?","?","R","E"],"character_chosen":"THE_SILENT","items_purchased":[],"campfire_rested":2,"item_purchase_floors":[],"current_hp_per_floor":[77,77,77,76,76,76,48,31,31,19,19,19,19,12,37,2,84,84,55,25,25,8,35,0],"gold":457,"neow_bonus":"TEN_PERCENT_HP_BONUS","is_prod":false,"is_daily":false,"chose_seed":false,"campfire_upgraded":3,"win_rate":0,"timestamp":1566158935,"path_taken":["M","?","?","M","M","R","?","E","T","E","R","?","R","E","R","BOSS","M","M","M","?","?","R","E"],"build_version":"2019-07-17","purchased_purges":0,"victory":false,"max_hp_per_floor":[77,77,77,77,77,77,77,82,82,82,82,82,82,84,84,84,84,84,86,86,86,91,91,91],"card_choices":[{"not_picked":["Acrobatics","Escape Plan"],"picked":"Cloak And Dagger","floor":1.0},{"not_picked":["Tactician","Dodge and Roll"],"picked":"Dagger Throw","floor":4.0},{"not_picked":["Calculated Gamble","Slice"],"picked":"Flying Knee","floor":5.0},{"not_picked":["Blade Dance","PiercingWail"],"picked":"Glass Knife","floor":7.0},{"not_picked":["Underhanded Strike","Tactician"],"picked":"Dagger Spray","floor":8.0},{"not_picked":["Riddle With Holes","Distraction"],"picked":"Choke","floor":10},{"not_picked":["Endless Agony","Outmaneuver","Deflect"],"picked":"Singing Bowl","floor":14},{"not_picked":["Burst","Tools of the Trade"],"picked":"Night Terror","floor":16},{"not_picked":["Quick Slash","Predator+1"],"picked":"Caltrops","floor":18},{"not_picked":["Flying Knee","Quick Slash","All Out Attack"],"picked":"Singing Bowl","floor":19},{"not_picked":["Flying Knee+1","Underhanded Strike"],"picked":"Bouncing Flask+1","floor":20}],"player_experience":164751,"relics_obtained":[{"floor":8.0,"key":"Orichalcum"},{"floor":9.0,"key":"Blood Vial"},{"floor":10,"key":"Singing Bowl"},{"floor":14,"key":"Potion Belt"}],"event_choices":[{"damage_healed":0.0,"max_hp_gain":0.0,"max_hp_loss":0.0,"gold_gain":0.0,"event_name":"Big Fish","player_choice":"Box","floor":2.0,"gold_loss":0.0,"damage_taken":0.0,"relics_obtained":["Dodecahedron"],"cards_obtained":["Regret"]},{"damage_healed":0.0,"max_hp_gain":0.0,"max_hp_loss":0.0,"gold_gain":0.0,"event_name":"Match and Keep!","player_choice":"2 cards matched","floor":3.0,"gold_loss":0.0,"damage_taken":0.0,"cards_obtained":["Deadly Poison","Parasite"]},{"damage_healed":0,"gold_gain":0,"player_choice":"Bought 0 Potions","damage_taken":0,"max_hp_gain":0,"max_hp_loss":0,"event_name":"The Woman in Blue","floor":12,"gold_loss":0},{"damage_healed":0,"gold_gain":0,"player_choice":"Simplicity","damage_taken":0,"max_hp_gain":0,"max_hp_loss":0,"event_name":"Back to Basics","floor":21,"gold_loss":0,"cards_upgraded":["Strike_G","Strike_G","Strike_G","Strike_G","Strike_G","Defend_G","Defend_G","Defend_G","Defend_G","Defend_G"]},{"damage_healed":0,"gold_gain":0,"player_choice":"Shed Blood","damage_taken":22,"max_hp_gain":5,"max_hp_loss":0,"event_name":"Forgotten Altar","floor":22,"gold_loss":0}],"is_beta":false,"boss_relics":[{"not_picked":["Calling Bell","Runic Dome"],"picked":"Ring of the Serpent"}],"items_purged_floors":[],"is_endless":false,"potions_floor_spawned":[5,8,10,14],"killed_by":"Gremlin Leader","ascension_level":2}