{"gold_per_floor":[16,30,30,41,98,133,145,145,145,145,420,420,450,450],"floor_reached":14,"playtime":846,"items_purged":[],"score":118,"play_id":"853bf11e-b4ba-4847-a58b-6d7ff601e954","local_time":"20190812203946","is_ascension_mode":true,"campfire_choices":[{"data":"Seeing Red","floor":8,"key":"SMITH"},{"data":"Carnage","floor":10,"key":"SMITH"},{"data":"Clash","floor":12,"key":"SMITH"}],"neow_cost":"NO_GOLD","seed_source_timestamp":44987362425538,"circlet_count":0,"master_deck":["Strike_R","Strike_R","Strike_R","Strike_R","Strike_R","Defend_R","Defend_R","Defend_R","Defend_R","Bash","Carnage+1","Infernal Blade+1","Clash+1","Ghostly Armor","Seeing Red+1","Regret","Headbutt"],"relics":["Burning Blood","Calipers","Dream Catcher","Bag of Marbles","Shuriken"],"potions_floor_usage":[6,14],"damage_taken":[{"damage":8,"enemies":"Jaw Worm","floor":1,"turns":4},{"damage":0,"enemies":"2 Louse","floor":2,"turns":2},{"damage":0,"enemies":"Cultist","floor":4,"turns":2},{"damage":35,"enemies":"Lagavulin","floor":6,"turns":4},{"damage":21,"enemies":"Exordium Wildlife","floor":7,"turns":5},{"damage":32,"enemies":"3 Sentries","floor":13,"turns":9},{"damage":16,"enemies":"Large Slime","floor":14,"turns":2}],"seed_played":"-1608686481693689496","potions_obtained":[{"floor":1,"key":"PowerPotion"},{"floor":6,"key":"LiquidBronze"}],"is_trial":false,"path_per_floor":["M","M","?","M","?","E","M","R","T","R","?","R","E","M"],"character_chosen":"IRONCLAD","items_purchased":[],"campfire_rested":0,"item_purchase_floors":[],"current_hp_per_floor":[78,80,80,80,80,51,36,36,36,36,36,36,10,0],"gold":450,"neow_bonus":"ONE_RARE_RELIC","is_prod":false,"is_daily":false,"chose_seed":false,"campfire_upgraded":3,"win_rate":0,"timestamp":1565660386,"path_taken":["M","M","?","M","?","E","M","R","T","R","?","R","E","M"],"build_version":"2019-07-17","purchased_purges":0,"victory":false,"max_hp_per_floor":[80,80,80,80,80,80,80,80,80,80,80,80,80,80],"card_choices":[{"not_picked":["Intimidate","Anger"],"picked":"Carnage","floor":1},{"not_picked":["Spot Weakness","Clothesline"],"picked":"Infernal Blade","floor":2},{"not_picked":["Reckless Charge","Twin Strike"],"picked":"Clash","floor":4},{"not_picked":["Anger","Combust"],"picked":"Ghostly Armor","floor":6},{"not_picked":["Shrug It Off","Power Through"],"picked":"Seeing Red","floor":7},{"not_picked":["Heavy Blade","Havoc"],"picked":"Headbutt","floor":13}],"player_experience":137450,"relics_obtained":[{"floor":6,"key":"Dream Catcher"},{"floor":9,"key":"Bag of Marbles"},{"floor":13,"key":"Shuriken"}],"event_choices":[{"damage_healed":0,"gold_gain":0,"player_choice":"Grow","damage_taken":0,"max_hp_gain":0,"max_hp_loss":0,"event_name":"Living Wall","floor":3,"gold_loss":0,"cards_upgraded":["Infernal Blade"]},{"damage_healed":0,"gold_gain":57,"player_choice":"Gained Gold","damage_taken":0,"max_hp_gain":0,"max_hp_loss":0,"event_name":"Golden Wing","floor":5,"gold_loss":0},{"damage_healed":0,"gold_gain":275,"player_choice":"Desecrate","damage_taken":0,"max_hp_gain":0,"max_hp_loss":0,"event_name":"Golden Shrine","floor":11,"gold_loss":0,"cards_obtained":["Regret"]}],"is_beta":false,"boss_relics":[],"items_purged_floors":[],"is_endless":false,"potions_floor_spawned":[1,6],"killed_by":"Large Slime","ascension_level":4}