{"gold_per_floor":[114,14,33,46,46,77,77,104,130,130,130,148,164,18,18,119,119,135,97,110,110,110,141,141,173,173,199,298,298,130,141,141,236,236,249,52,52,62,62,91,91,108,108,121,175,192,192,224,224,224],"floor_reached":51,"playtime":2754,"items_purged":["Strike_B","Defend_B","Gash"],"score":776,"play_id":"a9664707-1cc6-48c9-9618-4ada1bec9fd3","local_time":"20181117205834","is_ascension_mode":false,"campfire_choices":[{"data":"Hello World","floor":7,"key":"SMITH"},{"data":"Redo","floor":10,"key":"SMITH"},{"floor":15,"key":"REST"},{"data":"Rainbow","floor":24,"key":"SMITH"},{"data":"Storm","floor":32,"key":"SMITH"},{"floor":47,"key":"REST"},{"floor":49,"key":"REST"}],"neow_cost":"NONE","seed_source_timestamp":0,"circlet_count":0,"master_deck":["Strike_B+1","Strike_B+1","Defend_B+1","Defend_B+1","Defend_B+1","Zap+1","Dualcast+1","Finesse+1","Coolheaded+1","Turbo+1","Hello World+1","Self Repair+1","Redo+1","Cold Snap+1","Coolheaded+1","Ball Lightning+1","Rainbow+1","Capacitor+1","FTL+1","Force Field+1","Leap+1","Defragment+1","Storm+1","Creative AI+1","Beam Cell+1","Loop+1","PanicButton+1","Apotheosis+1","Glacier+1","Chill+1","Jack Of All Trades+1","Biased Cognition+1","Hologram+1","Stack+1"],"special_seed":0,"relics":["Cracked Core","Blood Vial","Strawberry","PreservedInsect","Orichalcum","Busted Crown","Bronze Scales","Juzu Bracelet","Red Mask","Darkstone Periapt","Omamori","Pear","Sozu","Pantograph","Mark of the Bloom","Bag of Preparation","Tiny Chest","Pen Nib"],"potions_floor_usage":[8,8,25,27,33,50],"damage_taken":[{"damage":5.0,"enemies":"Small Slimes","floor":1.0,"turns":4.0},{"damage":1.0,"enemies":"2 Louse","floor":3.0,"turns":3.0},{"damage":0.0,"enemies":"Cultist","floor":4.0,"turns":4.0},{"damage":36,"enemies":"Lagavulin","floor":6,"turns":7},{"damage":20,"enemies":"Gremlin Nob","floor":8,"turns":4},{"damage":8,"enemies":"Looter","floor":12,"turns":3},{"damage":8,"enemies":"Red Slaver","floor":13,"turns":4},{"damage":20,"enemies":"Hexaghost","floor":16,"turns":13},{"damage":16,"enemies":"3 Byrds","floor":18,"turns":4},{"damage":5,"enemies":"Spheric Guardian","floor":20,"turns":4},{"damage":5,"enemies":"Book of Stabbing","floor":23,"turns":5},{"damage":27,"enemies":"Masked Bandits","floor":25,"turns":4},{"damage":40,"enemies":"Gremlin Leader","floor":27,"turns":5},{"damage":8,"enemies":"Snake Plant","floor":31,"turns":4},{"damage":35,"enemies":"Collector","floor":33,"turns":10},{"damage":4,"enemies":"3 Shapes","floor":35,"turns":5},{"damage":11,"enemies":"Orb Walker","floor":38,"turns":3},{"damage":16,"enemies":"Nemesis","floor":40,"turns":5},{"damage":4,"enemies":"3 Darklings","floor":42,"turns":3},{"damage":0,"enemies":"Transient","floor":44,"turns":5},{"damage":24,"enemies":"Writhing Mass","floor":46,"turns":4},{"damage":0,"enemies":"Reptomancer","floor":48,"turns":5},{"damage":37,"enemies":"Awakened One","floor":50,"turns":10}],"seed_played":"-5856945183830591186","potions_obtained":[{"floor":3.0,"key":"Dexterity Potion"},{"floor":4.0,"key":"Explosive Potion"},{"floor":6,"key":"FearPotion"},{"floor":16,"key":"Explosive Potion"},{"floor":18,"key":"PowerPotion"},{"floor":25,"key":"Fire Potion"},{"floor":33,"key":"Dexterity Potion"}],"is_trial":false,"path_per_floor":["M","$","M","M","?","E","R","E","T","R","?","M","M","$","R","B",null,"M","$","M","?","$","E","R","?","T","E","?","T","$","M","R","B",null,"M","$","?","M","?","E","?","M","T","M","T","M","R","E","R","B",null],"character_chosen":"DEFECT","items_purchased":["Turbo","Orichalcum","Capacitor","Storm","Loop"],"campfire_rested":3,"item_purchase_floors":[2,14,19,30,36],"current_hp_per_floor":[70,70,69,69,54,25,25,21,21,21,21,15,16,16,40,29,82,73,73,77,77,77,74,74,56,56,25,25,35,35,36,36,10,92,88,88,83,81,81,77,77,73,73,73,73,49,49,49,49,12],"gold":224,"neow_bonus":"RANDOM_COLORLESS","is_prod":false,"is_daily":false,"chose_seed":false,"campfire_upgraded":4,"win_rate":0.0,"timestamp":1542506314,"path_taken":["M","$","M","M","?","E","R","E","T","R","?","M","M","$","R","BOSS","M","$","?","?","$","E","R","?","T","E","?","?","$","M","R","BOSS","M","$","?","M","?","E","?","M","T","M","?","M","R","E","R","BOSS"],"build_version":"2018-11-15","purchased_purges":3,"victory":true,"max_hp_per_floor":[75,75,75,75,75,75,75,82,82,82,82,82,82,82,82,82,82,82,82,82,82,82,82,82,82,82,82,82,92,92,92,92,92,92,92,92,92,92,92,92,92,92,92,92,92,92,92,92,92,92],"card_choices":[{"not_picked":["Melter","Rebound"],"picked":"Coolheaded","floor":1.0},{"not_picked":["Cold Snap","Tempest"],"picked":"Hello World","floor":3.0},{"not_picked":["Conserve Battery","Coolheaded"],"picked":"Self Repair","floor":4.0},{"not_picked":["BootSequence","Streamline"],"picked":"Redo","floor":6},{"not_picked":["Chill","Sweeping Beam"],"picked":"Cold Snap","floor":8},{"not_picked":["Seek","Hello World"],"picked":"Coolheaded","floor":12},{"not_picked":["Go for the Eyes","Static Discharge"],"picked":"Ball Lightning","floor":13},{"not_picked":["Machine Learning","Fission"],"picked":"Rainbow","floor":16},{"not_picked":[],"picked":"Gash","floor":18},{"not_picked":[],"picked":"FTL","floor":20},{"not_picked":[],"picked":"Force Field+1","floor":23},{"not_picked":[],"picked":"Leap","floor":25},{"not_picked":[],"picked":"Defragment","floor":27},{"not_picked":["Reinforced Body"],"picked":"SKIP","floor":31},{"not_picked":[],"picked":"Creative AI","floor":33},{"not_picked":[],"picked":"Beam Cell","floor":35},{"not_picked":[],"picked":"PanicButton","floor":37},{"not_picked":[],"picked":"Apotheosis","floor":37},{"not_picked":[],"picked":"Glacier+1","floor":38},{"not_picked":[],"picked":"Biased Cognition","floor":40},{"not_picked":["Streamline+1"],"picked":"SKIP","floor":42},{"not_picked":[],"picked":"Hologram+1","floor":44},{"not_picked":[],"picked":"Stack+1","floor":46},{"not_picked":["Streamline+1"],"picked":"SKIP","floor":48}],"player_experience":117043,"relics_obtained":[{"floor":6,"key":"Blood Vial"},{"floor":8,"key":"Strawberry"},{"floor":9,"key":"PreservedInsect"},{"floor":23,"key":"Juzu Bracelet"},{"floor":25,"key":"Red Mask"},{"floor":26,"key":"Darkstone Periapt"},{"floor":27,"key":"Omamori"},{"floor":29,"key":"Pear"},{"floor":40,"key":"Pantograph"},{"floor":43,"key":"Bag of Preparation"},{"floor":45,"key":"Tiny Chest"},{"floor":48,"key":"Pen Nib"}],"event_choices":[{"damage_healed":0.0,"max_hp_gain":0.0,"max_hp_loss":0.0,"gold_gain":0.0,"event_name":"Shining Light","player_choice":"Entered Light","floor":5.0,"gold_loss":0.0,"damage_taken":15.0,"cards_upgraded":["Defend_B","Strike_B"]},{"cards_removed":["Strike_B"],"damage_healed":0,"gold_gain":0,"player_choice":"Purged","damage_taken":0,"max_hp_gain":0,"max_hp_loss":0,"event_name":"Purifier","floor":11,"gold_loss":0},{"damage_healed":0,"gold_gain":0,"player_choice":"Gave Potion","damage_taken":0,"relics_obtained":["Bronze Scales"],"max_hp_gain":0,"max_hp_loss":0,"event_name":"WeMeetAgain","floor":21,"gold_loss":0},{"damage_healed":0,"gold_gain":0,"player_choice":"Fought Bandits","damage_taken":0,"max_hp_gain":0,"max_hp_loss":0,"event_name":"Masked Bandits","floor":25,"gold_loss":0},{"damage_healed":0,"gold_gain":99,"player_choice":"Stole From Cult","damage_taken":0,"max_hp_gain":0,"max_hp_loss":0,"event_name":"Nest","floor":28,"gold_loss":0},{"damage_healed":0,"gold_gain":0,"player_choice":"Memory 2","damage_taken":5,"max_hp_gain":0,"max_hp_loss":0,"event_name":"SensoryStone","floor":37,"gold_loss":0},{"damage_healed":0,"gold_gain":0,"player_choice":"3 cards matched","damage_taken":0,"max_hp_gain":0,"max_hp_loss":0,"event_name":"Match and Keep!","floor":39,"gold_loss":0,"cards_obtained":["Regret","Chill","Jack Of All Trades"]},{"damage_healed":0,"gold_gain":0,"player_choice":"Upgrade","damage_taken":0,"relics_obtained":["Mark of the Bloom"],"max_hp_gain":0,"max_hp_loss":0,"event_name":"MindBloom","floor":41,"gold_loss":0,"cards_upgraded":["Strike_B","Defend_B","Defend_B","Zap","Dualcast","Finesse","Coolheaded","Turbo","Self Repair","Cold Snap","Coolheaded","Ball Lightning","Capacitor","FTL","Leap","Defragment","Creative AI","Beam Cell","Loop","PanicButton","Apotheosis","Chill","Jack Of All Trades","Biased Cognition"]}],"is_beta":false,"boss_relics":[{"not_picked":["Eternal Feather","Ectoplasm"],"picked":"Busted Crown"},{"not_picked":["Empty Cage","Fusion Hammer"],"picked":"Sozu"}],"items_purged_floors":[2,30,36],"is_endless":false,"potions_floor_spawned":[3,4,6,16,18,25,33,35,42,44],"ascension_level":0}