{"gold_per_floor":[118,131,131,131,147,147,147,159,184,66,66,83,48,68,68,171,171,182,192,192,107,123,29,29,29,29,39,39,50,50,82,82,178,178,189,189,149,149,104,104,119,119,143,143,40,51,61,73,73,73],"floor_reached":51,"playtime":11137,"items_purged":[],"score":655,"play_id":"bafc9aa7-a29b-4fdc-a7e9-60b29d485f4c","local_time":"20190622182033","is_ascension_mode":false,"campfire_choices":[{"data":"Demon Form","floor":6,"key":"SMITH"},{"data":"Body Slam","floor":11,"key":"SMITH"},{"data":"Fire Breathing","floor":15,"key":"SMITH"},{"data":"Armaments","floor":25,"key":"SMITH"},{"floor":30,"key":"REST"},{"floor":32,"key":"REST"},{"data":"Dual Wield","floor":40,"key":"SMITH"},{"data":"Double Tap","floor":42,"key":"SMITH"},{"data":"Clothesline","floor":44,"key":"SMITH"},{"floor":49,"key":"REST"}],"neow_cost":"NONE","seed_source_timestamp":156555200506400,"circlet_count":0,"master_deck":["Strike_R","Strike_R","Strike_R","Strike_R","Strike_R","Defend_R","Defend_R","Defend_R","Defend_R+1","Bash","Inflame","Headbutt+1","Demon Form+1","Cleave","Iron Wave","Body Slam+1","Shrug It Off","Fire Breathing+1","Battle Trance","Infernal Blade+1","Armaments+1","Headbutt","Anger","Dual Wield+1","Clothesline+1","Armaments+1","Perfected Strike+1","Double Tap+1","Shrug It Off+1","Perfected Strike+1","Anger","Perfected Strike+1","Rage","Shrug It Off","Body Slam+1","Metallicize","Pommel Strike+1"],"relics":["Burning Blood","Juzu Bracelet","Blood Vial","Bag of Marbles","Odd Mushroom","Velvet Choker","Oddly Smooth Stone","Pear","Mercury Hourglass","Question Card","Mark of Pain","Bronze Scales"],"potions_floor_usage":[16,19,22,33,50,50,50,50,50],"damage_taken":[{"damage":6,"enemies":"Jaw Worm","floor":1,"turns":3},{"damage":1,"enemies":"Cultist","floor":2,"turns":3},{"damage":0,"enemies":"2 Louse","floor":5,"turns":2},{"damage":5,"enemies":"Looter","floor":8,"turns":3},{"damage":9,"enemies":"Blue Slaver","floor":12,"turns":3},{"damage":11,"enemies":"The Mushroom Lair","floor":14,"turns":5},{"damage":58,"enemies":"Hexaghost","floor":16,"turns":9},{"damage":22,"enemies":"Shell Parasite","floor":18,"turns":6},{"damage":10,"enemies":"Spheric Guardian","floor":19,"turns":3},{"damage":12,"enemies":"Snake Plant","floor":22,"turns":4},{"damage":17,"enemies":"Shelled Parasite and Fungi","floor":27,"turns":5},{"damage":19,"enemies":"Colosseum Slavers","floor":28,"turns":4},{"damage":17,"enemies":"Sentry and Sphere","floor":29,"turns":6},{"damage":19,"enemies":"Book of Stabbing","floor":31,"turns":3},{"damage":50,"enemies":"Collector","floor":33,"turns":10},{"damage":4,"enemies":"3 Shapes","floor":35,"turns":3},{"damage":18,"enemies":"3 Darklings","floor":41,"turns":4},{"damage":3,"enemies":"Sphere and 2 Shapes","floor":46,"turns":3},{"damage":4,"enemies":"Spire Growth","floor":47,"turns":4},{"damage":28,"enemies":"Jaw Worm Horde","floor":48,"turns":3},{"damage":63,"enemies":"Time Eater","floor":50,"turns":8}],"seed_played":"-5937564400240633081","potions_obtained":[{"floor":1,"key":"FearPotion"},{"floor":2,"key":"Swift Potion"},{"floor":16,"key":"Explosive Potion"},{"floor":18,"key":"Weak Potion"},{"floor":31,"key":"Fire Potion"},{"floor":46,"key":"EssenceOfSteel"},{"floor":47,"key":"Block Potion"},{"floor":48,"key":"EntropicBrew"}],"is_trial":false,"path_per_floor":["M","M","?","?","M","R","?","M","T","$","R","M","?","?","R","B",null,"M","M","?","?","M","$","?","R","T","M","?","M","R","E","R","B",null,"M","?","?","?","$","R","M","R","T","R","$","M","M","M","R","B",null],"character_chosen":"IRONCLAD","items_purchased":["Shrug It Off","Fire Breathing","Anger","Dual Wield","Anger","Rage","Shrug It Off"],"campfire_rested":3,"item_purchase_floors":[10,10,23,23,39,45,45],"current_hp_per_floor":[80,80,80,64,70,70,70,73,73,73,73,72,80,75,75,25,80,64,62,62,72,68,68,68,68,68,59,48,39,66,55,82,40,90,90,90,90,100,100,100,88,88,88,88,88,93,97,77,100,56],"gold":73,"neow_bonus":"RANDOM_COMMON_RELIC","is_prod":false,"is_daily":false,"chose_seed":false,"campfire_upgraded":7,"win_rate":0.0,"timestamp":1561220433,"path_taken":["M","M","?","?","M","R","?","M","T","?","R","M","?","?","R","BOSS","M","M","?","?","M","$","?","R","T","M","?","M","R","E","R","BOSS","M","?","?","?","?","R","M","R","T","R","$","M","M","M","R","BOSS"],"build_version":"2019-01-23","purchased_purges":0,"victory":true,"max_hp_per_floor":[80,80,80,80,80,80,80,80,80,80,80,80,80,80,80,80,80,80,80,80,90,90,90,90,90,90,90,90,90,90,90,90,90,90,90,90,90,100,100,100,100,100,100,100,100,100,100,100,100,100],"card_choices":[{"not_picked":["Infernal Blade","Dual Wield"],"picked":"Inflame","floor":1},{"not_picked":["Perfected Strike","Iron Wave"],"picked":"Headbutt","floor":2},{"not_picked":["Rupture","Second Wind"],"picked":"Iron Wave","floor":5},{"not_picked":["Iron Wave","Perfected Strike"],"picked":"Body Slam","floor":8},{"not_picked":["Intimidate","Warcry","Thunderclap"],"picked":"SKIP","floor":12},{"not_picked":["Iron Wave","Inflame"],"picked":"Battle Trance","floor":14},{"not_picked":["Offering","Reaper"],"picked":"Berserk","floor":16},{"not_picked":["Thunderclap","Twin Strike"],"picked":"Infernal Blade+1","floor":18},{"not_picked":["Iron Wave","Sword Boomerang"],"picked":"Armaments","floor":19},{"not_picked":["Rage","Carnage"],"picked":"Headbutt","floor":22},{"not_picked":["Thunderclap","Flex"],"picked":"Clothesline","floor":27},{"not_picked":["Sword Boomerang","Shrug It Off"],"picked":"Armaments","floor":29},{"not_picked":["Warcry","Armaments"],"picked":"Perfected Strike+1","floor":31},{"not_picked":["Offering","Brutality","Berserk"],"picked":"Double Tap","floor":33},{"not_picked":["Blood for Blood+1","Thunderclap+1","Body Slam"],"picked":"Shrug It Off+1","floor":35},{"not_picked":["Blood for Blood","Double Tap","Headbutt"],"picked":"Perfected Strike+1","floor":41},{"not_picked":["Searing Blow+1","Warcry+1","True Grit+1"],"picked":"Body Slam+1","floor":46},{"not_picked":["Bloodletting+1","Flex+1","Clash"],"picked":"Metallicize","floor":47},{"not_picked":["Intimidate","Flex","Shrug It Off+1"],"picked":"Pommel Strike+1","floor":48}],"player_experience":46428,"relics_obtained":[{"floor":9,"key":"Bag of Marbles"},{"floor":14,"key":"Odd Mushroom"},{"floor":26,"key":"Mercury Hourglass"},{"floor":31,"key":"Question Card"},{"floor":43,"key":"Bronze Scales"}],"event_choices":[{"damage_healed":0,"gold_gain":0,"player_choice":"2 cards matched","damage_taken":0,"max_hp_gain":0,"max_hp_loss":0,"event_name":"Match and Keep!","floor":3,"gold_loss":0,"cards_obtained":["Demon Form","Cleave"]},{"damage_healed":0,"gold_gain":0,"player_choice":"Entered Light","damage_taken":16,"max_hp_gain":0,"max_hp_loss":0,"event_name":"Shining Light","floor":4,"gold_loss":0,"cards_upgraded":["Headbutt","Defend_R"]},{"damage_healed":0,"gold_gain":0,"player_choice":"Gave Potion","damage_taken":0,"relics_obtained":["Blood Vial"],"max_hp_gain":0,"max_hp_loss":0,"event_name":"WeMeetAgain","floor":7,"gold_loss":0},{"damage_healed":20,"gold_gain":0,"player_choice":"Healed","damage_taken":0,"max_hp_gain":0,"max_hp_loss":0,"event_name":"The Cleric","floor":13,"gold_loss":35},{"damage_healed":0,"gold_gain":0,"player_choice":"Fought Mushrooms","damage_taken":0,"max_hp_gain":0,"max_hp_loss":0,"event_name":"Mushrooms","floor":14,"gold_loss":0},{"damage_healed":0,"gold_gain":0,"player_choice":"Opened","damage_taken":0,"relics_obtained":["Oddly Smooth Stone"],"max_hp_gain":0,"max_hp_loss":0,"event_name":"The Mausoleum","floor":20,"gold_loss":0},{"damage_healed":0,"gold_gain":0,"player_choice":"Obtained Relic","damage_taken":0,"relics_obtained":["Pear"],"max_hp_gain":0,"max_hp_loss":0,"event_name":"Addict","floor":21,"gold_loss":85},{"damage_healed":0,"gold_gain":0,"player_choice":"Ignored","damage_taken":0,"max_hp_gain":0,"max_hp_loss":0,"event_name":"Ghosts","floor":24,"gold_loss":0},{"damage_healed":0,"gold_gain":0,"player_choice":"Fight","damage_taken":0,"max_hp_gain":0,"max_hp_loss":0,"event_name":"Colosseum","floor":28,"gold_loss":0},{"damage_healed":0,"gold_gain":0,"player_choice":"Fled From Nobs","damage_taken":0,"max_hp_gain":0,"max_hp_loss":0,"event_name":"Colosseum","floor":28,"gold_loss":0},{"damage_healed":0,"gold_gain":0,"player_choice":"Copied","damage_taken":0,"max_hp_gain":0,"max_hp_loss":0,"event_name":"Duplicator","floor":36,"gold_loss":0,"cards_obtained":["Perfected Strike"]},{"damage_healed":0,"gold_gain":0,"player_choice":"Upgrade","damage_taken":0,"max_hp_gain":0,"max_hp_loss":0,"event_name":"Designer","floor":37,"gold_loss":40,"cards_upgraded":["Armaments"]},{"cards_removed":["Berserk"],"damage_healed":0,"gold_gain":0,"player_choice":"Offered Rare","damage_taken":0,"max_hp_gain":10,"max_hp_loss":0,"event_name":"Bonfire Elementals","floor":38,"gold_loss":0}],"is_beta":false,"boss_relics":[{"not_picked":["Lizard Tail","Runic Cube"],"picked":"Velvet Choker"},{"not_picked":["Black Blood","Philosopher\u0027s Stone"],"picked":"Mark of Pain"}],"items_purged_floors":[],"is_endless":false,"potions_floor_spawned":[1,2,16,18,28,31,46,47,48],"ascension_level":0}