{"gold_per_floor":[363,382,402,38,38,38,68,81,107,139,139,139,139,154,154,154],"floor_reached":16,"playtime":433,"items_purged":[],"score":243,"play_id":"7cc841ce-ad90-45f5-82c4-834c89d0dd89","local_time":"20190708204531","is_ascension_mode":true,"campfire_choices":[{"floor":6.0,"key":"REST"},{"floor":15,"key":"REST"}],"neow_cost":"PERCENT_DAMAGE","seed_source_timestamp":1556815434865827,"circlet_count":0,"master_deck":["AscendersBane","Strike_G","Strike_G","Strike_G","Strike_G+1","Strike_G","Defend_G","Defend_G","Defend_G","Defend_G","Defend_G","Survivor","Neutralize","All Out Attack+1","Caltrops","Noxious Fumes","Slice","Backflip","Corpse Explosion","Choke"],"special_seed":0,"relics":["Ring of the Snake","Calipers","PreservedInsect","Potion Belt","Boot","Nunchaku"],"potions_floor_usage":[10,16],"damage_taken":[{"damage":3.0,"enemies":"Small Slimes","floor":1.0,"turns":4.0},{"damage":2.0,"enemies":"2 Louse","floor":2.0,"turns":3.0},{"damage":0.0,"enemies":"Jaw Worm","floor":3.0,"turns":5.0},{"damage":31.0,"enemies":"Lagavulin","floor":7.0,"turns":10.0},{"damage":2.0,"enemies":"2 Fungi Beasts","floor":8.0,"turns":3.0},{"damage":0,"enemies":"Gremlin Nob","floor":10,"turns":2},{"damage":9,"enemies":"Red Slaver","floor":14,"turns":4},{"damage":31,"enemies":"The Guardian","floor":16,"turns":8}],"seed_played":"4204440354465438161","potions_obtained":[{"floor":1.0,"key":"FearPotion"},{"floor":2.0,"key":"Swift Potion"},{"floor":8.0,"key":"Dexterity Potion"}],"is_trial":false,"path_per_floor":["M","M","M","$","?","R","E","M","T","E","?","T","?","M","R","B"],"character_chosen":"THE_SILENT","items_purchased":["Noxious Fumes","Calipers"],"campfire_rested":2,"item_purchase_floors":[4,4],"current_hp_per_floor":[41,39,39,39,19,38,7,5,5,5,21,21,21,12,30,0],"gold":154,"neow_bonus":"TWO_FIFTY_GOLD","is_prod":false,"is_daily":false,"chose_seed":false,"campfire_upgraded":0,"win_rate":0,"timestamp":1562636731,"path_taken":["M","M","M","$","?","R","E","M","T","E","?","?","?","?","R","BOSS"],"build_version":"2019-07-05","purchased_purges":0,"victory":false,"max_hp_per_floor":[66,66,66,66,66,66,66,66,66,66,66,66,63,63,63,63],"card_choices":[{"not_picked":["Blade Dance","Escape Plan"],"picked":"All Out Attack","floor":1.0},{"not_picked":["Blade Dance","Eviscerate","Prepared"],"picked":"SKIP","floor":2.0},{"not_picked":["Prepared","Eviscerate"],"picked":"Caltrops","floor":3.0},{"not_picked":["Dagger Throw","Acrobatics"],"picked":"Slice","floor":7.0},{"not_picked":["Flying Knee","Accuracy"],"picked":"Backflip","floor":8.0},{"not_picked":["Masterful Stab","Quick Slash"],"picked":"Corpse Explosion","floor":10},{"not_picked":["Blur","Outmaneuver"],"picked":"Choke","floor":14}],"player_experience":354555,"relics_obtained":[{"floor":7.0,"key":"PreservedInsect"},{"floor":9.0,"key":"Potion Belt"},{"floor":10,"key":"Boot"},{"floor":12,"key":"Nunchaku"}],"event_choices":[{"damage_healed":0.0,"max_hp_gain":0.0,"max_hp_loss":0.0,"gold_gain":0.0,"event_name":"Shining Light","player_choice":"Entered Light","floor":5.0,"gold_loss":0.0,"damage_taken":20.0,"cards_upgraded":["All Out Attack","Strike_G"]},{"damage_healed":16,"gold_gain":0,"player_choice":"Healed and dodged fight","damage_taken":0,"max_hp_gain":0,"max_hp_loss":0,"event_name":"Mushrooms","floor":11,"gold_loss":0,"cards_obtained":["Parasite"]},{"cards_removed":["Parasite"],"damage_healed":0,"gold_gain":0,"player_choice":"Removed Curses","damage_taken":0,"max_hp_gain":0,"max_hp_loss":0,"event_name":"Fountain of Cleansing","floor":13,"gold_loss":0}],"is_beta":false,"boss_relics":[],"items_purged_floors":[],"is_endless":false,"potions_floor_spawned":[1,2,3,8],"killed_by":"The Guardian","ascension_level":16}