{"gold_per_floor":[218,16,16,27,27,58,58,90,90,116,131,147,72,87,87,182,182,197,211,66,84,84,118,118,145,145,145],"floor_reached":27,"playtime":1172,"items_purged":["Pain"],"score":407,"play_id":"9eac330b-1bc3-4848-abd1-b267edfac314","local_time":"20190519232816","is_ascension_mode":true,"campfire_choices":[{"data":"Bash","floor":7,"key":"SMITH"},{"floor":15,"key":"REST"},{"floor":24,"key":"REST"}],"neow_cost":"NONE","seed_source_timestamp":435365636228277,"circlet_count":0,"master_deck":["AscendersBane","Strike_R","Strike_R","Strike_R","Strike_R","Strike_R","Defend_R+1","Defend_R","Defend_R","Defend_R","Bash+1","Anger","Shockwave+1","Carnage","Battle Trance","Uppercut","Clothesline","Rampage","Fiend Fire","Feel No Pain+1","True Grit+1","Feed","Feed","Armaments+1"],"relics":["Burning Blood","Orichalcum","WarpedTongs","Bottled Flame","Regal Pillow","Dodecahedron","PreservedInsect","Runic Cube","Toxic Egg 2","War Paint","Pantograph"],"potions_floor_usage":[6,18,19,23,27],"damage_taken":[{"damage":6,"enemies":"Cultist","floor":1,"turns":4},{"damage":8,"enemies":"Jaw Worm","floor":4,"turns":3},{"damage":28,"enemies":"Lagavulin","floor":6,"turns":7},{"damage":16,"enemies":"Gremlin Nob","floor":8,"turns":4},{"damage":29,"enemies":"Lagavulin","floor":10,"turns":10},{"damage":2,"enemies":"2 Louse","floor":11,"turns":2},{"damage":1,"enemies":"Gremlin Gang","floor":12,"turns":5},{"damage":7,"enemies":"Looter","floor":14,"turns":3},{"damage":34,"enemies":"Hexaghost","floor":16,"turns":9},{"damage":0,"enemies":"Spheric Guardian","floor":18,"turns":1},{"damage":18,"enemies":"2 Thieves","floor":19,"turns":3},{"damage":24,"enemies":"Snake Plant","floor":21,"turns":4},{"damage":32,"enemies":"Slavers","floor":23,"turns":5},{"damage":43,"enemies":"Book of Stabbing","floor":25,"turns":6},{"damage":30,"enemies":"Gremlin Leader","floor":27,"turns":2}],"seed_played":"8261998795646999249","potions_obtained":[{"floor":8,"key":"SteroidPotion"},{"floor":10,"key":"Fire Potion"},{"floor":14,"key":"SteroidPotion"},{"floor":16,"key":"Fire Potion"},{"floor":18,"key":"PowerPotion"},{"floor":21,"key":"SneckoOil"},{"floor":23,"key":"Explosive Potion"},{"floor":25,"key":"Swift Potion"}],"is_trial":false,"path_per_floor":["M","$","?","M","$","E","R","E","T","E","M","M","$","M","R","B",null,"M","M","$","M","?","E","R","E","T","E"],"character_chosen":"IRONCLAD","items_purchased":["Orichalcum","PowerPotion","Feed"],"campfire_rested":2,"item_purchase_floors":[2,2,20],"current_hp_per_floor":[72,72,72,70,70,48,48,38,38,15,19,24,24,23,62,34,69,75,63,63,45,45,22,61,28,28,0],"gold":145,"neow_bonus":"HUNDRED_GOLD","is_prod":false,"is_daily":false,"chose_seed":false,"campfire_upgraded":1,"win_rate":0,"timestamp":1558322896,"path_taken":["M","$","?","M","?","E","R","E","T","E","M","M","?","M","R","BOSS","M","?","$","M","?","E","R","E","T","E"],"build_version":"2019-01-23","purchased_purges":1,"victory":false,"max_hp_per_floor":[80,80,80,80,80,80,80,80,80,80,80,80,80,80,80,80,80,80,80,80,80,80,83,83,87,87,87],"card_choices":[{"not_picked":["Havoc","True Grit"],"picked":"Anger","floor":1},{"not_picked":["Cleave","Rupture"],"picked":"Shockwave","floor":4},{"not_picked":["Iron Wave","Intimidate","Warcry"],"picked":"SKIP","floor":6},{"not_picked":["Combust","Sword Boomerang"],"picked":"Carnage","floor":8},{"not_picked":["Hemokinesis","Offering"],"picked":"Battle Trance","floor":10},{"not_picked":["Havoc","Flex"],"picked":"Uppercut","floor":11},{"not_picked":["Thunderclap","Blood for Blood"],"picked":"Clothesline","floor":12},{"not_picked":["Wild Strike","Sentinel"],"picked":"Rampage","floor":14},{"not_picked":["Dark Embrace","Immolate"],"picked":"Fiend Fire","floor":16},{"not_picked":["Heavy Blade","Wild Strike"],"picked":"Feel No Pain+1","floor":18},{"not_picked":["Intimidate","Thunderclap"],"picked":"True Grit+1","floor":19},{"not_picked":["Seeing Red","Sentinel","Clash"],"picked":"SKIP","floor":21},{"not_picked":["Clothesline+1","Second Wind"],"picked":"Armaments","floor":23},{"not_picked":["Perfected Strike","Ghostly Armor+1","Berserk"],"picked":"SKIP","floor":25}],"player_experience":402718,"relics_obtained":[{"floor":6,"key":"Bottled Flame"},{"floor":8,"key":"Regal Pillow"},{"floor":9,"key":"Dodecahedron"},{"floor":10,"key":"PreservedInsect"},{"floor":23,"key":"Toxic Egg 2"},{"floor":25,"key":"War Paint"},{"floor":26,"key":"Pantograph"}],"event_choices":[{"damage_healed":0,"gold_gain":0,"player_choice":"Rummage","damage_taken":0,"relics_obtained":["WarpedTongs"],"max_hp_gain":0,"max_hp_loss":0,"event_name":"Accursed Blacksmith","floor":3,"gold_loss":0,"cards_obtained":["Pain"]},{"damage_healed":0,"gold_gain":0,"player_choice":"1 cards matched","damage_taken":0,"max_hp_gain":0,"max_hp_loss":0,"event_name":"Match and Keep!","floor":22,"gold_loss":0,"cards_obtained":["Feed"]}],"is_beta":false,"boss_relics":[{"not_picked":["Busted Crown","Ectoplasm"],"picked":"Runic Cube"}],"items_purged_floors":[13],"is_endless":false,"potions_floor_spawned":[8,10,14,16,18,21,23,25],"killed_by":"Gremlin Leader","ascension_level":10}