{"gold_per_floor":[118,132,150,150,170,197,197,217,217,217,142,142,42,52,52,52],"floor_reached":16,"playtime":392,"items_purged":["Strike_R","Strike_R"],"score":102,"play_id":"6ca50f01-c76b-403f-99da-f3f91a0af2cb","local_time":"20190806185502","is_ascension_mode":false,"campfire_choices":[{"floor":10,"key":"REST"},{"data":"Bash","floor":12,"key":"SMITH"},{"floor":15,"key":"REST"}],"neow_cost":"NONE","seed_source_timestamp":84568223450326,"circlet_count":0,"master_deck":["Strike_R","Strike_R","Defend_R","Defend_R","Defend_R","Defend_R","Bash+1","Immolate","Shockwave"],"relics":["Burning Blood","Darkstone Periapt","Dodecahedron","Ornamental Fan"],"potions_floor_usage":[6],"damage_taken":[{"damage":6,"enemies":"Cultist","floor":1,"turns":4},{"damage":5,"enemies":"Jaw Worm","floor":2,"turns":4},{"damage":1,"enemies":"2 Louse","floor":3,"turns":4},{"damage":22,"enemies":"2 Fungi Beasts","floor":5,"turns":5},{"damage":48,"enemies":"3 Sentries","floor":6,"turns":13},{"damage":10,"enemies":"Looter","floor":8,"turns":4},{"damage":21,"enemies":"Large Slime","floor":14,"turns":4},{"damage":55,"enemies":"Slime Boss","floor":16,"turns":10}],"seed_played":"-8359579500296946445","potions_obtained":[{"floor":1,"key":"SkillPotion"},{"floor":2,"key":"FearPotion"}],"is_trial":false,"path_per_floor":["M","M","M","?","M","E","?","M","T","R","$","R","$","M","R","B"],"character_chosen":"IRONCLAD","items_purchased":[],"campfire_rested":2,"item_purchase_floors":[],"current_hp_per_floor":[80,80,80,85,69,27,24,20,20,45,45,45,45,30,55,0],"gold":52,"neow_bonus":"REMOVE_CARD","is_prod":false,"is_daily":false,"chose_seed":false,"campfire_upgraded":1,"win_rate":0,"timestamp":1565132102,"path_taken":["M","M","?","?","M","E","?","M","T","R","$","R","$","M","R","BOSS"],"build_version":"2019-07-17","purchased_purges":2,"victory":false,"max_hp_per_floor":[80,80,80,85,85,85,85,85,85,85,85,85,85,85,85,85],"card_choices":[{"not_picked":["Whirlwind","Seeing Red","Heavy Blade"],"picked":"SKIP","floor":1},{"not_picked":["Pommel Strike","Anger","Havoc"],"picked":"SKIP","floor":2},{"not_picked":["Body Slam","Thunderclap","Wild Strike"],"picked":"SKIP","floor":3},{"not_picked":["Carnage","Sentinel","Combust"],"picked":"SKIP","floor":5},{"not_picked":["Metallicize","Clothesline"],"picked":"Immolate","floor":6},{"not_picked":["Iron Wave","Anger"],"picked":"Shockwave","floor":8},{"not_picked":["Thunderclap","Headbutt","Wild Strike"],"picked":"SKIP","floor":14}],"player_experience":747622,"relics_obtained":[{"floor":6,"key":"Darkstone Periapt"},{"floor":9,"key":"Ornamental Fan"}],"event_choices":[{"damage_healed":0,"gold_gain":0,"player_choice":"Donut","damage_taken":0,"max_hp_gain":5,"max_hp_loss":0,"event_name":"Big Fish","floor":4,"gold_loss":0},{"damage_healed":0,"gold_gain":0,"player_choice":"Success","damage_taken":3,"relics_obtained":["Dodecahedron"],"max_hp_gain":0,"max_hp_loss":0,"event_name":"Scrap Ooze","floor":7,"gold_loss":0}],"is_beta":false,"boss_relics":[],"items_purged_floors":[11,13],"is_endless":false,"potions_floor_spawned":[1,2],"killed_by":"Slime Boss","ascension_level":0}