{"gold_per_floor":[119,194,213,34,54,54,85,112,112,77,77,90,90,110,110,213,213,223,223,234,85,100,100,112,146,173,173],"floor_reached":27,"playtime":981,"items_purged":["Strike_G"],"score":375,"play_id":"47b393b4-4f52-4021-b3a9-4d6f5955cd80","local_time":"20190603201119","is_ascension_mode":true,"campfire_choices":[{"data":"Neutralize","floor":6,"key":"SMITH"},{"floor":13,"key":"REST"},{"data":"PiercingWail","floor":15,"key":"SMITH"},{"floor":23,"key":"REST"}],"neow_cost":"NONE","seed_source_timestamp":1719752947105707,"circlet_count":0,"master_deck":["Defend_G","Defend_G","Defend_G","Defend_G","Defend_G","Strike_G","Strike_G","Strike_G","Strike_G","Survivor","Neutralize+1","Cloak And Dagger","Deadly Poison","Poisoned Stab","PiercingWail+1","Acrobatics","Corpse Explosion","Poisoned Stab","Corpse Explosion","Footwork+1"],"relics":["Ring of the Snake","Ancient Tea Set","WingedGreaves","Frozen Egg 2","Pocketwatch","Velvet Choker","Snake Skull","Letter Opener","Blood Vial"],"potions_floor_usage":[8,16,24,25,25,25,25,27],"damage_taken":[{"damage":0,"enemies":"2 Louse","floor":1,"turns":5},{"damage":1,"enemies":"Small Slimes","floor":3,"turns":3},{"damage":1,"enemies":"Jaw Worm","floor":5,"turns":4},{"damage":21,"enemies":"Lagavulin","floor":7,"turns":7},{"damage":23,"enemies":"Gremlin Nob","floor":8,"turns":5},{"damage":7,"enemies":"Exordium Thugs","floor":12,"turns":4},{"damage":0,"enemies":"Large Slime","floor":14,"turns":5},{"damage":8,"enemies":"Hexaghost","floor":16,"turns":11},{"damage":5,"enemies":"Spheric Guardian","floor":18,"turns":4},{"damage":22,"enemies":"Shell Parasite","floor":20,"turns":6},{"damage":18,"enemies":"Shelled Parasite and Fungi","floor":22,"turns":5},{"damage":6,"enemies":"Snecko","floor":24,"turns":5},{"damage":10,"enemies":"Gremlin Leader","floor":25,"turns":6},{"damage":24,"enemies":"Slavers","floor":27,"turns":1}],"seed_played":"2793950554836978366","potions_obtained":[{"floor":5,"key":"GamblersBrew"},{"floor":7,"key":"Dexterity Potion"},{"floor":14,"key":"Dexterity Potion"},{"floor":16,"key":"Energy Potion"},{"floor":18,"key":"EntropicBrew"},{"floor":25,"key":"Poison Potion"}],"is_trial":false,"path_per_floor":["M","?","M","$","M","R","E","E","T","?","$","M","R","M","R","B",null,"M","?","M","$","M","R","M","E","T","E"],"character_chosen":"THE_SILENT","items_purchased":["Poisoned Stab","GhostInAJar","Snake Skull"],"campfire_rested":2,"item_purchase_floors":[4,4,21],"current_hp_per_floor":[63,52,51,51,50,50,29,6,6,23,23,16,37,37,37,29,60,55,55,33,33,15,36,30,20,20,0],"gold":173,"neow_bonus":"RANDOM_COMMON_RELIC","is_prod":false,"is_daily":false,"chose_seed":false,"campfire_upgraded":2,"win_rate":0,"timestamp":1559607079,"path_taken":["M","?","M","$","M","R","E","E","T","?","?","?","R","M","R","BOSS","M","?","M","$","M","R","M","E","T","E"],"build_version":"2019-01-23","purchased_purges":1,"victory":false,"max_hp_per_floor":[70,70,70,70,70,70,70,70,70,70,70,70,70,70,70,70,70,70,70,70,70,70,70,70,70,70,70],"card_choices":[{"not_picked":["Underhanded Strike","Quick Slash"],"picked":"Cloak And Dagger","floor":1},{"not_picked":["Bane","Outmaneuver"],"picked":"Deadly Poison","floor":3},{"not_picked":["Unload","Poisoned Stab","Distraction"],"picked":"SKIP","floor":5},{"not_picked":["Grand Finale","Masterful Stab","Deadly Poison"],"picked":"SKIP","floor":7},{"not_picked":["Calculated Gamble","Quick Slash","Underhanded Strike"],"picked":"SKIP","floor":8},{"not_picked":["Dodge and Roll","Glass Knife"],"picked":"PiercingWail","floor":12},{"not_picked":["Outmaneuver","Bane"],"picked":"Acrobatics","floor":14},{"not_picked":["Adrenaline","Burst"],"picked":"Corpse Explosion","floor":16},{"not_picked":["Flying Knee","Cloak And Dagger","Dagger Throw+1"],"picked":"SKIP","floor":18},{"not_picked":["Flying Knee","Blade Dance","Acrobatics"],"picked":"SKIP","floor":20},{"not_picked":["Cloak And Dagger+1","Quick Slash"],"picked":"Poisoned Stab","floor":22},{"not_picked":["Prepared","Deflect"],"picked":"Corpse Explosion","floor":24},{"not_picked":["Quick Slash","Blade Dance+1"],"picked":"Footwork+1","floor":25}],"player_experience":569544,"relics_obtained":[{"floor":7,"key":"WingedGreaves"},{"floor":8,"key":"Frozen Egg 2"},{"floor":9,"key":"Pocketwatch"},{"floor":25,"key":"Letter Opener"},{"floor":26,"key":"Blood Vial"}],"event_choices":[{"damage_healed":0,"gold_gain":75,"player_choice":"Gather Gold","damage_taken":11,"max_hp_gain":0,"max_hp_loss":0,"event_name":"World of Goop","floor":2,"gold_loss":0},{"damage_healed":17,"gold_gain":0,"player_choice":"Healed","damage_taken":0,"max_hp_gain":0,"max_hp_loss":0,"event_name":"The Cleric","floor":10,"gold_loss":35},{"damage_healed":0,"gold_gain":0,"player_choice":"Got Potions","damage_taken":0,"max_hp_gain":0,"max_hp_loss":0,"event_name":"Lab","floor":19,"gold_loss":0}],"is_beta":false,"boss_relics":[{"not_picked":["Snecko Eye","Runic Pyramid"],"picked":"Velvet Choker"}],"items_purged_floors":[4],"is_endless":false,"potions_floor_spawned":[5,7,14,16,18,20,25],"killed_by":"Slavers","ascension_level":8}