{"gold_per_floor":[112,112,112,82,57,86,101,251,251,262,262,281,281,342,342,342],"floor_reached":16,"playtime":392,"items_purged":[],"score":196,"play_id":"8d7d843d-406d-4ce3-858c-ce2fff34f2bb","local_time":"20190818192410","is_ascension_mode":true,"campfire_choices":[{"floor":11.0,"key":"REST"},{"floor":15,"key":"REST"}],"neow_cost":"CURSE","seed_source_timestamp":148122991939800,"circlet_count":0,"master_deck":["AscendersBane","Strike_G+1","Strike_G","Strike_G","Strike_G","Defend_G","Defend_G","Defend_G","Defend_G","Defend_G","Survivor","Neutralize","Injury","Finisher+1","PiercingWail","Terror","Slice","Doubt","Dagger Spray","PiercingWail"],"special_seed":0,"relics":["Ring of the Snake","Du-Vu Doll","Juzu Bracelet","Boot","WingedGreaves"],"potions_floor_usage":[14,14],"damage_taken":[{"damage":9.0,"enemies":"2 Louse","floor":1.0,"turns":4.0},{"damage":22.0,"enemies":"Lagavulin","floor":6.0,"turns":5.0},{"damage":0.0,"enemies":"Jaw Worm","floor":7.0,"turns":1.0},{"damage":0.0,"enemies":"Cultist","floor":10.0,"turns":2.0},{"damage":5.0,"enemies":"Lots of Slimes","floor":12.0,"turns":4.0},{"damage":6,"enemies":"Lagavulin Event","floor":14,"turns":3},{"damage":30,"enemies":"The Guardian","floor":16,"turns":6}],"seed_played":"7289025270403716533","potions_obtained":[{"floor":4.0,"key":"SteroidPotion"},{"floor":4.0,"key":"SteroidPotion"},{"floor":6.0,"key":"Weak Potion"},{"floor":7.0,"key":"SteroidPotion"},{"floor":12.0,"key":"SkillPotion"}],"is_trial":false,"path_per_floor":["M","?","T","?","$","E","M","?","T","M","R","M","?","?","R","B"],"character_chosen":"THE_SILENT","items_purchased":["PiercingWail"],"campfire_rested":2,"item_purchase_floors":[5],"current_hp_per_floor":[50,30,30,30,30,8,8,8,8,8,27,22,15,9,28,0],"gold":342,"neow_bonus":"ONE_RARE_RELIC","is_prod":false,"is_daily":false,"chose_seed":false,"campfire_upgraded":0,"win_rate":0,"timestamp":1566149050,"path_taken":["M","?","?","?","?","E","M","?","T","M","R","M","?","?","R","BOSS"],"build_version":"2019-07-17","purchased_purges":0,"victory":false,"max_hp_per_floor":[66,66,66,66,66,66,66,66,66,66,66,66,66,66,66,66],"card_choices":[{"not_picked":["Dodge and Roll","Blur"],"picked":"Finisher","floor":1.0},{"not_picked":["Backflip","Well Laid Plans"],"picked":"Terror","floor":6.0},{"not_picked":["Prepared","Dodge and Roll"],"picked":"Slice","floor":7.0},{"not_picked":["PiercingWail","Quick Slash"],"picked":"Dagger Spray","floor":10.0},{"not_picked":["All Out Attack","Expertise","Flying Knee"],"picked":"SKIP","floor":12.0},{"not_picked":["Distraction","Setup"],"picked":"PiercingWail","floor":14}],"player_experience":1135746,"relics_obtained":[{"floor":3.0,"key":"Juzu Bracelet"},{"floor":6.0,"key":"Boot"},{"floor":14,"key":"WingedGreaves"}],"event_choices":[{"damage_healed":0.0,"max_hp_gain":0.0,"max_hp_loss":0.0,"gold_gain":0.0,"event_name":"Shining Light","player_choice":"Entered Light","floor":2.0,"gold_loss":0.0,"damage_taken":20.0,"cards_upgraded":["Finisher","Strike_G"]},{"damage_healed":0.0,"max_hp_gain":0.0,"max_hp_loss":0.0,"gold_gain":0.0,"event_name":"The Woman in Blue","player_choice":"Bought 2 Potions","floor":4.0,"gold_loss":0.0,"damage_taken":0.0},{"damage_healed":0.0,"max_hp_gain":0.0,"max_hp_loss":0.0,"gold_gain":150.0,"event_name":"Liars Game","player_choice":"AGREE","floor":8.0,"gold_loss":0.0,"damage_taken":0.0,"cards_obtained":["Doubt"]},{"cards_removed":["Strike_G"],"damage_healed":0.0,"max_hp_gain":0.0,"max_hp_loss":0.0,"gold_gain":0.0,"event_name":"Golden Wing","player_choice":"Card Removal","floor":13.0,"gold_loss":0.0,"damage_taken":7.0},{"damage_healed":0,"gold_gain":30,"player_choice":"Searched \u00272\u0027 times","damage_taken":0,"max_hp_gain":0,"max_hp_loss":0,"event_name":"Dead Adventurer","floor":14,"gold_loss":0}],"is_beta":false,"boss_relics":[],"items_purged_floors":[],"is_endless":false,"potions_floor_spawned":[6,7,12],"killed_by":"The Guardian","ascension_level":20}