{"gold_per_floor":[359,21,33,108,126,126,126,143,143,18,36,68,13,13,13,90,90,100,131,76,76,76,76],"floor_reached":23,"playtime":680,"items_purged":["Strike_B"],"score":346,"play_id":"eb92e2a1-7e3a-4490-b06f-1766cbf6fda6","local_time":"20190725172030","is_ascension_mode":true,"campfire_choices":[{"data":"Lockon","floor":6,"key":"SMITH"},{"floor":15,"key":"REST"}],"neow_cost":"PERCENT_DAMAGE","seed_source_timestamp":1360802121536772,"circlet_count":0,"master_deck":["AscendersBane","Strike_B","Strike_B","Strike_B","Defend_B","Defend_B","Defend_B","Defend_B","Zap+1","Dualcast","Lockon+1","Cold Snap","Melter","Sweeping Beam","Coolheaded","FTL","Biased Cognition","Coolheaded+1","Genetic Algorithm"],"relics":["Cracked Core","Pocketwatch","Happy Flower","Cables","Velvet Choker","Red Mask","Tiny Chest","Bag of Preparation","Nilry\u0027s Codex"],"potions_floor_usage":[16,16],"damage_taken":[{"damage":1,"enemies":"Cultist","floor":1,"turns":4},{"damage":5,"enemies":"Small Slimes","floor":3,"turns":2},{"damage":0,"enemies":"Jaw Worm","floor":5,"turns":3},{"damage":13,"enemies":"Blue Slaver","floor":8,"turns":2},{"damage":0,"enemies":"Large Slime","floor":11,"turns":3},{"damage":6,"enemies":"Gremlin Nob","floor":12,"turns":3},{"damage":18,"enemies":"Slime Boss","floor":16,"turns":7},{"damage":16,"enemies":"Shell Parasite","floor":18,"turns":3},{"damage":10,"enemies":"Masked Bandits","floor":19,"turns":5},{"damage":11,"enemies":"Slavers","floor":23,"turns":1}],"seed_played":"3581876991438016704","potions_obtained":[{"floor":8,"key":"GamblersBrew"},{"floor":11,"key":"SpeedPotion"},{"floor":12,"key":"PowerPotion"}],"is_trial":false,"path_per_floor":["M","$","M","?","M","R","?","M","T","$","M","E","$","?","R","B",null,"M","?","?","T","?","E"],"character_chosen":"DEFECT","items_purchased":["Pocketwatch","Coolheaded","Fire Potion"],"campfire_rested":1,"item_purchase_floors":[2,10,13],"current_hp_per_floor":[45,45,40,29,29,29,29,16,16,16,16,10,10,10,31,13,57,41,31,31,31,10,0],"gold":76,"neow_bonus":"TWO_FIFTY_GOLD","is_prod":false,"is_daily":false,"chose_seed":false,"campfire_upgraded":1,"win_rate":0,"timestamp":1564093230,"path_taken":["M","?","?","?","M","R","?","M","T","$","M","E","?","?","R","BOSS","M","?","?","?","?","E"],"build_version":"2019-07-17","purchased_purges":1,"victory":false,"max_hp_per_floor":[71,71,71,71,71,71,71,71,71,71,71,71,71,71,71,71,71,71,71,71,71,71,71],"card_choices":[{"not_picked":["Redo","Steam Power"],"picked":"Lockon","floor":1},{"not_picked":["Redo","Streamline"],"picked":"Cold Snap","floor":3},{"not_picked":["Hello World","BootSequence"],"picked":"Melter","floor":5},{"not_picked":["Cold Snap","Redo"],"picked":"Sweeping Beam","floor":8},{"not_picked":["Compile Driver","Coolheaded"],"picked":"FTL","floor":11},{"not_picked":["Redo","Coolheaded","Blizzard"],"picked":"SKIP","floor":12},{"not_picked":["Creative AI","Thunder Strike"],"picked":"Biased Cognition","floor":16},{"not_picked":["Stack","Aggregate+1"],"picked":"Coolheaded+1","floor":18},{"not_picked":["Streamline","Steam Power"],"picked":"Genetic Algorithm","floor":19}],"player_experience":399673,"relics_obtained":[{"floor":9,"key":"Happy Flower"},{"floor":12,"key":"Cables"},{"floor":19,"key":"Red Mask"},{"floor":21,"key":"Bag of Preparation"},{"floor":22,"key":"Nilry\u0027s Codex"}],"event_choices":[{"damage_healed":0,"gold_gain":75,"player_choice":"Gather Gold","damage_taken":11,"max_hp_gain":0,"max_hp_loss":0,"event_name":"World of Goop","floor":4,"gold_loss":0},{"damage_healed":0,"gold_gain":0,"player_choice":"Grow","damage_taken":0,"max_hp_gain":0,"max_hp_loss":0,"event_name":"Living Wall","floor":7,"gold_loss":0,"cards_upgraded":["Zap"]},{"damage_healed":0,"gold_gain":0,"player_choice":"Ignored","damage_taken":0,"max_hp_gain":0,"max_hp_loss":0,"event_name":"Shining Light","floor":14,"gold_loss":0},{"damage_healed":0,"gold_gain":0,"player_choice":"Fought Bandits","damage_taken":0,"max_hp_gain":0,"max_hp_loss":0,"event_name":"Masked Bandits","floor":19,"gold_loss":0},{"damage_healed":0,"gold_gain":0,"player_choice":"Obtained Relic","damage_taken":0,"relics_obtained":["Tiny Chest"],"max_hp_gain":0,"max_hp_loss":0,"event_name":"Addict","floor":20,"gold_loss":85},{"damage_healed":0,"gold_gain":0,"player_choice":"Obtained Book","damage_taken":21,"max_hp_gain":0,"max_hp_loss":0,"event_name":"Cursed Tome","floor":22,"gold_loss":0}],"is_beta":false,"boss_relics":[{"not_picked":["Philosopher\u0027s Stone","Ectoplasm"],"picked":"Velvet Choker"}],"items_purged_floors":[10],"is_endless":false,"potions_floor_spawned":[8,11,12],"killed_by":"Slavers","ascension_level":17}