{"gold_per_floor":[118,43,43,59,75,75,75,75,99,135,158,183,183,523,523,523],"floor_reached":16,"playtime":871,"items_purged":["Strike_G"],"score":200,"play_id":"923bf4b3-ebbd-4a0c-9664-ed31f5481d14","local_time":"20190608152255","is_ascension_mode":true,"campfire_choices":[{"data":"Underhanded Strike","floor":6,"key":"SMITH"},{"data":"Leg Sweep","floor":8,"key":"SMITH"},{"data":"Dagger Spray","floor":13,"key":"SMITH"},{"data":"Dagger Spray","floor":15,"key":"SMITH"}],"neow_cost":"NONE","seed_source_timestamp":12731533341800,"circlet_count":0,"master_deck":["AscendersBane","Defend_G","Defend_G","Defend_G","Defend_G","Defend_G","Strike_G","Strike_G","Strike_G","Strike_G","Survivor","Neutralize","Leg Sweep+1","Underhanded Strike+1","Dagger Spray+1","Venomology","Dagger Spray+1"],"relics":["Ring of the Snake","Blood Vial","Golden Idol","Centennial Puzzle","Odd Mushroom","Old Coin"],"potions_floor_usage":[10,11,12,14,16,16,16],"damage_taken":[{"damage":2,"enemies":"Jaw Worm","floor":1,"turns":8},{"damage":2,"enemies":"2 Louse","floor":4,"turns":4},{"damage":0,"enemies":"Small Slimes","floor":5,"turns":4},{"damage":6,"enemies":"The Mushroom Lair","floor":10,"turns":3},{"damage":0,"enemies":"Looter","floor":11,"turns":4},{"damage":4,"enemies":"Blue Slaver","floor":12,"turns":4},{"damage":15,"enemies":"3 Sentries","floor":14,"turns":4},{"damage":47,"enemies":"Hexaghost","floor":16,"turns":12}],"seed_played":"8431456151651491724","potions_obtained":[{"floor":1,"key":"Strength Potion"},{"floor":5,"key":"AttackPotion"},{"floor":10,"key":"Strength Potion"},{"floor":11,"key":"AttackPotion"},{"floor":12,"key":"Explosive Potion"}],"is_trial":false,"path_per_floor":["M","$","?","M","M","R","?","R","T","?","M","M","R","E","R","B"],"character_chosen":"THE_SILENT","items_purchased":[],"campfire_rested":0,"item_purchase_floors":[],"current_hp_per_floor":[59,59,64,64,66,66,64,64,64,58,60,58,58,45,45,0],"gold":523,"neow_bonus":"RANDOM_COMMON_RELIC","is_prod":false,"is_daily":false,"chose_seed":false,"campfire_upgraded":4,"win_rate":0,"timestamp":1560021775,"path_taken":["M","$","?","M","M","R","?","R","T","?","M","M","R","E","R","BOSS"],"build_version":"2019-01-23","purchased_purges":1,"victory":false,"max_hp_per_floor":[66,66,71,71,71,71,64,64,64,64,64,64,64,64,64,64],"card_choices":[{"not_picked":["Caltrops","Finisher"],"picked":"Leg Sweep","floor":1},{"not_picked":["Slice","Escape Plan","Accuracy"],"picked":"SKIP","floor":4},{"not_picked":["Dodge and Roll","Acrobatics"],"picked":"Underhanded Strike","floor":5},{"not_picked":["Masterful Stab","Predator"],"picked":"Dagger Spray","floor":10},{"not_picked":["Outmaneuver","Reflex"],"picked":"Venomology","floor":11},{"not_picked":["Accuracy","Finisher"],"picked":"Dagger Spray","floor":12},{"not_picked":["Choke","Concentrate","Deflect"],"picked":"SKIP","floor":14}],"player_experience":2091806,"relics_obtained":[{"floor":9,"key":"Centennial Puzzle"},{"floor":10,"key":"Odd Mushroom"},{"floor":14,"key":"Old Coin"}],"event_choices":[{"damage_healed":0,"gold_gain":0,"player_choice":"Donut","damage_taken":0,"max_hp_gain":5,"max_hp_loss":0,"event_name":"Big Fish","floor":3,"gold_loss":0},{"damage_healed":0,"gold_gain":0,"player_choice":"Lose Max HP","damage_taken":0,"relics_obtained":["Golden Idol"],"max_hp_gain":0,"max_hp_loss":7,"event_name":"Golden Idol","floor":7,"gold_loss":0},{"damage_healed":0,"gold_gain":0,"player_choice":"Fought Mushrooms","damage_taken":0,"max_hp_gain":0,"max_hp_loss":0,"event_name":"Mushrooms","floor":10,"gold_loss":0}],"is_beta":false,"boss_relics":[],"items_purged_floors":[2],"is_endless":false,"potions_floor_spawned":[1,5,10,11,12],"killed_by":"Hexaghost","ascension_level":20}