{"gold_per_floor":[117,9,84,102,120,154,154,183,183,183,20,45,45,57,57,131,131,144,164,174,174,174,174,194,244,244,275,275,285,302,333,333,404,404,417,38,38,51,69,69,87,114,162,162],"floor_reached":44,"playtime":2892,"items_purged":[],"score":1051,"play_id":"ca46038f-e6f6-4832-9a4a-b4c290052434","local_time":"20190816101135","is_ascension_mode":true,"campfire_choices":[{"floor":7.0,"key":"REST"},{"data":"Blade Dance","floor":10.0,"key":"SMITH"},{"data":"Terror","floor":15.0,"key":"SMITH"},{"data":"Cloak And Dagger","floor":23.0,"key":"SMITH"},{"floor":28.0,"key":"REST"},{"data":"Bullet Time","floor":32.0,"key":"SMITH"},{"floor":40.0,"key":"REST"}],"neow_cost":"NONE","seed_source_timestamp":89238876755300,"circlet_count":0,"master_deck":["AscendersBane","Survivor","Neutralize","Dodge and Roll","Blade Dance+1","Backstab","Cloak And Dagger+1","Footwork","Terror+1","Blade Dance","Corpse Explosion","Skewer","Finisher","Backstab","Bullet Time+1","Well Laid Plans","Accuracy","Bane","Slice","Blade Dance","Escape Plan+1","Leg Sweep","Shame","Backflip","Heel Hook+1","Backflip","A Thousand Cuts","Acrobatics","After Image","Infinite Blades+1","Quick Slash+1","Burst+1","PiercingWail","Secret Technique","Madness","Madness","PiercingWail+1","Dodge and Roll","Predator+1","Malaise"],"special_seed":0,"relics":["Ring of the Snake","Bag of Marbles","Kunai","Odd Mushroom","Meat on the Bone","Lantern","Pandora\u0027s Box","Darkstone Periapt","Potion Belt","Dodecahedron","Ancient Tea Set","Astrolabe","Vajra","Happy Flower"],"potions_floor_usage":[44],"damage_taken":[{"damage":8.0,"enemies":"Jaw Worm","floor":1.0,"turns":4.0},{"damage":0.0,"enemies":"Small Slimes","floor":4.0,"turns":3.0},{"damage":0.0,"enemies":"2 Louse","floor":5.0,"turns":2.0},{"damage":19.0,"enemies":"3 Sentries","floor":6.0,"turns":13.0},{"damage":0.0,"enemies":"The Mushroom Lair","floor":8.0,"turns":4.0},{"damage":0.0,"enemies":"Lagavulin","floor":12.0,"turns":8.0},{"damage":0.0,"enemies":"Exordium Thugs","floor":14.0,"turns":4.0},{"damage":31.0,"enemies":"Hexaghost","floor":16.0,"turns":13.0},{"damage":0.0,"enemies":"Chosen","floor":18.0,"turns":2.0},{"damage":0.0,"enemies":"Spheric Guardian","floor":19.0,"turns":1.0},{"damage":0.0,"enemies":"3 Cultists","floor":20.0,"turns":4.0},{"damage":7.0,"enemies":"Snecko","floor":24.0,"turns":5.0},{"damage":22.0,"enemies":"Gremlin Leader","floor":27.0,"turns":6.0},{"damage":13.0,"enemies":"Cultist and Chosen","floor":29.0,"turns":5.0},{"damage":12.0,"enemies":"Chosen and Byrds","floor":30.0,"turns":5.0},{"damage":7.0,"enemies":"Slavers","floor":31.0,"turns":2.0},{"damage":39.0,"enemies":"Automaton","floor":33.0,"turns":10.0},{"damage":0.0,"enemies":"3 Darklings","floor":35.0,"turns":2.0},{"damage":4.0,"enemies":"3 Shapes","floor":38.0,"turns":5.0},{"damage":23.0,"enemies":"Spire Growth","floor":39.0,"turns":4.0},{"damage":0.0,"enemies":"Jaw Worm Horde","floor":41.0,"turns":4.0},{"damage":26.0,"enemies":"Nemesis","floor":42.0,"turns":7.0},{"damage":44,"enemies":"Giant Head","floor":44,"turns":5}],"seed_played":"5704264936697499171","potions_obtained":[{"floor":5.0,"key":"Swift Potion"},{"floor":6.0,"key":"SkillPotion"},{"floor":12.0,"key":"EssenceOfSteel"},{"floor":16.0,"key":"EssenceOfSteel"},{"floor":19.0,"key":"Energy Potion"},{"floor":27.0,"key":"Regen Potion"},{"floor":31.0,"key":"EssenceOfSteel"},{"floor":33.0,"key":"PowerPotion"},{"floor":41.0,"key":"Dexterity Potion"},{"floor":42.0,"key":"LiquidBronze"}],"is_trial":false,"path_per_floor":["M","$","?","M","M","E","R","?","T","R","$","E","?","M","R","B",null,"M","M","M","?","?","R","M","?","T","E","R","M","M","E","R","B",null,"M","$","?","M","M","R","M","E","T","E"],"character_chosen":"THE_SILENT","items_purchased":["Dodge and Roll","Backstab","Footwork","Terror","Secret Technique","Vajra"],"campfire_rested":3,"item_purchase_floors":[2,2,11,11,36,36],"current_hp_per_floor":[51,51,40,40,40,21,40,40,40,40,40,40,33,45,45,26,56,56,56,56,56,62,62,55,48,48,38,59,46,46,39,39,27,61,61,61,48,44,33,54,54,40,40,0],"gold":162,"neow_bonus":"RANDOM_COMMON_RELIC","is_prod":false,"is_daily":false,"chose_seed":false,"campfire_upgraded":4,"win_rate":0,"timestamp":1565943095,"path_taken":["M","$","?","M","M","E","R","?","T","R","$","E","?","M","R","BOSS","M","M","M","?","?","R","M","?","T","E","R","M","M","E","R","BOSS","M","$","?","M","M","R","M","E","T","E"],"build_version":"2019-07-17","purchased_purges":0,"victory":false,"max_hp_per_floor":[66,66,66,66,66,66,66,66,66,66,66,66,66,66,66,66,66,66,66,66,66,72,72,72,72,72,72,72,72,72,72,72,72,72,72,72,72,72,72,72,72,72,72,72],"card_choices":[{"not_picked":["Reflex","Poisoned Stab"],"picked":"Cloak And Dagger","floor":1.0},{"not_picked":["Slice","Calculated Gamble"],"picked":"Blade Dance","floor":4.0},{"not_picked":["Bouncing Flask","Deflect"],"picked":"Backstab","floor":5.0},{"not_picked":["Riddle With Holes","Flying Knee"],"picked":"Cloak And Dagger","floor":6.0},{"not_picked":["Riddle With Holes","Predator"],"picked":"Blade Dance","floor":12.0},{"not_picked":["Poisoned Stab","Riddle With Holes"],"picked":"Heel Hook","floor":14.0},{"not_picked":["Night Terror","Bullet Time"],"picked":"Corpse Explosion","floor":16.0},{"not_picked":["Dagger Spray","Riddle With Holes"],"picked":"Blade Dance","floor":18.0},{"not_picked":["Prepared","Heel Hook"],"picked":"Escape Plan+1","floor":19.0},{"not_picked":["Outmaneuver","Dagger Throw"],"picked":"Leg Sweep","floor":20.0},{"not_picked":["Predator","Escape Plan"],"picked":"Backflip","floor":24.0},{"not_picked":["Prepared","Poisoned Stab"],"picked":"Heel Hook+1","floor":27.0},{"not_picked":["Flying Knee","Outmaneuver"],"picked":"Backflip","floor":29.0},{"not_picked":["Slice","Deflect"],"picked":"A Thousand Cuts","floor":30.0},{"not_picked":["Dagger Spray","Blade Dance"],"picked":"Acrobatics","floor":31.0},{"not_picked":["Corpse Explosion","Venomology"],"picked":"After Image","floor":33.0},{"not_picked":["Prepared","Flying Knee"],"picked":"PiercingWail","floor":35.0},{"not_picked":["Poisoned Stab","Terror"],"picked":"PiercingWail+1","floor":38.0},{"not_picked":["Prepared+1","Sucker Punch"],"picked":"Dodge and Roll","floor":39.0},{"not_picked":["Sucker Punch+1","Poisoned Stab"],"picked":"Predator+1","floor":41.0},{"not_picked":["Terror+1","Expertise"],"picked":"Malaise","floor":42.0}],"player_experience":1049126,"relics_obtained":[{"floor":6.0,"key":"Kunai"},{"floor":8.0,"key":"Odd Mushroom"},{"floor":9.0,"key":"Meat on the Bone"},{"floor":12.0,"key":"Lantern"},{"floor":26.0,"key":"Potion Belt"},{"floor":27.0,"key":"Dodecahedron"},{"floor":31.0,"key":"Ancient Tea Set"},{"floor":42.0,"key":"Happy Flower"}],"event_choices":[{"damage_healed":0.0,"max_hp_gain":0.0,"max_hp_loss":0.0,"gold_gain":75.0,"event_name":"World of Goop","player_choice":"Gather Gold","floor":3.0,"gold_loss":0.0,"damage_taken":11.0},{"damage_healed":0.0,"max_hp_gain":0.0,"max_hp_loss":0.0,"gold_gain":0.0,"event_name":"Mushrooms","player_choice":"Fought Mushrooms","floor":8.0,"gold_loss":0.0,"damage_taken":0.0},{"cards_removed":["Strike_G"],"damage_healed":0.0,"max_hp_gain":0.0,"max_hp_loss":0.0,"gold_gain":0.0,"event_name":"Golden Wing","player_choice":"Card Removal","floor":13.0,"gold_loss":0.0,"damage_taken":7.0},{"cards_removed":["Crippling Poison"],"damage_healed":0.0,"max_hp_gain":0.0,"max_hp_loss":0.0,"gold_gain":0.0,"event_name":"Back to Basics","player_choice":"Elegance","floor":21.0,"gold_loss":0.0,"damage_taken":0.0},{"damage_healed":0.0,"max_hp_gain":0.0,"max_hp_loss":0.0,"gold_gain":0.0,"event_name":"Addict","player_choice":"Stole Relic","floor":22.0,"gold_loss":0.0,"damage_taken":0.0,"relics_obtained":["Darkstone Periapt"],"cards_obtained":["Shame"]},{"damage_healed":0.0,"max_hp_gain":0.0,"max_hp_loss":0.0,"gold_gain":50.0,"event_name":"FaceTrader","player_choice":"Touch","floor":25.0,"gold_loss":0.0,"damage_taken":7.0},{"damage_healed":0.0,"max_hp_gain":0.0,"max_hp_loss":0.0,"gold_gain":0.0,"event_name":"Winding Halls","player_choice":"Embrace Madness","floor":37.0,"gold_loss":0.0,"damage_taken":13.0,"cards_obtained":["Madness","Madness"]}],"is_beta":false,"boss_relics":[{"not_picked":["Ectoplasm","Fusion Hammer"],"picked":"Pandora\u0027s Box"},{"not_picked":["HoveringKite","Velvet Choker"],"picked":"Astrolabe"}],"items_purged_floors":[],"is_endless":false,"potions_floor_spawned":[5,6,12,16,18,19,27,31,33,41,42],"killed_by":"Giant Head","ascension_level":20}