{"gold_per_floor":[216,216,236,88,106,106,141,141,141,176,176,187,217,217,217,320,320,332,83,83,93,110,110,143,143,143,143,172,190,190,210,210,210],"floor_reached":33,"playtime":1777,"items_purged":["Defend_R"],"score":389,"play_id":"c83728dd-abcd-4985-8cb9-4885aff1a0db","local_time":"20190812111623","is_ascension_mode":true,"campfire_choices":[{"data":"Perfected Strike","floor":6,"key":"SMITH"},{"data":"Shrug It Off","floor":8,"key":"SMITH"},{"data":"Warcry","floor":11,"key":"SMITH"},{"data":"Armaments","floor":15,"key":"SMITH"},{"data":"Perfected Strike","floor":23,"key":"SMITH"},{"data":"Bash","floor":25,"key":"SMITH"},{"data":"Battle Trance","floor":27,"key":"SMITH"},{"data":"Wild Strike","floor":30,"key":"SMITH"},{"data":"Impervious","floor":32,"key":"SMITH"}],"neow_cost":"NONE","seed_source_timestamp":10252031477326,"circlet_count":0,"master_deck":["Strike_R","Strike_R","Strike_R","Strike_R","Strike_R","Defend_R","Defend_R","Defend_R","Bash+1","Carnage","Armaments+1","Perfected Strike+1","Shrug It Off+1","Battle Trance+1","Anger","Warcry+1","Wild Strike+1","Impervious+1","Feed+1","Perfected Strike+1","Pommel Strike+1","Demon Form","Parasite","Wild Strike+1","Heavy Blade+1"],"relics":["Burning Blood","Sundial","Kunai","Mango","WingedGreaves","Paper Frog","Cursed Key","Singing Bowl","Unceasing Top","Bottled Flame","Question Card"],"potions_floor_usage":[16,21,24,28,28,31,33],"damage_taken":[{"damage":0,"enemies":"Small Slimes","floor":1,"turns":3},{"damage":0,"enemies":"2 Louse","floor":3,"turns":2},{"damage":1,"enemies":"Cultist","floor":5,"turns":3},{"damage":2,"enemies":"Gremlin Nob","floor":7,"turns":3},{"damage":34,"enemies":"Lagavulin","floor":10,"turns":4},{"damage":3,"enemies":"Blue Slaver","floor":12,"turns":2},{"damage":35,"enemies":"3 Sentries","floor":13,"turns":6},{"damage":27,"enemies":"Hexaghost","floor":16,"turns":9},{"damage":15,"enemies":"Shell Parasite","floor":18,"turns":3},{"damage":11,"enemies":"2 Thieves","floor":21,"turns":3},{"damage":32,"enemies":"Snake Plant","floor":22,"turns":3},{"damage":7,"enemies":"Slavers","floor":24,"turns":5},{"damage":15,"enemies":"Gremlin Leader","floor":28,"turns":6},{"damage":24,"enemies":"Chosen and Byrds","floor":29,"turns":3},{"damage":5,"enemies":"Snecko","floor":31,"turns":4},{"damage":39,"enemies":"Champ","floor":33,"turns":5}],"seed_played":"-7045430502673144824","potions_obtained":[{"floor":1,"key":"SpeedPotion"},{"floor":10,"key":"LiquidBronze"},{"floor":13,"key":"GamblersBrew"},{"floor":18,"key":"Energy Potion"},{"floor":22,"key":"SkillPotion"},{"floor":24,"key":"SkillPotion"},{"floor":31,"key":"LiquidBronze"}],"is_trial":false,"path_per_floor":["M","?","M","$","M","R","E","R","T","E","R","M","E","?","R","B",null,"M","$","?","M","M","R","E","R","T","R","E","M","R","M","R","B"],"character_chosen":"IRONCLAD","items_purchased":["Perfected Strike","Shrug It Off","Singing Bowl"],"campfire_rested":0,"item_purchase_floors":[4,4,19],"current_hp_per_floor":[80,62,68,68,73,73,77,77,91,63,63,66,37,37,37,16,94,85,85,85,84,60,60,63,63,63,63,54,38,38,39,39,0],"gold":210,"neow_bonus":"HUNDRED_GOLD","is_prod":false,"is_daily":false,"chose_seed":false,"campfire_upgraded":9,"win_rate":0,"timestamp":1565626583,"path_taken":["M","?","M","$","M","R","E","R","T","E","R","M","E","?","R","BOSS","M","$","?","M","M","R","E","R","T","R","E","M","R","M","R","BOSS"],"build_version":"2019-07-17","purchased_purges":1,"victory":false,"max_hp_per_floor":[80,80,80,80,80,80,80,80,94,94,94,94,94,94,94,94,94,94,94,94,98,100,100,104,104,104,104,104,106,106,106,106,106],"card_choices":[{"not_picked":["Entrench","Cleave"],"picked":"Carnage","floor":1},{"not_picked":["Twin Strike","Pommel Strike"],"picked":"Armaments","floor":3},{"not_picked":["Havoc","Clothesline"],"picked":"Battle Trance","floor":5},{"not_picked":["Fiend Fire","Power Through"],"picked":"Anger","floor":7},{"not_picked":["Armaments","Carnage"],"picked":"Warcry","floor":10},{"not_picked":["Armaments","Iron Wave"],"picked":"Wild Strike","floor":12},{"not_picked":["Rampage","Heavy Blade"],"picked":"Impervious","floor":13},{"not_picked":["Brutality","Fiend Fire"],"picked":"Feed","floor":16},{"not_picked":["Searing Blow+1","Headbutt"],"picked":"Perfected Strike","floor":18},{"not_picked":["Body Slam+1","Perfected Strike"],"picked":"Pommel Strike+1","floor":21},{"not_picked":["Perfected Strike","Thunderclap","True Grit"],"picked":"Singing Bowl","floor":22},{"not_picked":["Sever Soul","Brutality"],"picked":"Demon Form","floor":24},{"not_picked":["Cleave","Iron Wave"],"picked":"Wild Strike","floor":28},{"not_picked":["Pummel","Clothesline","Flex","Power Through"],"picked":"Singing Bowl","floor":29},{"not_picked":["Dual Wield","Anger","Clothesline"],"picked":"Heavy Blade+1","floor":31}],"player_experience":128140,"relics_obtained":[{"floor":7,"key":"Kunai"},{"floor":9,"key":"Mango"},{"floor":10,"key":"WingedGreaves"},{"floor":13,"key":"Paper Frog"},{"floor":24,"key":"Unceasing Top"},{"floor":26,"key":"Bottled Flame"},{"floor":28,"key":"Question Card"}],"event_choices":[{"damage_healed":0,"gold_gain":0,"player_choice":"Success","damage_taken":18,"relics_obtained":["Sundial"],"max_hp_gain":0,"max_hp_loss":0,"event_name":"Scrap Ooze","floor":2,"gold_loss":0},{"damage_healed":0,"gold_gain":0,"player_choice":"Grow","damage_taken":0,"max_hp_gain":0,"max_hp_loss":0,"event_name":"Living Wall","floor":14,"gold_loss":0,"cards_upgraded":["Wild Strike"]},{"damage_healed":0,"gold_gain":0,"player_choice":"Upgraded","damage_taken":0,"max_hp_gain":0,"max_hp_loss":0,"event_name":"Upgrade Shrine","floor":20,"gold_loss":0,"cards_upgraded":["Feed"]}],"is_beta":false,"boss_relics":[{"not_picked":["Sozu","Eternal Feather"],"picked":"Cursed Key"}],"items_purged_floors":[4],"is_endless":false,"potions_floor_spawned":[1,10,13,18,22,24,31],"killed_by":"Champ","ascension_level":4}