{"path_per_floor":["M","?","?","$","M","R","E","M","T","E","?","M","$","M","R","B",null,"M","?","M","?","?","E","?","R","T","M","M","$","M","M","R"],"character_chosen":"THE_SILENT","items_purchased":["Vajra","Block Potion","Apotheosis","Bronze Scales"],"gold_per_floor":[115,115,115,115,134,134,168,186,209,241,241,252,7,24,24,127,157,169,169,179,179,279,314,314,314,340,354,370,14,25,38,38],"floor_reached":33,"campfire_rested":2,"playtime":2577,"current_hp_per_floor":[70,70,70,70,62,62,25,21,21,19,12,10,10,10,31,20,75,65,70,69,69,69,69,53,53,53,46,27,27,23,18,40],"items_purged":["Strike_G"],"gold":38,"play_id":"c907210c-8a5f-4999-80e2-d9c77e6636d7","is_prod":false,"is_daily":false,"campfire_rituals":0,"campfire_upgraded":2,"is_hardmode":false,"path_taken":["M","?","?","$","M","R","E","M","T","E","?","M","$","M","R","BOSS","M","?","M","?","?","E","?","R","T","M","?","?","M","M","R","BOSS"],"build_version":"2018-01-11-PROD2","purchased_purges":1,"victory":false,"master_deck":["Defend_G","Defend_G","Defend_G","Defend_G","Strike_G","Strike_G","Strike_G","Strike_G","Survivor","Neutralize","Eviscerate","Regret","Sucker Punch","Dagger Throw","Predator","Heel Hook","Prepared","Tools of the Trade","Outmaneuver","Dagger Throw","Dagger Spray","Prepared","Backflip","Burst","Escape Plan","Apotheosis","Outmaneuver","Blade Dance"],"max_hp_per_floor":[70,70,70,70,70,70,70,70,70,70,70,70,70,70,70,70,75,75,75,75,75,75,75,75,75,75,75,75,75,75,75,75],"relics":["Ring of the Snake","Orichalcum","Sundial","Toxic Egg","Blood Vial","Smiling Mask","Thread and Needle","Vajra","Tiny House","Pen Nib","Enchiridion","Prayer Wheel","Bronze Scales"],"campfire_meditates":0,"card_choices":[{"not_picked":["Skewer","Dodge and Roll"],"picked":"Eviscerate"},{"not_picked":["Riddle With Holes","Slice"],"picked":"Sucker Punch"},{"not_picked":["Bane","Flechettes"],"picked":"Dagger Throw"},{"not_picked":["Outmaneuver","Finisher"],"picked":"Predator"},{"not_picked":["Blur","PiercingWail"],"picked":"Heel Hook"},{"not_picked":["Deadly Poison","Outmaneuver"],"picked":"Bane"},{"not_picked":["Poisoned Stab","Wraith Form"],"picked":"Prepared"},{"not_picked":["Die Die Die","Glass Knife"],"picked":"Tools of the Trade"},{"not_picked":["Footwork","Riddle With Holes"],"picked":"Outmaneuver"},{"not_picked":["Sucker Punch","PiercingWail"],"picked":"Dagger Throw"},{"not_picked":["Dodge and Roll","Outmaneuver"],"picked":"Dagger Spray"},{"not_picked":["Quick Slash","Bane"],"picked":"Backflip"},{"not_picked":["Deflect","Terror"],"picked":"Burst"},{"not_picked":["Leg Sweep","PiercingWail"],"picked":"Escape Plan"},{"not_picked":["Dagger Spray","Dodge and Roll"],"picked":"Outmaneuver"},{"not_picked":["A Thousand Cuts","All Out Attack"],"picked":"Blade Dance"}],"player_experience":35390,"potions_floor_usage":[8,14,16,16,18,23,23,28],"damage_taken":[{"damage":0,"enemies":"2 Louse","floor":1,"turns":2},{"damage":8,"enemies":"Jaw Worm","floor":5,"turns":4},{"damage":37,"enemies":"Lagavulin","floor":7,"turns":11},{"damage":4,"enemies":"Blue Slaver","floor":8,"turns":4},{"damage":4,"enemies":"Gremlin Nob","floor":10,"turns":4},{"damage":4,"enemies":"Large Slime","floor":12,"turns":4},{"damage":2,"enemies":"Gremlin Gang","floor":14,"turns":3},{"damage":13,"enemies":"Slime Boss","floor":16,"turns":10},{"damage":10,"enemies":"2 Thieves","floor":18,"turns":4},{"damage":3,"enemies":"Chosen","floor":20,"turns":7},{"damage":2,"enemies":"Gremlin Leader","floor":23,"turns":7},{"damage":9,"enemies":"Snake Plant","floor":27,"turns":6},{"damage":21,"enemies":"Sentry and Sphere","floor":28,"turns":4},{"damage":6,"enemies":"Centurion and Healer","floor":30,"turns":4},{"damage":7,"enemies":"Snake Plant","floor":31,"turns":3},{"damage":53,"enemies":"Champ","floor":33,"turns":7}],"event_choices":[{"event_name":"Big Fish","player_choice":"Box","floor":2,"damage_taken":0},{"event_name":"Wheel of Change","player_choice":"Card Removal","floor":3,"damage_taken":0},{"event_name":"Scrap Ooze","player_choice":"success","floor":11,"damage_taken":7},{"event_name":"Bonfire Elementals","player_choice":"COMMON","floor":19,"damage_taken":0},{"event_name":"The Library","player_choice":"Read","floor":21,"damage_taken":0},{"event_name":"Golden Shrine","player_choice":"Pray","floor":22,"damage_taken":0},{"event_name":"Cursed Tome","player_choice":"Obtained Book","floor":24,"damage_taken":0}],"boss_relics":[{"not_picked":["Question Card","Snecko Eye"],"picked":"Tiny House"}],"potions_floor_spawned":[1,10,12,16,20,23],"seed_played":"3026096319091677943","killed_by":"Champ","is_trial":false}