{"gold_per_floor":[110,120,120,33,33,33,33,67,67,97,97,127,143,158,158,232,232,242,242,259,275,295,295,323,323,323,323,26,58,72,104,104,180,180,198,198,214,214,229,229,229],"floor_reached":41,"playtime":4138,"items_purged":[],"score":1088,"play_id":"0e6f8969-41e8-4646-b83b-84d2907109d8","local_time":"20190815172318","is_ascension_mode":true,"campfire_choices":[{"floor":6.0,"key":"REST"},{"floor":11.0,"key":"REST"},{"data":"Noxious Fumes","floor":15.0,"key":"SMITH"},{"floor":23.0,"key":"REST"},{"data":"Burst","floor":25.0,"key":"SMITH"},{"floor":32,"key":"RECALL"},{"floor":40,"key":"REST"}],"neow_cost":"NONE","seed_source_timestamp":28004507992500,"circlet_count":0,"master_deck":["AscendersBane","Strike_G","Strike_G","Defend_G","Defend_G","Defend_G","Defend_G","Defend_G","Survivor","Neutralize","Poisoned Stab","Blur","Noxious Fumes+1","Backflip","Leg Sweep","Burst+1","After Image+1","Dodge and Roll","Poisoned Stab","After Image","Endless Agony+1","Bane","Doubt","Infinite Blades+1","Leg Sweep","Bullet Time","Acrobatics+1","Caltrops","Madness","Madness","Backstab+1"],"special_seed":0,"relics":["Ring of the Snake","NeowsBlessing","Dodecahedron","Bottled Tornado","Pantograph","Bag of Preparation","Strawberry","Cursed Key","Regal Pillow","Molten Egg 2","TwistedFunnel","Pen Nib","Omamori","Empty Cage"],"potions_floor_usage":[33,41,41],"damage_taken":[{"damage":0.0,"enemies":"Cultist","floor":1.0,"turns":1.0},{"damage":0.0,"enemies":"Small Slimes","floor":2.0,"turns":1.0},{"damage":0.0,"enemies":"3 Sentries","floor":8.0,"turns":2.0},{"damage":36.0,"enemies":"Lagavulin","floor":10.0,"turns":7.0},{"damage":19.0,"enemies":"3 Sentries","floor":12.0,"turns":9.0},{"damage":1.0,"enemies":"Jaw Worm","floor":13.0,"turns":6.0},{"damage":0.0,"enemies":"2 Fungi Beasts","floor":14.0,"turns":4.0},{"damage":13.0,"enemies":"The Guardian","floor":16.0,"turns":12.0},{"damage":0.0,"enemies":"3 Byrds","floor":18.0,"turns":3.0},{"damage":16.0,"enemies":"Spheric Guardian","floor":20.0,"turns":5.0},{"damage":10.0,"enemies":"Centurion and Healer","floor":21.0,"turns":8.0},{"damage":12.0,"enemies":"Chosen and Byrds","floor":22.0,"turns":8.0},{"damage":11.0,"enemies":"Gremlin Leader","floor":24.0,"turns":10.0},{"damage":0.0,"enemies":"Book of Stabbing","floor":29.0,"turns":7.0},{"damage":0.0,"enemies":"Cultist and Chosen","floor":30.0,"turns":5.0},{"damage":0,"enemies":"Gremlin Leader","floor":31,"turns":7},{"damage":41,"enemies":"Collector","floor":33,"turns":12},{"damage":3,"enemies":"3 Shapes","floor":35,"turns":5},{"damage":11,"enemies":"Orb Walker","floor":37,"turns":6},{"damage":4,"enemies":"Maw","floor":39,"turns":10},{"damage":80,"enemies":"Reptomancer","floor":41,"turns":10}],"seed_played":"8136985622842438321","potions_obtained":[{"floor":2.0,"key":"SteroidPotion"},{"floor":8.0,"key":"Dexterity Potion"},{"floor":12.0,"key":"LiquidBronze"},{"floor":13.0,"key":"SkillPotion"},{"floor":18.0,"key":"Poison Potion"},{"floor":21.0,"key":"Weak Potion"},{"floor":29.0,"key":"Ancient Potion"},{"floor":31,"key":"Regen Potion"},{"floor":37,"key":"SpeedPotion"},{"floor":39,"key":"Explosive Potion"}],"is_trial":false,"path_per_floor":["M","M","?","$","?","R","$","E","T","E","R","E","M","M","R","B",null,"M","?","M","M","M","R","E","R","T","?","$","E","M","E","R","B",null,"M","?","M","?","M","R","E"],"character_chosen":"THE_SILENT","items_purchased":["Noxious Fumes","TwistedFunnel","GhostInAJar"],"campfire_rested":4,"item_purchase_floors":[4,28,28],"current_hp_per_floor":[59,59,33,33,33,52,52,52,52,16,35,23,22,22,22,34,63,63,63,47,37,25,46,35,35,35,50,50,50,50,50,50,47,67,64,64,53,40,36,72,0],"gold":229,"neow_bonus":"THREE_ENEMY_KILL","is_prod":false,"is_daily":false,"chose_seed":false,"campfire_upgraded":2,"win_rate":0,"timestamp":1565882598,"path_taken":["M","?","?","$","?","R","$","E","T","E","R","E","?","M","R","BOSS","M","?","?","M","M","R","E","R","T","?","$","E","M","E","R","BOSS","M","?","M","?","M","R","E"],"build_version":"2019-07-17","purchased_purges":0,"victory":false,"max_hp_per_floor":[66,66,66,66,66,66,66,66,66,66,66,73,73,73,73,73,73,73,73,73,73,73,73,73,73,73,73,73,73,73,73,73,73,73,73,73,73,73,73,73,73],"card_choices":[{"not_picked":["Prepared","Deflect"],"picked":"Poisoned Stab","floor":1.0},{"not_picked":["Eviscerate","Underhanded Strike"],"picked":"Blur","floor":2.0},{"not_picked":["Acrobatics","Heel Hook"],"picked":"Flechettes","floor":8.0},{"not_picked":["Dodge and Roll","Sucker Punch"],"picked":"Backflip","floor":10.0},{"not_picked":["Blade Dance","Accuracy"],"picked":"Leg Sweep","floor":12.0},{"not_picked":["Dagger Spray","Crippling Poison"],"picked":"Burst","floor":13.0},{"not_picked":["Finisher","Slice","Endless Agony"],"picked":"SKIP","floor":14.0},{"not_picked":["Glass Knife","Venomology"],"picked":"After Image","floor":16.0},{"not_picked":["Prepared","Backstab"],"picked":"Dodge and Roll","floor":18.0},{"not_picked":["Skewer","Terror+1"],"picked":"Poisoned Stab","floor":20.0},{"not_picked":["Acrobatics","Deadly Poison"],"picked":"After Image","floor":21.0},{"not_picked":["Dagger Spray","Masterful Stab"],"picked":"Endless Agony+1","floor":22.0},{"not_picked":["Acrobatics","Underhanded Strike"],"picked":"Bane","floor":24.0},{"not_picked":["Backflip","Predator+1"],"picked":"Infinite Blades+1","floor":29.0},{"not_picked":["Expertise","Acrobatics+1"],"picked":"Leg Sweep","floor":30.0},{"not_picked":["Riddle With Holes+1","Poisoned Stab+1","Distraction"],"picked":"SKIP","floor":31},{"not_picked":["After Image","Tools of the Trade"],"picked":"Bullet Time","floor":33},{"not_picked":["Dash+1","Deadly Poison"],"picked":"Acrobatics+1","floor":35},{"not_picked":["Deadly Poison+1","Crippling Poison"],"picked":"Caltrops","floor":37},{"not_picked":["Underhanded Strike+1","PiercingWail"],"picked":"Backstab+1","floor":39}],"player_experience":1023260,"relics_obtained":[{"floor":8.0,"key":"Bottled Tornado"},{"floor":9.0,"key":"Pantograph"},{"floor":10.0,"key":"Bag of Preparation"},{"floor":12.0,"key":"Strawberry"},{"floor":24.0,"key":"Regal Pillow"},{"floor":26.0,"key":"Molten Egg 2"},{"floor":29.0,"key":"Pen Nib"},{"floor":31,"key":"Omamori"}],"event_choices":[{"damage_healed":0.0,"max_hp_gain":0.0,"max_hp_loss":0.0,"gold_gain":0.0,"event_name":"Scrap Ooze","player_choice":"Success","floor":3.0,"gold_loss":0.0,"damage_taken":26.0,"relics_obtained":["Dodecahedron"]},{"cards_removed":["Strike_G"],"damage_healed":0.0,"max_hp_gain":0.0,"max_hp_loss":0.0,"gold_gain":0.0,"event_name":"Purifier","player_choice":"Purged","floor":5.0,"gold_loss":0.0,"damage_taken":0.0},{"damage_healed":0.0,"max_hp_gain":0.0,"max_hp_loss":0.0,"gold_gain":0.0,"event_name":"Upgrade Shrine","player_choice":"Upgraded","floor":19.0,"gold_loss":0.0,"damage_taken":0.0,"cards_upgraded":["After Image"]},{"damage_healed":15.0,"max_hp_gain":0.0,"max_hp_loss":0.0,"gold_gain":0.0,"event_name":"The Library","player_choice":"Heal","floor":27.0,"gold_loss":0.0,"damage_taken":0.0},{"cards_removed":["Flechettes"],"damage_healed":0,"gold_gain":0,"player_choice":"Removed Attack","damage_taken":0,"max_hp_gain":0,"max_hp_loss":0,"event_name":"Falling","floor":36,"gold_loss":0},{"damage_healed":0,"gold_gain":0,"player_choice":"Embrace Madness","damage_taken":13,"max_hp_gain":0,"max_hp_loss":0,"event_name":"Winding Halls","floor":38,"gold_loss":0,"cards_obtained":["Madness","Madness"]}],"is_beta":false,"boss_relics":[{"not_picked":["Tiny House","Philosopher\u0027s Stone"],"picked":"Cursed Key"},{"not_picked":["Coffee Dripper","Velvet Choker"],"picked":"Empty Cage"}],"items_purged_floors":[],"is_endless":false,"potions_floor_spawned":[2,8,12,13,18,21,29,31,37,39],"killed_by":"Reptomancer","ascension_level":20}