{"gold_per_floor":[362,375,392,39,49,68,68,68,117,146,165,176,176,193,193,294,294,304,304,54,64,82,82,82,108,120,132,160,182,226,255,267,376,388,416,232,252,21,121,153,153,153,153,181,200,225,0,12,12,12],"floor_reached":50,"playtime":5684,"items_purged":["Normality"],"score":678,"play_id":"70b5f4d5-e4a9-41ba-88d8-074e8f01bd19","local_time":"20190813205847","is_ascension_mode":false,"campfire_choices":[{"floor":7.0,"key":"RECALL"},{"data":"Neutralize","floor":13.0,"key":"SMITH"},{"data":"Catalyst","floor":15.0,"key":"SMITH"},{"floor":23.0,"key":"REST"},{"floor":32.0,"key":"REST"},{"floor":42.0,"key":"REST"},{"floor":49.0,"key":"REST"}],"neow_cost":"CURSE","seed_source_timestamp":0,"circlet_count":0,"master_deck":["Defend_G","Defend_G","Defend_G","Defend_G","Strike_G","Strike_G","Survivor","Neutralize+1","Deflect","Backstab+1","Backflip","Poisoned Stab","Sucker Punch","Catalyst+1","Envenom","Terror","Caltrops+1","Bouncing Flask","Dodge and Roll+1","Corpse Explosion","Footwork+1","Envenom+1","Corpse Explosion+1","Bullet Time+1","Footwork+1","Caltrops+1","Catalyst+1","Caltrops+1","Caltrops+1","Deadly Poison","Flechettes+1","Terror","Dodge and Roll+1","Flying Knee+1","Calculated Gamble+1"],"special_seed":0,"relics":["Ring of the Snake","PreservedInsect","Tiny Chest","Art of War","Letter Opener","Fusion Hammer","Frozen Egg 2","MawBank","Pantograph","Happy Flower","Astrolabe","DollysMirror","Dream Catcher","Thread and Needle","Darkstone Periapt","Molten Egg 2","Dodecahedron","Anchor","Red Mask"],"potions_floor_usage":[50],"damage_taken":[{"damage":0.0,"enemies":"2 Louse","floor":1.0,"turns":3.0},{"damage":7.0,"enemies":"Jaw Worm","floor":2.0,"turns":7.0},{"damage":0.0,"enemies":"Cultist","floor":3.0,"turns":5.0},{"damage":5.0,"enemies":"Looter","floor":5.0,"turns":5.0},{"damage":0.0,"enemies":"Large Slime","floor":6.0,"turns":7.0},{"damage":8.0,"enemies":"Gremlin Nob","floor":10.0,"turns":4.0},{"damage":0.0,"enemies":"Blue Slaver","floor":11.0,"turns":2.0},{"damage":0.0,"enemies":"2 Fungi Beasts","floor":12.0,"turns":2.0},{"damage":0.0,"enemies":"Looter","floor":14.0,"turns":3.0},{"damage":20.0,"enemies":"Hexaghost","floor":16.0,"turns":12.0},{"damage":5.0,"enemies":"2 Thieves","floor":18.0,"turns":5.0},{"damage":8.0,"enemies":"Shell Parasite","floor":21.0,"turns":5.0},{"damage":12.0,"enemies":"Shelled Parasite and Fungi","floor":22.0,"turns":6.0},{"damage":6.0,"enemies":"Snecko","floor":25.0,"turns":5.0},{"damage":22.0,"enemies":"3 Cultists","floor":28.0,"turns":5.0},{"damage":4.0,"enemies":"Snake Plant","floor":29.0,"turns":3.0},{"damage":0.0,"enemies":"Gremlin Leader","floor":30.0,"turns":4.0},{"damage":5.0,"enemies":"Snecko","floor":31.0,"turns":5.0},{"damage":51.0,"enemies":"Collector","floor":33.0,"turns":9.0},{"damage":9.0,"enemies":"3 Shapes","floor":35.0,"turns":2.0},{"damage":2.0,"enemies":"3 Darklings","floor":37.0,"turns":3.0},{"damage":1.0,"enemies":"Mind Bloom Boss Battle","floor":39.0,"turns":8.0},{"damage":0.0,"enemies":"Giant Head","floor":40.0,"turns":4.0},{"damage":16.0,"enemies":"Reptomancer","floor":44.0,"turns":6.0},{"damage":0.0,"enemies":"Jaw Worm Horde","floor":45.0,"turns":1.0},{"damage":0.0,"enemies":"4 Shapes","floor":48.0,"turns":4.0},{"damage":85,"enemies":"Awakened One","floor":50,"turns":12}],"seed_played":"-3507980178209327078","potions_obtained":[{"floor":3.0,"key":"SkillPotion"},{"floor":5.0,"key":"Weak Potion"},{"floor":10.0,"key":"FearPotion"},{"floor":14.0,"key":"Dexterity Potion"},{"floor":16.0,"key":"GamblersBrew"},{"floor":22.0,"key":"Energy Potion"},{"floor":28.0,"key":"SteroidPotion"},{"floor":31.0,"key":"GhostInAJar"},{"floor":35.0,"key":"GhostInAJar"},{"floor":39.0,"key":"SkillPotion"},{"floor":44.0,"key":"Regen Potion"}],"is_trial":false,"path_per_floor":["M","M","M","$","M","M","R","?","T","E","M","M","R","M","R","B",null,"M","?","$","M","M","R","T","M","T","T","M","M","E","M","R","B",null,"M","$","M","$","?","E","?","R","T","E","M","T","?","M","R","B"],"character_chosen":"THE_SILENT","items_purchased":["PreservedInsect","Tiny Chest","Frozen Egg 2","DollysMirror","Dream Catcher","Caltrops+1"],"campfire_rested":4,"item_purchase_floors":[4,4,20,36,38,38],"current_hp_per_floor":[70,63,63,63,58,58,58,58,58,50,50,50,50,50,50,30,70,65,65,65,57,45,66,66,60,60,60,38,34,34,29,50,19,70,61,61,59,59,69,69,69,70,70,54,54,54,54,54,70,0],"gold":12,"neow_bonus":"TWO_FIFTY_GOLD","is_prod":false,"is_daily":false,"chose_seed":false,"campfire_upgraded":2,"win_rate":0,"timestamp":1565722727,"path_taken":["M","M","M","$","M","M","R","?","T","E","M","M","R","M","R","BOSS","M","?","$","M","M","R","?","M","T","?","?","M","E","M","R","BOSS","M","$","M","$","?","E","?","R","T","E","M","?","?","M","R","BOSS"],"build_version":"2019-01-23","purchased_purges":1,"victory":false,"max_hp_per_floor":[70,70,70,70,70,70,70,70,70,70,70,70,70,70,70,70,70,70,70,70,70,70,70,70,70,70,70,70,70,70,70,70,70,70,70,70,70,70,70,70,70,70,70,70,70,70,70,70,70,70],"card_choices":[{"not_picked":["Dagger Throw","Outmaneuver"],"picked":"Deflect","floor":1.0},{"not_picked":["Flying Knee","Dash"],"picked":"Backstab","floor":2.0},{"not_picked":["PiercingWail","Dagger Spray"],"picked":"Backflip","floor":3.0},{"not_picked":["Predator","Caltrops","Prepared"],"picked":"SKIP","floor":5.0},{"not_picked":["Underhanded Strike","Quick Slash"],"picked":"Poisoned Stab","floor":6.0},{"not_picked":["Eviscerate","Bouncing Flask","Distraction"],"picked":"SKIP","floor":10.0},{"not_picked":["Dagger Spray","Acrobatics"],"picked":"Sucker Punch","floor":11.0},{"not_picked":["Deflect","Crippling Poison","Flying Knee"],"picked":"SKIP","floor":12.0},{"not_picked":["Deadly Poison","Sucker Punch"],"picked":"Catalyst","floor":14.0},{"not_picked":["Die Die Die","Wraith Form v2"],"picked":"Envenom","floor":16.0},{"not_picked":["Deflect","All Out Attack","Well Laid Plans"],"picked":"SKIP","floor":18.0},{"not_picked":["Acrobatics","Leg Sweep+1"],"picked":"Caltrops+1","floor":21.0},{"not_picked":["Dagger Spray","Leg Sweep+1","Outmaneuver"],"picked":"SKIP","floor":22.0},{"not_picked":["Cloak And Dagger","PiercingWail+1"],"picked":"Bouncing Flask","floor":25.0},{"not_picked":["Deadly Poison","Riddle With Holes+1"],"picked":"Dodge and Roll+1","floor":28.0},{"not_picked":["All Out Attack","Backflip","Predator"],"picked":"SKIP","floor":29.0},{"not_picked":["Underhanded Strike","Sucker Punch"],"picked":"Corpse Explosion","floor":30.0},{"not_picked":["Blade Dance+1","Bane"],"picked":"Footwork+1","floor":31.0},{"not_picked":["Wraith Form v2+1","Adrenaline"],"picked":"Envenom+1","floor":33.0},{"not_picked":["Terror","Acrobatics"],"picked":"Caltrops+1","floor":35.0},{"not_picked":["Deflect","Crippling Poison"],"picked":"Caltrops+1","floor":37.0},{"not_picked":["Blade Dance","Slice"],"picked":"Deadly Poison","floor":39.0},{"not_picked":["Slice","Quick Slash"],"picked":"Flechettes+1","floor":40.0},{"not_picked":["Expertise+1","Escape Plan"],"picked":"Terror","floor":44.0},{"not_picked":["Backflip+1","Slice+1"],"picked":"Dodge and Roll+1","floor":45.0},{"not_picked":["Eviscerate+1","Underhanded Strike+1"],"picked":"Flying Knee+1","floor":48.0},{"not_picked":["Cloak And Dagger+1","Endless Agony+1"],"picked":"Calculated Gamble+1","floor":49.0}],"player_experience":204398,"relics_obtained":[{"floor":9.0,"key":"Art of War"},{"floor":10.0,"key":"Letter Opener"},{"floor":24.0,"key":"MawBank"},{"floor":27.0,"key":"Pantograph"},{"floor":30.0,"key":"Happy Flower"},{"floor":39.0,"key":"Thread and Needle"},{"floor":40.0,"key":"Darkstone Periapt"},{"floor":43.0,"key":"Molten Egg 2"},{"floor":44.0,"key":"Dodecahedron"},{"floor":46.0,"key":"Anchor"}],"event_choices":[{"damage_healed":0.0,"max_hp_gain":0.0,"max_hp_loss":0.0,"gold_gain":0.0,"event_name":"Living Wall","player_choice":"Grow","floor":8.0,"gold_loss":0.0,"damage_taken":0.0,"cards_upgraded":["Backstab"]},{"damage_healed":0.0,"max_hp_gain":0.0,"max_hp_loss":0.0,"gold_gain":0.0,"event_name":"The Library","player_choice":"Read","floor":19.0,"gold_loss":0.0,"damage_taken":0.0,"cards_obtained":["Terror"]},{"damage_healed":0.0,"max_hp_gain":0.0,"max_hp_loss":0.0,"gold_gain":0.0,"event_name":"MindBloom","player_choice":"Fight","floor":39.0,"gold_loss":0.0,"damage_taken":0.0},{"cards_removed":["Defend_G"],"damage_healed":0.0,"max_hp_gain":0.0,"max_hp_loss":0.0,"gold_gain":0.0,"event_name":"Falling","player_choice":"Removed Skill","floor":41.0,"gold_loss":0.0,"damage_taken":0.0},{"damage_healed":0.0,"max_hp_gain":0.0,"max_hp_loss":0.0,"gold_gain":0.0,"event_name":"Tomb of Lord Red Mask","player_choice":"Paid","floor":47.0,"gold_loss":225.0,"damage_taken":0.0,"relics_obtained":["Red Mask"]}],"is_beta":false,"boss_relics":[{"not_picked":["Busted Crown","Philosopher\u0027s Stone"],"picked":"Fusion Hammer"},{"not_picked":["WristBlade","White Beast Statue"],"picked":"Astrolabe"}],"items_purged_floors":[4],"is_endless":false,"potions_floor_spawned":[3,5,10,14,16,22,28,31,35,39,40,44],"killed_by":"Awakened One","ascension_level":0}