{"gold_per_floor":[109,109,127,140,118,130,130,144,171,204,204,379,405,415,415,514,514,530,620,609,559,559],"floor_reached":22,"playtime":1229,"items_purged":[],"score":274,"play_id":"ec255388-dada-4ad1-be8d-aa8be1eb1849","local_time":"20190618202925","is_ascension_mode":true,"campfire_choices":[{"data":"Darkness","floor":7,"key":"SMITH"},{"floor":11,"key":"REST"},{"floor":15,"key":"REST"}],"neow_cost":"NONE","seed_source_timestamp":601593208182309,"circlet_count":0,"master_deck":["Strike_B","Strike_B","Strike_B+1","Strike_B","Defend_B","Defend_B","Defend_B","Defend_B","Zap+1","Dualcast","Auto Shields","Streamline+1","Darkness+1","Steam","Ball Lightning","Genetic Algorithm","Electrodynamics","Doubt","Doom and Gloom","Conserve Battery","Fission","Stack+1","Coolheaded"],"relics":["Cracked Core","Whetstone","Centennial Puzzle","Oddly Smooth Stone","Inserter"],"potions_floor_usage":[8,10,10,16],"damage_taken":[{"damage":12,"enemies":"Small Slimes","floor":1,"turns":3},{"damage":3,"enemies":"2 Louse","floor":3,"turns":3},{"damage":2,"enemies":"Jaw Worm","floor":4,"turns":3},{"damage":6,"enemies":"Lots of Slimes","floor":6,"turns":4},{"damage":3,"enemies":"3 Louse","floor":8,"turns":3},{"damage":15,"enemies":"3 Sentries","floor":10,"turns":8},{"damage":32,"enemies":"Gremlin Nob","floor":13,"turns":4},{"damage":7,"enemies":"Gremlin Gang","floor":14,"turns":3},{"damage":15,"enemies":"Slime Boss","floor":16,"turns":10},{"damage":11,"enemies":"Spheric Guardian","floor":18,"turns":3},{"damage":21,"enemies":"2 Thieves","floor":20,"turns":4},{"damage":16,"enemies":"Snecko","floor":22,"turns":3}],"seed_played":"-543425175558626877","potions_obtained":[{"floor":0,"key":"FearPotion"},{"floor":0,"key":"SpeedPotion"},{"floor":0,"key":"Block Potion"},{"floor":8,"key":"Block Potion"},{"floor":10,"key":"EssenceOfSteel"},{"floor":20,"key":"SpeedPotion"}],"is_trial":false,"path_per_floor":["M","?","M","M","$","M","R","M","T","E","R","?","E","M","R","B",null,"M","?","M","?","M"],"character_chosen":"DEFECT","items_purchased":["Steam"],"campfire_rested":2,"item_purchase_floors":[5],"current_hp_per_floor":[56,56,53,51,51,45,45,42,42,27,49,49,17,10,32,17,61,50,36,15,15,0],"gold":559,"neow_bonus":"THREE_SMALL_POTIONS","is_prod":false,"is_daily":false,"chose_seed":false,"campfire_upgraded":1,"win_rate":0,"timestamp":1560907765,"path_taken":["M","?","M","M","$","M","R","M","T","E","R","?","E","M","R","BOSS","M","?","?","?","M"],"build_version":"2019-01-23","purchased_purges":0,"victory":false,"max_hp_per_floor":[75,75,75,75,75,75,75,75,75,75,75,75,75,75,75,75,75,75,75,75,75,75],"card_choices":[{"not_picked":["Stack","Reprogram"],"picked":"Auto Shields","floor":1},{"not_picked":["Force Field","Redo"],"picked":"Streamline","floor":3},{"not_picked":["Skim","Turbo"],"picked":"Darkness","floor":4},{"not_picked":["Cold Snap","Hologram"],"picked":"Ball Lightning","floor":6},{"not_picked":["Rebound","Leap"],"picked":"Genetic Algorithm","floor":8},{"not_picked":["Rebound","Hologram"],"picked":"Electrodynamics","floor":10},{"not_picked":["Chaos","Redo"],"picked":"Doom and Gloom","floor":13},{"not_picked":["Beam Cell","Reprogram"],"picked":"Conserve Battery","floor":14},{"not_picked":["Multi-Cast","Hyperbeam"],"picked":"Fission","floor":16},{"not_picked":["Redo+1","Force Field"],"picked":"Stack+1","floor":18},{"not_picked":["Stack","Gash"],"picked":"Coolheaded","floor":20}],"player_experience":216919,"relics_obtained":[{"floor":9,"key":"Whetstone"},{"floor":10,"key":"Centennial Puzzle"},{"floor":13,"key":"Oddly Smooth Stone"}],"event_choices":[{"damage_healed":0,"gold_gain":0,"player_choice":"Grow","damage_taken":0,"max_hp_gain":0,"max_hp_loss":0,"event_name":"Living Wall","floor":2,"gold_loss":0,"cards_upgraded":["Zap"]},{"damage_healed":0,"gold_gain":175,"player_choice":"AGREE","damage_taken":0,"max_hp_gain":0,"max_hp_loss":0,"event_name":"Liars Game","floor":12,"gold_loss":0,"cards_obtained":["Doubt"]},{"damage_healed":0,"gold_gain":90,"player_choice":"GOLD ","damage_taken":14,"max_hp_gain":0,"max_hp_loss":0,"event_name":"Knowing Skull","floor":19,"potions_obtained":[],"gold_loss":0,"cards_obtained":[]},{"damage_healed":0,"gold_gain":0,"player_choice":"Bet on Murderer","damage_taken":0,"max_hp_gain":0,"max_hp_loss":0,"event_name":"The Joust","floor":21,"gold_loss":50}],"is_beta":false,"boss_relics":[{"not_picked":["Nuclear Battery","Coffee Dripper"],"picked":"Inserter"}],"items_purged_floors":[],"is_endless":false,"potions_floor_spawned":[4,6,8,10,20],"killed_by":"Snecko","ascension_level":8}