{"gold_per_floor":[114,114,114,19,38,76,76,114,168,4,37,37,71,84,84,84],"floor_reached":16,"playtime":888,"items_purged":["Strike_R"],"score":302,"play_id":"Baalorlord-2d5c369a","local_time":"20190703155934","is_ascension_mode":true,"campfire_choices":[{"data":"Bash","floor":7,"key":"SMITH"},{"floor":12,"key":"REST"},{"floor":15,"key":"REST"}],"neow_cost":"NONE","seed_source_timestamp":15864522325600,"circlet_count":0,"master_deck":["AscendersBane","Strike_R","Strike_R+1","Strike_R","Strike_R+1","Defend_R","Defend_R","Defend_R","Defend_R","Bash+1","Headbutt","Spot Weakness","Disarm","Anger","Shockwave","Inflame","Heavy Blade","Corruption","Sword Boomerang","Limit Break","Headbutt"],"relics":["Burning Blood","NeowsBlessing","Golden Idol","Ginger","Omamori","PreservedInsect","Dream Catcher","Whetstone"],"potions_floor_usage":[8,8,13],"damage_taken":[{"damage":0,"enemies":"2 Louse","floor":1,"turns":1},{"damage":0,"enemies":"Jaw Worm","floor":5,"turns":1},{"damage":0,"enemies":"Lagavulin","floor":6,"turns":1},{"damage":33,"enemies":"Gremlin Nob","floor":8,"turns":4},{"damage":30,"enemies":"3 Sentries","floor":11,"turns":7},{"damage":31,"enemies":"Gremlin Nob","floor":13,"turns":4},{"damage":0,"enemies":"Cultist","floor":14,"turns":2},{"damage":52,"enemies":"The Guardian","floor":16,"turns":7}],"seed_played":"7318511140945470015","potions_obtained":[{"floor":5,"key":"SpeedPotion"},{"floor":6,"key":"Weak Potion"},{"floor":8,"key":"BloodPotion"},{"floor":14,"key":"Ancient Potion"}],"is_trial":false,"path_per_floor":["M","?","T","$","M","E","R","E","T","$","E","R","E","M","R","B"],"character_chosen":"IRONCLAD","items_purchased":["Spot Weakness","AttackPotion","Inflame"],"campfire_rested":2,"item_purchase_floors":[4,4,10],"current_hp_per_floor":[74,48,48,48,54,60,60,33,33,33,9,31,24,30,52,0],"gold":84,"neow_bonus":"THREE_ENEMY_KILL","is_prod":false,"is_daily":false,"chose_seed":false,"campfire_upgraded":1,"win_rate":0,"timestamp":1562183974,"path_taken":["M","?","?","$","?","E","R","E","T","$","E","R","E","M","R","BOSS"],"build_version":"2019-07-01","purchased_purges":1,"victory":false,"max_hp_per_floor":[75,75,75,75,75,75,75,75,75,75,75,75,75,75,75,75],"card_choices":[{"not_picked":["Perfected Strike","Iron Wave"],"picked":"Headbutt","floor":1},{"not_picked":["Infernal Blade","Thunderclap"],"picked":"Disarm","floor":5},{"not_picked":["Iron Wave","Brutality"],"picked":"Anger","floor":6},{"not_picked":["Sentinel","Hemokinesis"],"picked":"Shockwave","floor":8},{"not_picked":["Clash","Flex"],"picked":"Heavy Blade","floor":11},{"not_picked":["Metallicize","Clothesline"],"picked":"Corruption","floor":12},{"not_picked":["Blood for Blood","Heavy Blade"],"picked":"Sword Boomerang","floor":13},{"not_picked":["Flex","Heavy Blade"],"picked":"Limit Break","floor":14},{"not_picked":["Clothesline","Warcry"],"picked":"Headbutt","floor":15}],"player_experience":2199351,"relics_obtained":[{"floor":3,"key":"Ginger"},{"floor":6,"key":"Omamori"},{"floor":9,"key":"PreservedInsect"},{"floor":11,"key":"Dream Catcher"},{"floor":13,"key":"Whetstone"}],"event_choices":[{"damage_healed":0,"gold_gain":0,"player_choice":"Take Damage","damage_taken":26,"relics_obtained":["Golden Idol"],"max_hp_gain":0,"max_hp_loss":0,"event_name":"Golden Idol","floor":2,"gold_loss":0}],"is_beta":false,"boss_relics":[],"items_purged_floors":[10],"is_endless":false,"potions_floor_spawned":[5,6,8,14],"killed_by":"The Guardian","ascension_level":20}