{"gold_per_floor":[116,134,134,153,153,153,169,169,222,222,255,255,274,12,12,86,86,96,39,39,39,39,39,39,74,100,100,134,134,134,145,145,223,223,241,19,19,0,0,0,16,16,16,16,29,56,68,82,82,82,82,82,82,27,52,52],"floor_reached":56,"playtime":6576,"items_purged":["Strike_B"],"score":1793,"play_id":"59a55dc5-e85e-4661-9c56-d04d1b2daca8","local_time":"20190715141527","is_ascension_mode":true,"campfire_choices":[{"data":"Tempest","floor":6,"key":"SMITH"},{"floor":10,"key":"REST"},{"floor":12,"key":"REST"},{"data":"Defragment","floor":15,"key":"SMITH"},{"data":"Sunder","floor":23,"key":"SMITH"},{"floor":27,"key":"REST"},{"data":"Double Energy","floor":30,"key":"SMITH"},{"data":"Echo Form","floor":32,"key":"SMITH"},{"data":"Loop","floor":40,"key":"SMITH"},{"data":"Biased Cognition","floor":42,"key":"SMITH"},{"floor":44,"key":"RECALL"},{"data":"Loop","floor":49,"key":"SMITH"},{"floor":53,"key":"REST"}],"neow_cost":"PERCENT_DAMAGE","seed_source_timestamp":619033420991800,"circlet_count":0,"master_deck":["AscendersBane","Defend_B","Defend_B+1","Dualcast","Chill","Cold Snap+1","Tempest+1","Barrage","Go for the Eyes","Loop+1","Defragment+1","Sunder+1","Steam","Biased Cognition+1","Go for the Eyes","Turbo","Recycle","Core Surge","Double Energy+1","Echo Form+1","Cold Snap+1","Meteor Strike+1","Leap","Conserve Battery","Static Discharge","Loop+1","Ball Lightning+1","Coolheaded","Force Field"],"relics":["Cracked Core","Potion Belt","Ancient Tea Set","Runic Pyramid","Bird Faced Urn","Strawberry","Molten Egg 2","Lizard Tail","Oddly Smooth Stone","Red Mask","Dodecahedron","Sundial"],"potions_floor_usage":[7,25,45,46,46,48,55,55,56,56],"damage_taken":[{"damage":6,"enemies":"2 Louse","floor":1,"turns":3},{"damage":0,"enemies":"Small Slimes","floor":2,"turns":3},{"damage":0,"enemies":"Cultist","floor":4,"turns":3},{"damage":5,"enemies":"Exordium Thugs","floor":7,"turns":4},{"damage":29,"enemies":"Gremlin Nob","floor":11,"turns":4},{"damage":0,"enemies":"Exordium Wildlife","floor":13,"turns":3},{"damage":17,"enemies":"Slime Boss","floor":16,"turns":9},{"damage":6,"enemies":"3 Byrds","floor":18,"turns":4},{"damage":24,"enemies":"Slavers","floor":25,"turns":5},{"damage":24,"enemies":"Gremlin Leader","floor":28,"turns":6},{"damage":0,"enemies":"Chosen","floor":31,"turns":8},{"damage":12,"enemies":"Champ","floor":33,"turns":13},{"damage":37,"enemies":"3 Darklings","floor":35,"turns":7},{"damage":9,"enemies":"Orb Walker","floor":41,"turns":4},{"damage":7,"enemies":"Writhing Mass","floor":45,"turns":9},{"damage":12,"enemies":"Reptomancer","floor":46,"turns":6},{"damage":16,"enemies":"Sphere and 2 Shapes","floor":47,"turns":4},{"damage":11,"enemies":"Transient","floor":48,"turns":6},{"damage":29,"enemies":"Time Eater","floor":50,"turns":17},{"damage":48,"enemies":"Donu and Deca","floor":51,"turns":12},{"damage":59,"enemies":"Shield and Spear","floor":55,"turns":5},{"damage":143,"enemies":"The Heart","floor":56,"turns":8}],"seed_played":"3758861833454641646","potions_obtained":[{"floor":1,"key":"EssenceOfSteel"},{"floor":13,"key":"Explosive Potion"},{"floor":28,"key":"Explosive Potion"},{"floor":31,"key":"SpeedPotion"},{"floor":41,"key":"Regen Potion"},{"floor":45,"key":"AttackPotion"},{"floor":47,"key":"Poison Potion"},{"floor":55,"key":"Fire Potion"}],"is_trial":false,"path_per_floor":["M","M","?","M","?","R","M","?","T","R","E","R","M","$","R","B",null,"M","$","?","?","?","R","?","E","T","R","E","?","R","M","R","B",null,"M","$","?","?","$","R","M","R","T","R","M","E","M","M","R","B","B",null,"R","$","E","B"],"character_chosen":"DEFECT","items_purchased":["Defragment","Sunder","Steam","Energy Potion","Oddly Smooth Stone","Conserve Battery","PowerPotion"],"campfire_rested":4,"item_purchase_floors":[14,14,14,19,36,36,54],"current_hp_per_floor":[54,54,28,28,21,21,16,16,16,41,12,37,37,37,37,20,69,63,63,63,63,63,63,38,14,21,50,32,32,32,46,46,48,85,60,60,60,60,60,60,59,59,59,59,81,81,73,78,78,67,37,82,97,97,48,0],"gold":52,"neow_bonus":"TWENTY_PERCENT_HP_BONUS","is_prod":false,"is_daily":false,"chose_seed":false,"campfire_upgraded":8,"win_rate":0,"timestamp":1563214527,"path_taken":["M","M","?","M","?","R","M","?","T","R","E","R","?","$","R","BOSS","M","$","?","?","?","R","?","E","T","R","E","?","R","M","R","BOSS","M","$","?","?","?","R","M","R","T","R","M","E","M","M","R","BOSS","BOSS","R","$","E","BOSS"],"build_version":"2019-07-05","purchased_purges":1,"victory":false,"max_hp_per_floor":[85,85,85,85,85,85,85,85,85,85,85,85,85,85,85,85,85,85,85,85,85,85,85,90,90,97,97,97,97,97,97,97,97,97,97,97,97,97,97,97,97,97,97,97,97,97,97,97,97,97,97,97,97,97,97,97],"card_choices":[{"not_picked":["Skim","Go for the Eyes"],"picked":"Chill","floor":1},{"not_picked":["Recycle","Reprogram"],"picked":"Cold Snap","floor":2},{"not_picked":["Leap","Conserve Battery"],"picked":"Tempest","floor":4},{"not_picked":["Tempest","Go for the Eyes"],"picked":"Barrage","floor":7},{"not_picked":["Storm","Scrape"],"picked":"Go for the Eyes","floor":11},{"not_picked":["Sweeping Beam","Ball Lightning"],"picked":"Loop","floor":13},{"not_picked":["Machine Learning","Multi-Cast"],"picked":"Biased Cognition","floor":16},{"not_picked":["Loop","Compile Driver"],"picked":"Go for the Eyes","floor":18},{"not_picked":["Static Discharge","Ball Lightning"],"picked":"Double Energy","floor":25},{"not_picked":["Redo","Rebound"],"picked":"Echo Form","floor":28},{"not_picked":["Compile Driver+1","Steam"],"picked":"Cold Snap+1","floor":31},{"not_picked":["Fission","Reboot"],"picked":"Meteor Strike+1","floor":33},{"not_picked":["Hello World","Redo"],"picked":"Leap","floor":35},{"not_picked":["Streamline+1","Cold Snap+1"],"picked":"Static Discharge","floor":41},{"not_picked":["Barrage+1","Heatsinks+1"],"picked":"Loop","floor":45},{"not_picked":["Undo","Capacitor"],"picked":"Ball Lightning+1","floor":46},{"not_picked":["Barrage+1","Chaos+1"],"picked":"Coolheaded","floor":47},{"not_picked":["Heatsinks","Gash+1","Chaos"],"picked":"SKIP","floor":48},{"not_picked":["Doom and Gloom+1","Lockon+1"],"picked":"Force Field","floor":55}],"player_experience":2271530,"relics_obtained":[{"floor":9,"key":"Potion Belt"},{"floor":11,"key":"Ancient Tea Set"},{"floor":25,"key":"Bird Faced Urn"},{"floor":26,"key":"Strawberry"},{"floor":28,"key":"Molten Egg 2"},{"floor":46,"key":"Dodecahedron"},{"floor":55,"key":"Sundial"}],"event_choices":[{"damage_healed":0,"gold_gain":0,"player_choice":"Entered Light","damage_taken":26,"max_hp_gain":0,"max_hp_loss":0,"event_name":"Shining Light","floor":3,"gold_loss":0,"cards_upgraded":["Defend_B","Cold Snap"]},{"cards_removed":["Strike_B"],"damage_healed":0,"gold_gain":0,"player_choice":"Card Removal","damage_taken":7,"max_hp_gain":0,"max_hp_loss":0,"event_name":"Golden Wing","floor":5,"gold_loss":0},{"cards_removed":["Defend_B"],"damage_healed":0,"gold_gain":0,"player_choice":"Purged","damage_taken":0,"max_hp_gain":0,"max_hp_loss":0,"event_name":"Purifier","floor":8,"gold_loss":0},{"damage_healed":0,"gold_gain":0,"player_choice":"Read","damage_taken":0,"max_hp_gain":0,"max_hp_loss":0,"event_name":"The Library","floor":20,"gold_loss":0,"cards_obtained":["Turbo"]},{"damage_healed":0,"gold_gain":0,"cards_transformed":["Strike_B","Strike_B"],"player_choice":"Became Test Subject","damage_taken":0,"max_hp_gain":0,"max_hp_loss":0,"event_name":"Drug Dealer","floor":21,"gold_loss":0,"cards_obtained":["Recycle","Core Surge"]},{"cards_removed":["Zap"],"damage_healed":0,"gold_gain":0,"player_choice":"Elegance","damage_taken":0,"max_hp_gain":0,"max_hp_loss":0,"event_name":"Back to Basics","floor":22,"gold_loss":0},{"damage_healed":0,"gold_gain":0,"player_choice":"Shed Blood","damage_taken":30,"max_hp_gain":5,"max_hp_loss":0,"event_name":"Forgotten Altar","floor":24,"gold_loss":0},{"damage_healed":0,"gold_gain":0,"player_choice":"Ignored","damage_taken":0,"max_hp_gain":0,"max_hp_loss":0,"event_name":"The Mausoleum","floor":29,"gold_loss":0},{"cards_removed":["Defend_B"],"damage_healed":0,"gold_gain":0,"player_choice":"Removed Skill","damage_taken":0,"max_hp_gain":0,"max_hp_loss":0,"event_name":"Falling","floor":37,"gold_loss":0},{"damage_healed":0,"gold_gain":0,"player_choice":"Paid","damage_taken":0,"relics_obtained":["Red Mask"],"max_hp_gain":0,"max_hp_loss":0,"event_name":"Tomb of Lord Red Mask","floor":38,"gold_loss":19}],"is_beta":false,"boss_relics":[{"not_picked":["Coffee Dripper","Sozu"],"picked":"Runic Pyramid"},{"not_picked":["Eternal Feather","Fusion Hammer"],"picked":"Lizard Tail"}],"items_purged_floors":[14],"is_endless":false,"potions_floor_spawned":[1,13,28,31,41,45,47,55],"killed_by":"The Heart","ascension_level":20}