{"gold_per_floor":[115,15,34,45,15,15,47,61,85,85,112,112,129,144,144,222,222,241,254,3,19,29,90,90,90,90,90,15,43,43,43],"floor_reached":31,"playtime":2951,"items_purged":["Strike_B"],"score":574,"play_id":"Baalorlord-43818816","local_time":"20190711165529","is_ascension_mode":true,"campfire_choices":[{"data":"Streamline","floor":6,"key":"SMITH"},{"data":"Darkness","floor":10,"key":"SMITH"},{"floor":15,"key":"REST"},{"floor":25,"key":"REST"},{"data":"Ghostly","floor":30,"key":"SMITH"}],"neow_cost":"NONE","seed_source_timestamp":286669504262000,"circlet_count":0,"master_deck":["AscendersBane","Strike_B","Strike_B","Strike_B","Defend_B","Defend_B","Defend_B","Defend_B","Zap","Dualcast","Streamline+1","Undo","Darkness+1","Hologram","Beam Cell","Redo","Cold Snap","Genetic Algorithm","Creative AI","Rebound","Buffer","Defragment","Steam Power","Go for the Eyes","Hyperbeam","Compile Driver","Recycle+1","Coolheaded","Ghostly+1","Ghostly","Ghostly"],"relics":["Philosopher\u0027s Stone","Dodecahedron","Happy Flower","Juzu Bracelet","Runic Pyramid","Lee\u0027s Waffle","Tiny Chest","Girya"],"potions_floor_usage":[5,7,7,11,16,19,22,29],"damage_taken":[{"damage":6,"enemies":"Jaw Worm","floor":1,"turns":4},{"damage":0,"enemies":"Cultist","floor":3,"turns":3},{"damage":0,"enemies":"2 Louse","floor":4,"turns":2},{"damage":2,"enemies":"Exordium Thugs","floor":5,"turns":4},{"damage":16,"enemies":"Gremlin Nob","floor":7,"turns":4},{"damage":2,"enemies":"Red Slaver","floor":8,"turns":3},{"damage":16,"enemies":"3 Sentries","floor":11,"turns":6},{"damage":12,"enemies":"Lots of Slimes","floor":13,"turns":6},{"damage":1,"enemies":"3 Louse","floor":14,"turns":4},{"damage":6,"enemies":"Slime Boss","floor":16,"turns":7},{"damage":27,"enemies":"3 Byrds","floor":18,"turns":6},{"damage":18,"enemies":"2 Thieves","floor":19,"turns":5},{"damage":0,"enemies":"Snecko","floor":21,"turns":6},{"damage":0,"enemies":"Shelled Parasite and Fungi","floor":22,"turns":7},{"damage":30,"enemies":"Gremlin Leader","floor":23,"turns":6},{"damage":18,"enemies":"Slavers","floor":29,"turns":5},{"damage":22,"enemies":"Snake Plant","floor":31,"turns":1}],"seed_played":"7039629546913719093","potions_obtained":[{"floor":4,"key":"EssenceOfSteel"},{"floor":5,"key":"Ancient Potion"},{"floor":8,"key":"Regen Potion"},{"floor":11,"key":"FearPotion"},{"floor":18,"key":"EssenceOfSteel"},{"floor":21,"key":"SkillPotion"},{"floor":23,"key":"FearPotion"}],"is_trial":false,"path_per_floor":["M","$","M","M","M","R","E","M","T","R","E","?","M","M","R","B",null,"M","M","$","M","M","E","?","R","T","?","$","E","R","M"],"character_chosen":"DEFECT","items_purchased":["Undo","Poison Potion","Lee\u0027s Waffle","Go for the Eyes"],"campfire_rested":2,"item_purchase_floors":[2,2,20,20],"current_hp_per_floor":[58,58,58,58,56,56,40,38,38,38,37,37,25,24,45,39,63,36,18,78,78,78,48,48,71,71,39,39,21,21,0],"gold":43,"neow_bonus":"BOSS_RELIC","is_prod":false,"is_daily":false,"chose_seed":false,"campfire_upgraded":3,"win_rate":0,"timestamp":1562878529,"path_taken":["M","$","M","M","M","R","E","M","T","R","E","?","M","M","R","BOSS","M","M","$","M","M","E","?","R","T","?","?","E","R","M"],"build_version":"2019-07-05","purchased_purges":1,"victory":false,"max_hp_per_floor":[71,71,71,71,71,71,71,71,71,71,71,71,71,71,71,71,71,71,71,78,78,78,78,78,78,78,39,39,39,39,39],"card_choices":[{"not_picked":["Redo","Barrage"],"picked":"Streamline","floor":1},{"not_picked":["Stack","Beam Cell"],"picked":"Darkness","floor":3},{"not_picked":["Amplify","Coolheaded"],"picked":"Hologram","floor":4},{"not_picked":["Storm","Go for the Eyes"],"picked":"Beam Cell","floor":5},{"not_picked":["Ball Lightning","Scrape"],"picked":"Redo","floor":7},{"not_picked":["Compile Driver","Go for the Eyes"],"picked":"Cold Snap","floor":8},{"not_picked":["Barrage","Hello World"],"picked":"Genetic Algorithm","floor":11},{"not_picked":["Capacitor","Melter"],"picked":"Rebound","floor":13},{"not_picked":["Capacitor","Blizzard","Beam Cell"],"picked":"SKIP","floor":14},{"not_picked":["Rainbow","Machine Learning"],"picked":"Buffer","floor":16},{"not_picked":["Compile Driver","Force Field"],"picked":"Defragment","floor":18},{"not_picked":["Turbo","Barrage"],"picked":"Steam Power","floor":19},{"not_picked":["Conserve Battery","Cold Snap"],"picked":"Hyperbeam","floor":21},{"not_picked":["Go for the Eyes","Consume"],"picked":"Compile Driver","floor":22},{"not_picked":["Gash","Redo"],"picked":"Recycle+1","floor":23},{"not_picked":["Turbo","Gash","Ball Lightning"],"picked":"SKIP","floor":29},{"not_picked":["Turbo","Gash","Ball Lightning"],"picked":"SKIP","floor":29}],"player_experience":2244741,"relics_obtained":[{"floor":7,"key":"Dodecahedron"},{"floor":9,"key":"Happy Flower"},{"floor":11,"key":"Juzu Bracelet"},{"floor":23,"key":"Tiny Chest"},{"floor":29,"key":"Girya"}],"event_choices":[{"damage_healed":0,"gold_gain":0,"player_choice":"1 cards matched","damage_taken":0,"max_hp_gain":0,"max_hp_loss":0,"event_name":"Match and Keep!","floor":12,"gold_loss":0,"cards_obtained":["Creative AI"]},{"damage_healed":0,"gold_gain":0,"player_choice":"Read","damage_taken":0,"max_hp_gain":0,"max_hp_loss":0,"event_name":"The Library","floor":24,"gold_loss":0,"cards_obtained":["Coolheaded"]},{"damage_healed":0,"gold_gain":0,"player_choice":"Became a Ghost","damage_taken":0,"max_hp_gain":0,"max_hp_loss":39,"event_name":"Ghosts","floor":27,"gold_loss":0,"cards_obtained":["Ghostly","Ghostly","Ghostly"]}],"is_beta":false,"boss_relics":[{"not_picked":["Nuclear Battery","Inserter"],"picked":"Runic Pyramid"}],"items_purged_floors":[28],"is_endless":false,"potions_floor_spawned":[4,5,8,11,18,21,23],"killed_by":"Snake Plant","ascension_level":20}