{"gold_per_floor":[119,119,131,151,166,197,197,226,276,276,294,294,324,335,335,432,432,447,447,474,574,587,622,46,46,46,46,64,64,64,92,92,190,190,207,207,6,228,273,302,262,288,288,288,320,320,352,370,370,370,370,370,20,53,53],"floor_reached":56,"playtime":8224,"items_purged":[],"score":2184,"play_id":"01b22ba3-930e-4429-a7b0-e2740abadb32","local_time":"20190805132448","is_ascension_mode":true,"campfire_choices":[{"data":"Body Slam","floor":7.0,"key":"SMITH"},{"floor":10.0,"key":"REST"},{"data":"Bash","floor":12.0,"key":"SMITH"},{"data":"Inflame","floor":15.0,"key":"SMITH"},{"data":"Barricade","floor":25.0,"key":"SMITH"},{"data":"Entrench","floor":27.0,"key":"SMITH"},{"data":"Heavy Blade","floor":29.0,"key":"SMITH"},{"data":"Disarm","floor":32.0,"key":"SMITH"},{"data":"Battle Trance","floor":44.0,"key":"SMITH"},{"data":"Evolve","floor":46.0,"key":"SMITH"},{"floor":49.0,"key":"RECALL"},{"data":"Demon Form","floor":52,"key":"SMITH"}],"neow_cost":"NONE","seed_source_timestamp":0,"circlet_count":0,"master_deck":["AscendersBane","Bash+1","Inflame+1","Body Slam+1","Pommel Strike","Sword Boomerang","Impervious","Cleave","Iron Wave","Shrug It Off","Reaper","Disarm+1","Inflame","Sentinel","Thunderclap","Rage","Heavy Blade+1","Seeing Red","Barricade+1","Headbutt+1","Second Wind+1","Iron Wave+1","Entrench+1","Impervious","Battle Trance+1","Iron Wave+1","RitualDagger","Impervious","Feed","Warcry+1","Shrug It Off","Disarm","Demon Form+1","Evolve+1","Intimidate+1","Iron Wave+1"],"special_seed":0,"relics":["Burning Blood","Mummified Hand","Darkstone Periapt","Regal Pillow","PreservedInsect","Pandora\u0027s Box","Red Mask","Art of War","DollysMirror","Vajra","Lantern","Paper Frog","Orichalcum","Coffee Dripper","Strange Spoon","Prayer Wheel","Happy Flower","The Courier","Molten Egg 2","Pen Nib","Lee\u0027s Waffle","Pear","Centennial Puzzle"],"potions_floor_usage":[50,55],"damage_taken":[{"damage":5.0,"enemies":"2 Louse","floor":1.0,"turns":3.0},{"damage":11.0,"enemies":"Small Slimes","floor":3.0,"turns":4.0},{"damage":1.0,"enemies":"Cultist","floor":4.0,"turns":4.0},{"damage":7.0,"enemies":"Looter","floor":5.0,"turns":4.0},{"damage":36.0,"enemies":"Lagavulin","floor":6.0,"turns":7.0},{"damage":38.0,"enemies":"3 Sentries","floor":8.0,"turns":9.0},{"damage":14.0,"enemies":"Blue Slaver","floor":11.0,"turns":3.0},{"damage":0.0,"enemies":"Gremlin Nob","floor":13.0,"turns":2.0},{"damage":4.0,"enemies":"3 Louse","floor":14.0,"turns":2.0},{"damage":33.0,"enemies":"Hexaghost","floor":16.0,"turns":8.0},{"damage":15.0,"enemies":"Shell Parasite","floor":18.0,"turns":4.0},{"damage":7.0,"enemies":"Masked Bandits","floor":20.0,"turns":5.0},{"damage":22.0,"enemies":"Spheric Guardian","floor":22.0,"turns":4.0},{"damage":32.0,"enemies":"Slavers","floor":23.0,"turns":4.0},{"damage":0.0,"enemies":"Chosen and Byrds","floor":28.0,"turns":6.0},{"damage":17.0,"enemies":"Book of Stabbing","floor":31.0,"turns":4.0},{"damage":0.0,"enemies":"Automaton","floor":33.0,"turns":11.0},{"damage":14.0,"enemies":"3 Shapes","floor":35.0,"turns":10.0},{"damage":17.0,"enemies":"2 Orb Walkers","floor":39.0,"turns":6.0},{"damage":0.0,"enemies":"Giant Head","floor":40.0,"turns":5.0},{"damage":0.0,"enemies":"Nemesis","floor":42.0,"turns":7.0},{"damage":24.0,"enemies":"Reptomancer","floor":45.0,"turns":6.0},{"damage":0.0,"enemies":"Giant Head","floor":47.0,"turns":8.0},{"damage":0.0,"enemies":"Orb Walker","floor":48.0,"turns":4.0},{"damage":48,"enemies":"Donu and Deca","floor":50,"turns":8},{"damage":11,"enemies":"Shield and Spear","floor":54,"turns":4},{"damage":124,"enemies":"The Heart","floor":55,"turns":10}],"seed_played":"-4782483230328267701","potions_obtained":[{"floor":5.0,"key":"Fire Potion"},{"floor":8.0,"key":"Dexterity Potion"},{"floor":11.0,"key":"Strength Potion"},{"floor":13.0,"key":"SkillPotion"},{"floor":23.0,"key":"GamblersBrew"},{"floor":28.0,"key":"Dexterity Potion"},{"floor":31.0,"key":"EssenceOfSteel"},{"floor":39.0,"key":"Poison Potion"},{"floor":41.0,"key":"Ancient Potion"},{"floor":41.0,"key":"GamblersBrew"},{"floor":42.0,"key":"Swift Potion"},{"floor":45.0,"key":"Strength Potion"}],"is_trial":false,"path_per_floor":["M","?","M","M","M","E","R","E","T","R","M","R","E","M","R","B",null,"M","?","?","?","M","E","$","R","T","R","M","R","?","E","R","B",null,"M","?","$","?","?","E","?","E","T","R","E","R","E","M","R","B",null,"R","$","E","B",null],"character_chosen":"IRONCLAD","items_purchased":["DollysMirror","Vajra","Lantern","Battle Trance","Strange Spoon","Lee\u0027s Waffle","Pear"],"campfire_rested":1,"item_purchase_floors":[24,24,24,24,37,53,53],"current_hp_per_floor":[81,74,69,74,73,43,43,11,11,52,44,44,50,52,52,25,72,63,63,62,62,55,47,47,47,47,47,60,60,54,48,48,54,80,85,85,85,85,84,86,86,89,89,89,71,71,89,92,92,77,93,93,115,113,28],"gold":53,"neow_bonus":"TEN_PERCENT_HP_BONUS","is_prod":false,"is_daily":false,"chose_seed":false,"campfire_upgraded":10,"win_rate":0,"timestamp":1565036688,"path_taken":["M","?","M","M","M","E","R","E","T","R","M","R","E","M","R","BOSS","M","?","?","?","M","E","$","R","T","R","?","R","?","E","R","BOSS","M","?","$","?","?","E","?","E","T","R","E","R","E","M","R","BOSS","R","$","E","BOSS"],"build_version":"2019-07-17","purchased_purges":0,"victory":true,"max_hp_per_floor":[88,88,88,88,88,88,88,88,88,88,88,88,88,88,88,88,88,88,88,88,88,88,88,88,88,88,88,88,88,88,88,88,88,88,91,86,86,86,86,86,86,89,89,89,89,89,89,92,92,98,98,98,115,118,118],"card_choices":[{"not_picked":["Heavy Blade","Cleave"],"picked":"Inflame","floor":1.0},{"not_picked":["Perfected Strike","Dual Wield"],"picked":"Body Slam","floor":3.0},{"not_picked":["Sword Boomerang","Headbutt"],"picked":"Pommel Strike","floor":4.0},{"not_picked":["Rupture","Clothesline"],"picked":"Hemokinesis","floor":5.0},{"not_picked":["Iron Wave","Warcry"],"picked":"Sword Boomerang","floor":6.0},{"not_picked":["Clothesline","Reckless Charge"],"picked":"Impervious","floor":8.0},{"not_picked":["Fire Breathing","Wild Strike"],"picked":"Cleave","floor":11.0},{"not_picked":["Perfected Strike","Cleave"],"picked":"Iron Wave","floor":13.0},{"not_picked":["Seeing Red","Fire Breathing"],"picked":"Shrug It Off","floor":14.0},{"not_picked":["Brutality","Double Tap"],"picked":"Reaper","floor":16.0},{"not_picked":["Wild Strike+1","Clash"],"picked":"Headbutt+1","floor":18.0},{"not_picked":["Clash","Sword Boomerang+1"],"picked":"Second Wind+1","floor":20.0},{"not_picked":["Twin Strike","Wild Strike+1"],"picked":"Iron Wave+1","floor":22.0},{"not_picked":["Clash","Sever Soul"],"picked":"Entrench","floor":23.0},{"not_picked":["Dropkick","Seeing Red"],"picked":"Iron Wave+1","floor":28.0},{"not_picked":["Rampage","Clash"],"picked":"Impervious","floor":31.0},{"not_picked":["Offering","Impervious"],"picked":"Feed","floor":33.0},{"not_picked":["Anger+1","Burning Pact"],"picked":"Warcry+1","floor":35.0},{"not_picked":["Entrench","Flex+1"],"picked":"Shrug It Off","floor":39.0},{"not_picked":["Sever Soul","Pummel"],"picked":"Disarm","floor":40.0},{"not_picked":["Headbutt","Warcry"],"picked":"Demon Form","floor":42.0},{"not_picked":["True Grit","Shrug It Off+1"],"picked":"Evolve","floor":45.0},{"not_picked":["Sword Boomerang+1","Heavy Blade+1","True Grit"],"picked":"SKIP","floor":47.0},{"not_picked":["Sword Boomerang+1","Heavy Blade+1","True Grit"],"picked":"SKIP","floor":47.0},{"not_picked":["Pummel+1","Uppercut+1"],"picked":"Intimidate+1","floor":48.0},{"not_picked":["Sword Boomerang+1","Armaments","Twin Strike+1"],"picked":"SKIP","floor":48.0},{"not_picked":["Sword Boomerang+1","Wild Strike+1"],"picked":"Iron Wave+1","floor":54}],"player_experience":502482,"relics_obtained":[{"floor":6.0,"key":"Mummified Hand"},{"floor":8.0,"key":"Darkstone Periapt"},{"floor":9.0,"key":"Regal Pillow"},{"floor":13.0,"key":"PreservedInsect"},{"floor":20.0,"key":"Red Mask"},{"floor":23.0,"key":"Art of War"},{"floor":26.0,"key":"Paper Frog"},{"floor":31.0,"key":"Orichalcum"},{"floor":39.0,"key":"Prayer Wheel"},{"floor":40.0,"key":"Happy Flower"},{"floor":42.0,"key":"The Courier"},{"floor":45.0,"key":"Molten Egg 2"},{"floor":47.0,"key":"Pen Nib"},{"floor":54,"key":"Centennial Puzzle"}],"event_choices":[{"cards_removed":["Strike_R"],"damage_healed":0.0,"max_hp_gain":0.0,"max_hp_loss":0.0,"gold_gain":0.0,"event_name":"Golden Wing","player_choice":"Card Removal","floor":2.0,"gold_loss":0.0,"damage_taken":7.0},{"cards_removed":["Hemokinesis"],"damage_healed":0.0,"max_hp_gain":0.0,"max_hp_loss":0.0,"gold_gain":0.0,"event_name":"Back to Basics","player_choice":"Elegance","floor":19.0,"gold_loss":0.0,"damage_taken":0.0},{"damage_healed":0.0,"max_hp_gain":0.0,"max_hp_loss":0.0,"gold_gain":0.0,"event_name":"Masked Bandits","player_choice":"Fought Bandits","floor":20.0,"gold_loss":0.0,"damage_taken":0.0},{"damage_healed":0.0,"max_hp_gain":0.0,"max_hp_loss":0.0,"gold_gain":100.0,"event_name":"Golden Shrine","player_choice":"Pray","floor":21.0,"gold_loss":0.0,"damage_taken":0.0},{"damage_healed":0.0,"max_hp_gain":0.0,"max_hp_loss":0.0,"gold_gain":0.0,"event_name":"Nest","player_choice":"Joined the Cult","floor":30.0,"gold_loss":0.0,"damage_taken":6.0,"cards_obtained":["RitualDagger"]},{"damage_healed":0.0,"max_hp_gain":0.0,"max_hp_loss":5.0,"gold_gain":0.0,"event_name":"Winding Halls","player_choice":"Max HP","floor":36.0,"gold_loss":0.0,"damage_taken":0.0},{"damage_healed":0.0,"max_hp_gain":0.0,"max_hp_loss":0.0,"gold_gain":222.0,"event_name":"Tomb of Lord Red Mask","player_choice":"Wore Mask","floor":38.0,"gold_loss":0.0,"damage_taken":0.0},{"damage_healed":0.0,"max_hp_gain":0.0,"max_hp_loss":0.0,"gold_gain":0.0,"event_name":"Mysterious Sphere","player_choice":"Fight","floor":39.0,"gold_loss":0.0,"damage_taken":0.0},{"damage_healed":0.0,"max_hp_gain":0.0,"max_hp_loss":0.0,"gold_gain":0.0,"event_name":"The Woman in Blue","player_choice":"Bought 3 Potions","floor":41.0,"gold_loss":0.0,"damage_taken":0.0}],"is_beta":false,"boss_relics":[{"not_picked":["Black Blood","Empty Cage"],"picked":"Pandora\u0027s Box"},{"not_picked":["White Beast Statue","Orrery"],"picked":"Coffee Dripper"}],"items_purged_floors":[],"is_endless":false,"potions_floor_spawned":[5,8,11,13,23,28,31,39,42,45],"ascension_level":11}