{"gold_per_floor":[113,129,129,129,147,147,162,162,208,221,246,246,274,274,274,375,375,393,117,32,32,44,44,44,76,76,96,113,41,41],"floor_reached":30,"playtime":1515,"items_purged":["Strike_B"],"score":361,"play_id":"b4703edf-1bfa-4748-a4e6-d88032e6be56","local_time":"20190607185811","is_ascension_mode":true,"campfire_choices":[{"data":"Coolheaded","floor":6,"key":"SMITH"},{"data":"Zap","floor":8,"key":"SMITH"},{"floor":12,"key":"REST"},{"floor":15,"key":"REST"},{"data":"Glacier","floor":23,"key":"SMITH"}],"neow_cost":"NONE","seed_source_timestamp":0,"circlet_count":0,"master_deck":["Strike_B+1","Defend_B","Defend_B","Defend_B+1","Defend_B","Zap+1","Dualcast","Coolheaded+1","Cold Snap","Ball Lightning","Undo","Capacitor+1","Glacier+1","Storm","Amplify","Storm","Writhe","Gash+1","Glacier+1","Seek","Capacitor+1","Heatsinks"],"special_seed":0,"relics":["Cracked Core","PreservedInsect","Anchor","Vajra","Velvet Choker","Lee\u0027s Waffle","Dodecahedron","Oddly Smooth Stone","Cables","Pantograph"],"potions_floor_usage":[11],"damage_taken":[{"damage":0,"enemies":"2 Louse","floor":1,"turns":3},{"damage":3,"enemies":"Jaw Worm","floor":2,"turns":4},{"damage":0,"enemies":"Cultist","floor":5,"turns":3},{"damage":4,"enemies":"Looter","floor":7,"turns":3},{"damage":10,"enemies":"Exordium Thugs","floor":10,"turns":5},{"damage":14,"enemies":"Gremlin Nob","floor":11,"turns":3},{"damage":13,"enemies":"Lagavulin","floor":13,"turns":6},{"damage":26,"enemies":"The Guardian","floor":16,"turns":14},{"damage":5,"enemies":"Spheric Guardian","floor":18,"turns":6},{"damage":42,"enemies":"3 Byrds","floor":22,"turns":4},{"damage":13,"enemies":"Book of Stabbing","floor":25,"turns":6},{"damage":0,"enemies":"Snake Plant","floor":27,"turns":4},{"damage":9,"enemies":"Snecko","floor":28,"turns":5},{"damage":41,"enemies":"Cultist and Chosen","floor":30,"turns":4}],"seed_played":"7748094061149004547","potions_obtained":[{"floor":5,"key":"Dexterity Potion"},{"floor":7,"key":"Explosive Potion"},{"floor":10,"key":"Weak Potion"},{"floor":11,"key":"EssenceOfSteel"}],"is_trial":false,"path_per_floor":["M","M","?","?","M","R","M","R","T","M","E","R","E","?","R","B",null,"M","$","?","?","M","R","?","E","T","M","M","$","M"],"character_chosen":"DEFECT","items_purchased":["Lee\u0027s Waffle","Heatsinks"],"campfire_rested":2,"item_purchase_floors":[19,29],"current_hp_per_floor":[68,65,58,43,43,43,39,39,39,29,15,37,24,24,46,20,61,56,82,82,82,40,40,40,27,27,27,18,18,0],"gold":41,"neow_bonus":"TRANSFORM_CARD","is_prod":false,"is_daily":false,"chose_seed":false,"campfire_upgraded":3,"win_rate":0,"timestamp":1559948291,"path_taken":["M","M","?","?","M","R","M","R","T","M","E","R","E","?","R","BOSS","M","$","?","?","M","R","?","E","T","M","M","$","?"],"build_version":"2019-01-23","purchased_purges":1,"victory":false,"max_hp_per_floor":[75,75,75,75,75,75,75,75,75,75,75,75,75,75,75,75,75,75,82,82,82,82,82,82,82,82,82,82,82,82],"card_choices":[{"not_picked":["Compile Driver","Hello World"],"picked":"Cold Snap","floor":1},{"not_picked":["Storm","Cold Snap"],"picked":"Ball Lightning","floor":2},{"not_picked":["Turbo","Thunder Strike","Redo"],"picked":"SKIP","floor":5},{"not_picked":["Rip and Tear","Stack"],"picked":"Undo","floor":7},{"not_picked":["Sweeping Beam","Static Discharge"],"picked":"Capacitor","floor":10},{"not_picked":["Conserve Battery","Chaos"],"picked":"Glacier","floor":11},{"not_picked":["Streamline","Leap"],"picked":"Storm","floor":13},{"not_picked":["Buffer","All For One"],"picked":"Amplify","floor":16},{"not_picked":["Steam Power","Reinforced Body"],"picked":"Storm","floor":18},{"not_picked":["Beam Cell","Skim"],"picked":"Gash+1","floor":22},{"not_picked":["Chill+1","Sweeping Beam"],"picked":"Seek","floor":25},{"not_picked":["Stack","FTL","Compile Driver"],"picked":"SKIP","floor":27},{"not_picked":["Auto Shields","Steam Power"],"picked":"Capacitor+1","floor":28}],"player_experience":583718,"relics_obtained":[{"floor":9,"key":"PreservedInsect"},{"floor":11,"key":"Anchor"},{"floor":13,"key":"Vajra"},{"floor":25,"key":"Cables"},{"floor":26,"key":"Pantograph"}],"event_choices":[{"cards_removed":["Strike_B"],"damage_healed":0,"gold_gain":0,"player_choice":"Card Removal","damage_taken":7,"max_hp_gain":0,"max_hp_loss":0,"event_name":"Golden Wing","floor":3,"gold_loss":0},{"damage_healed":0,"gold_gain":0,"player_choice":"Entered Light","damage_taken":15,"max_hp_gain":0,"max_hp_loss":0,"event_name":"Shining Light","floor":4,"gold_loss":0,"cards_upgraded":["Strike_B","Defend_B"]},{"damage_healed":0,"gold_gain":0,"player_choice":"Grow","damage_taken":0,"max_hp_gain":0,"max_hp_loss":0,"event_name":"Living Wall","floor":14,"gold_loss":0,"cards_upgraded":["Capacitor"]},{"damage_healed":0,"gold_gain":0,"player_choice":"Obtained Relic","damage_taken":0,"relics_obtained":["Dodecahedron"],"max_hp_gain":0,"max_hp_loss":0,"event_name":"Addict","floor":20,"gold_loss":85},{"damage_healed":0,"gold_gain":0,"player_choice":"Opened","damage_taken":0,"relics_obtained":["Oddly Smooth Stone"],"max_hp_gain":0,"max_hp_loss":0,"event_name":"The Mausoleum","floor":21,"gold_loss":0,"cards_obtained":["Writhe"]},{"damage_healed":0,"gold_gain":0,"player_choice":"Copied","damage_taken":0,"max_hp_gain":0,"max_hp_loss":0,"event_name":"Duplicator","floor":24,"gold_loss":0,"cards_obtained":["Glacier"]}],"is_beta":false,"boss_relics":[{"not_picked":["Ectoplasm","Black Star"],"picked":"Velvet Choker"}],"items_purged_floors":[19],"is_endless":false,"potions_floor_spawned":[5,7,10,11,13,22,27,28],"killed_by":"Cultist and Chosen","ascension_level":8}