{"gold_per_floor":[109,126,126,137,147,147,176,176,231,231,231,6,6],"floor_reached":13,"playtime":388,"items_purged":[],"score":125,"play_id":"c8339172-d3d6-4ebb-8ba6-7e7e01fb59bc","local_time":"20190521195856","is_ascension_mode":true,"campfire_choices":[{"data":"Flame Barrier","floor":6,"key":"SMITH"},{"data":"Bash","floor":8,"key":"SMITH"},{"floor":10,"key":"REST"}],"neow_cost":"NONE","seed_source_timestamp":596392985046842,"circlet_count":0,"master_deck":["AscendersBane","Strike_R","Strike_R","Strike_R","Strike_R","Defend_R","Defend_R","Defend_R","Defend_R","Bash+1","Flame Barrier+1","Shrug It Off+1","Disarm","Reaper"],"relics":["Burning Blood","Shuriken","Potion Belt"],"potions_floor_usage":[7,13],"damage_taken":[{"damage":4,"enemies":"Jaw Worm","floor":1,"turns":4},{"damage":6,"enemies":"Cultist","floor":2,"turns":4},{"damage":3,"enemies":"2 Louse","floor":4,"turns":3},{"damage":39,"enemies":"Exordium Thugs","floor":5,"turns":11},{"damage":33,"enemies":"Gremlin Nob","floor":7,"turns":5},{"damage":47,"enemies":"Lagavulin","floor":13,"turns":11}],"seed_played":"-4992843507809796073","potions_obtained":[{"floor":4,"key":"EssenceOfSteel"},{"floor":7,"key":"Strength Potion"}],"is_trial":false,"path_per_floor":["M","M","?","M","M","R","E","R","T","R","?","$","E"],"character_chosen":"IRONCLAD","items_purchased":["Disarm","Reaper","Poison Potion"],"campfire_rested":1,"item_purchase_floors":[12,12,12],"current_hp_per_floor":[74,74,79,80,47,47,20,20,20,44,44,44,0],"gold":6,"neow_bonus":"REMOVE_CARD","is_prod":false,"is_daily":false,"chose_seed":false,"campfire_upgraded":2,"win_rate":0,"timestamp":1558483136,"path_taken":["M","M","?","M","?","R","E","R","T","R","?","?","E"],"build_version":"2019-01-23","purchased_purges":0,"victory":false,"max_hp_per_floor":[80,80,80,80,80,80,80,80,80,80,80,80,80],"card_choices":[{"not_picked":["Body Slam","Flex","Warcry"],"picked":"SKIP","floor":1},{"not_picked":["Iron Wave","Flex"],"picked":"Perfected Strike","floor":2},{"not_picked":["Fire Breathing","Thunderclap"],"picked":"Flame Barrier","floor":4},{"not_picked":["Sword Boomerang","Iron Wave","Flex"],"picked":"SKIP","floor":5},{"not_picked":["Rupture","Whirlwind"],"picked":"Shrug It Off","floor":7}],"player_experience":403890,"relics_obtained":[{"floor":7,"key":"Shuriken"},{"floor":9,"key":"Potion Belt"}],"event_choices":[{"cards_removed":["Perfected Strike"],"damage_healed":5,"gold_gain":0,"player_choice":"Offered Common","damage_taken":0,"max_hp_gain":0,"max_hp_loss":0,"event_name":"Bonfire Elementals","floor":3,"gold_loss":0},{"cards_removed":["Perfected Strike"],"damage_healed":5,"gold_gain":0,"player_choice":"Offered Special","damage_taken":0,"max_hp_gain":0,"max_hp_loss":0,"event_name":"Bonfire Elementals","floor":3,"gold_loss":0},{"damage_healed":0,"gold_gain":0,"player_choice":"Upgraded","damage_taken":0,"max_hp_gain":0,"max_hp_loss":0,"event_name":"Upgrade Shrine","floor":11,"gold_loss":0,"cards_upgraded":["Shrug It Off"]}],"is_beta":false,"boss_relics":[],"items_purged_floors":[],"is_endless":false,"potions_floor_spawned":[4,7],"killed_by":"Lagavulin","ascension_level":10}