{"path_per_floor":["M","?","M","T","M","R","E","?","T","E","?","M","?","?","R","B",null,"M","?","$","M","$","E","R","E","T","R","M","M","E","$","R","B",null,"M","?","M","M","$"],"character_chosen":"IRONCLAD","items_purchased":["Master of Strategy","Warcry","War Paint","Searing Blow"],"gold_per_floor":[115,115,127,174,194,194,219,219,298,323,288,308,308,308,308,404,404,414,339,12,27,27,53,53,88,112,112,128,140,175,21,21,124,124,140,140,157,167,86],"floor_reached":40,"campfire_rested":4,"playtime":3345,"current_hp_per_floor":[80,80,72,72,78,78,74,74,74,34,54,60,60,65,85,28,85,79,79,79,76,76,49,74,21,21,46,43,33,32,32,57,15,85,85,75,67,56,56],"items_purged":["Strike_R"],"gold":86,"play_id":"a8bb3871-c738-4725-8cba-397c972621be","is_prod":false,"is_daily":false,"campfire_rituals":0,"campfire_upgraded":1,"is_hardmode":false,"path_taken":["M","?","?","?","M","R","E","?","T","E","?","M","?","?","R","BOSS","M","?","$","M","?","E","R","E","T","R","M","M","E","$","R","BOSS","M","?","M","M","$","E"],"build_version":"2018-01-11-PROD2","purchased_purges":1,"victory":false,"master_deck":["Strike_R","Strike_R","Strike_R","Defend_R","Defend_R","Defend_R","Defend_R","Bash","Cleave","Shrug It Off","Cleave","Armaments","Reckless Charge","Iron Wave","Bludgeon","Armaments","Master of Strategy","Warcry","Rampage","Battle Trance","Clash","Rampage","Pummel","Rage","Barricade","Headbutt","Madness","Madness","Second Wind","Perfected Strike","Searing Blow"],"max_hp_per_floor":[80,80,80,80,80,80,80,80,80,80,80,80,80,85,85,85,85,85,85,85,85,85,85,85,85,85,85,85,85,85,85,85,85,85,85,85,85,85,85],"relics":["Black Blood","Lantern","Oddly Smooth Stone","Mummified Hand","Shuriken","Bag of Preparation","Velvet Choker","Ice Cream","Vajra","Anchor","Peace Pipe","War Paint"],"campfire_meditates":0,"card_choices":[{"not_picked":["Warcry","Dual Wield"],"picked":"Cleave"},{"not_picked":["Clash","Inflame"],"picked":"Shrug It Off"},{"not_picked":["Whirlwind","Juggernaut"],"picked":"Cleave"},{"not_picked":["Clash","Twin Strike"],"picked":"Armaments"},{"not_picked":["Cleave","Searing Blow"],"picked":"Reckless Charge"},{"not_picked":["Corruption","Rampage"],"picked":"Iron Wave"},{"not_picked":["Offering","Dark Embrace"],"picked":"Bludgeon"},{"not_picked":["Sword Boomerang","Body Slam"],"picked":"Armaments"},{"not_picked":["Sever Soul","Twin Strike"],"picked":"Rampage"},{"not_picked":["True Grit","Thunderclap"],"picked":"Battle Trance"},{"not_picked":["Clothesline","Twin Strike"],"picked":"Clash"},{"not_picked":["Intimidate","Body Slam"],"picked":"Rampage"},{"not_picked":["Warcry","Hemokinesis"],"picked":"Pummel"},{"not_picked":["Combust","Body Slam"],"picked":"Rage"},{"not_picked":["Reaper","Bludgeon"],"picked":"Barricade"},{"not_picked":["Dual Wield","Shockwave"],"picked":"Headbutt"},{"not_picked":["Shrug It Off","Clothesline"],"picked":"Second Wind"},{"not_picked":["Intimidate","Iron Wave"],"picked":"Perfected Strike"}],"player_experience":0,"potions_floor_usage":[7,7,16,25,33,38,38],"damage_taken":[{"damage":5,"enemies":"Small Slimes","floor":1,"turns":5},{"damage":14,"enemies":"Blue Slaver","floor":3,"turns":5},{"damage":0,"enemies":"2 Louse","floor":5,"turns":2},{"damage":10,"enemies":"Gremlin Nob","floor":7,"turns":3},{"damage":46,"enemies":"Lagavulin","floor":10,"turns":6},{"damage":0,"enemies":"Lots of Slimes","floor":12,"turns":1},{"damage":78,"enemies":"The Guardian","floor":16,"turns":9},{"damage":12,"enemies":"2 Thieves","floor":18,"turns":3},{"damage":9,"enemies":"Chosen","floor":21,"turns":3},{"damage":33,"enemies":"Slavers","floor":23,"turns":4},{"damage":59,"enemies":"Gremlin Leader","floor":25,"turns":7},{"damage":9,"enemies":"Slaver and Parasite","floor":28,"turns":6},{"damage":16,"enemies":"Sentry and Sphere","floor":29,"turns":6},{"damage":7,"enemies":"Slavers","floor":30,"turns":4},{"damage":48,"enemies":"Champ","floor":33,"turns":9},{"damage":8,"enemies":"3 Shapes","floor":35,"turns":4},{"damage":18,"enemies":"3 Darklings","floor":37,"turns":4},{"damage":21,"enemies":"4 Shapes","floor":38,"turns":7},{"damage":61,"enemies":"2 Orb Walkers","floor":40,"turns":6}],"event_choices":[{"event_name":"Accursed Blacksmith","player_choice":"Rummage","floor":2,"damage_taken":0},{"event_name":"Living Wall","player_choice":"Grow","floor":8,"damage_taken":0},{"event_name":"The Cleric","player_choice":"Healed","floor":11,"damage_taken":0},{"event_name":"Liars Game","player_choice":"disagreed","floor":13,"damage_taken":0},{"event_name":"Big Fish","player_choice":"Donut","floor":14,"damage_taken":0},{"event_name":"Beggar","player_choice":"Gave Gold","floor":19,"damage_taken":0},{"event_name":"Winding Halls","player_choice":"Embrace Madness","floor":36,"damage_taken":0}],"boss_relics":[{"not_picked":["Runic Dome","Cursed Key"],"picked":"Velvet Choker"},{"not_picked":["Eternal Feather","Runic Cube"],"picked":"Black Blood"}],"potions_floor_spawned":[3,5,10,18,23,33,37],"seed_played":"192364326389791124","killed_by":"2 Orb Walkers","is_trial":false}