{"gold_per_floor":[109,127,143,143,55,87,100,100,126,151,121,139,12,22,22,95,95,109,123,134,145,155,155],"floor_reached":23,"playtime":1619,"items_purged":["Strike_G"],"score":464,"play_id":"d974f585-d96c-4ae7-8981-a0fd7824d599","local_time":"20190815133943","is_ascension_mode":true,"campfire_choices":[{"floor":8.0,"key":"REST"},{"floor":15.0,"key":"REST"}],"neow_cost":"TEN_PERCENT_HP_LOSS","seed_source_timestamp":17000596723300,"circlet_count":0,"master_deck":["AscendersBane","Strike_G","Strike_G","Defend_G","Defend_G","Defend_G","Defend_G","Survivor","Neutralize","Heel Hook","Caltrops","Footwork","Backstab","Bouncing Flask","Endless Agony","Dash","PiercingWail","Poisoned Stab","Bane","Corpse Explosion","Cloak And Dagger","Bouncing Flask","Terror","Night Terror"],"special_seed":0,"relics":["Ring of the Snake","Lantern","Potion Belt","Regal Pillow","Eternal Feather"],"potions_floor_usage":[],"damage_taken":[{"damage":7.0,"enemies":"Small Slimes","floor":1.0,"turns":4.0},{"damage":1.0,"enemies":"Cultist","floor":2.0,"turns":5.0},{"damage":0.0,"enemies":"2 Louse","floor":3.0,"turns":3.0},{"damage":14.0,"enemies":"Lagavulin","floor":6.0,"turns":6.0},{"damage":0.0,"enemies":"Large Slime","floor":7.0,"turns":6.0},{"damage":28.0,"enemies":"Gremlin Nob","floor":10.0,"turns":4.0},{"damage":0.0,"enemies":"Red Slaver","floor":12.0,"turns":2.0},{"damage":0.0,"enemies":"Gremlin Gang","floor":14.0,"turns":4.0},{"damage":28.0,"enemies":"Slime Boss","floor":16.0,"turns":9.0},{"damage":0.0,"enemies":"3 Byrds","floor":18.0,"turns":3.0},{"damage":0.0,"enemies":"2 Thieves","floor":19.0,"turns":2.0},{"damage":27.0,"enemies":"Snecko","floor":20.0,"turns":4.0},{"damage":14.0,"enemies":"Snake Plant","floor":21.0,"turns":5.0},{"damage":9.0,"enemies":"Centurion and Healer","floor":22.0,"turns":5.0},{"damage":17,"enemies":"Gremlin Leader","floor":23,"turns":2}],"seed_played":"5836721646195918465","potions_obtained":[{"floor":1.0,"key":"Dexterity Potion"},{"floor":3.0,"key":"Strength Potion"},{"floor":10.0,"key":"Poison Potion"},{"floor":11.0,"key":"Swift Potion"},{"floor":11.0,"key":"SneckoOil"},{"floor":12.0,"key":"AttackPotion"},{"floor":19.0,"key":"Swift Potion"},{"floor":20.0,"key":"Regen Potion"}],"is_trial":false,"path_per_floor":["M","M","M","?","$","E","M","R","T","E","?","M","$","M","R","B",null,"M","M","M","M","M","E"],"character_chosen":"THE_SILENT","items_purchased":["Endless Agony","Bane"],"campfire_rested":2,"item_purchase_floors":[5,13],"current_hp_per_floor":[52,51,51,44,44,30,30,48,48,20,20,20,20,20,53,25,51,51,51,24,24,15,0],"gold":155,"neow_bonus":"TRANSFORM_TWO_CARDS","is_prod":false,"is_daily":false,"chose_seed":false,"campfire_upgraded":0,"win_rate":0,"timestamp":1565869183,"path_taken":["M","M","M","?","$","E","M","R","T","E","?","?","$","M","R","BOSS","M","M","M","M","?","E"],"build_version":"2019-07-17","purchased_purges":1,"victory":false,"max_hp_per_floor":[60,60,60,60,60,60,60,60,60,60,60,60,60,60,60,60,60,60,60,60,60,60,60],"card_choices":[{"not_picked":["Setup","Dagger Throw"],"picked":"Footwork","floor":1.0},{"not_picked":["Bane","Flechettes"],"picked":"Backstab","floor":2.0},{"not_picked":["Caltrops","Terror"],"picked":"Bouncing Flask","floor":3.0},{"not_picked":["Prepared","Expertise"],"picked":"Dash","floor":6.0},{"not_picked":["Infinite Blades","Bane"],"picked":"PiercingWail","floor":7.0},{"not_picked":["Acrobatics","Concentrate"],"picked":"Poisoned Stab","floor":10.0},{"not_picked":["Accuracy","Acrobatics","Expertise"],"picked":"SKIP","floor":12.0},{"not_picked":["Dagger Throw","Concentrate","Phantasmal Killer"],"picked":"SKIP","floor":14.0},{"not_picked":["Envenom","Malaise"],"picked":"Corpse Explosion","floor":16.0},{"not_picked":["Quick Slash","Escape Plan"],"picked":"Cloak And Dagger","floor":18.0},{"not_picked":["Acrobatics","Poisoned Stab"],"picked":"Bouncing Flask","floor":19.0},{"not_picked":["Bane","Underhanded Strike"],"picked":"Terror","floor":20.0},{"not_picked":["Poisoned Stab","Distraction+1"],"picked":"Night Terror","floor":21.0},{"not_picked":["Expertise","Tactician","Underhanded Strike+1"],"picked":"SKIP","floor":22.0}],"player_experience":1017098,"relics_obtained":[{"floor":6.0,"key":"Lantern"},{"floor":9.0,"key":"Potion Belt"},{"floor":10.0,"key":"Regal Pillow"}],"event_choices":[{"cards_removed":["Strike_G"],"damage_healed":0.0,"max_hp_gain":0.0,"max_hp_loss":0.0,"gold_gain":0.0,"event_name":"Golden Wing","player_choice":"Card Removal","floor":4.0,"gold_loss":0.0,"damage_taken":7.0},{"damage_healed":0.0,"max_hp_gain":0.0,"max_hp_loss":0.0,"gold_gain":0.0,"event_name":"The Woman in Blue","player_choice":"Bought 2 Potions","floor":11.0,"gold_loss":0.0,"damage_taken":0.0}],"is_beta":false,"boss_relics":[{"not_picked":["Coffee Dripper","Snecko Eye"],"picked":"Eternal Feather"}],"items_purged_floors":[13],"is_endless":false,"potions_floor_spawned":[1,3,7,10,12,19,20],"killed_by":"Gremlin Leader","ascension_level":20}