{"gold_per_floor":[118,118,43,43,56,56,56,56,56,71,96,109,142,153,153,229,229,249,5,18,34,47,47,81,81,163,190,202,227,289,313,325,414,426,458,470,74,74,92,122,140,174,201,229,229,263,279,307,307,307,307,307,307,51,78,78],"floor_reached":57,"playtime":5164,"items_purged":["Strike_R","Combust"],"score":3475,"play_id":"Baalorlord-2bc3cff8","local_time":"20190706174925","is_ascension_mode":true,"campfire_choices":[{"data":"Bash","floor":6,"key":"SMITH"},{"data":"Immolate","floor":8,"key":"SMITH"},{"data":"Strike_R","floor":15,"key":"PURGE"},{"floor":23,"key":"REST"},{"floor":25,"key":"REST"},{"data":"Defend_R","floor":32,"key":"PURGE"},{"floor":45,"key":"RECALL"},{"data":"Strike_R","floor":49,"key":"PURGE"},{"data":"Evolve","floor":53,"key":"PURGE"}],"neow_cost":"TEN_PERCENT_HP_LOSS","seed_source_timestamp":239322991201900,"circlet_count":0,"master_deck":["AscendersBane","Defend_R","Defend_R+1","Defend_R+1","Bash+1","Twin Strike","Immolate+1","Shrug It Off","Pommel Strike+1","Feel No Pain","Warcry","Impervious","Inflame+1","Dark Shackles","Power Through","Body Slam+1","Burning Pact","Power Through","Disarm","Fiend Fire+1","Shrug It Off","Apotheosis","PanicButton","Uppercut+1","Evolve+1","Clothesline+1","Uppercut+1","Corruption+1","Battle Trance+1","Impervious","Impervious","Offering"],"relics":["Burning Blood","Peace Pipe","Pantograph","Molten Egg 2","Sundial","Fusion Hammer","Potion Belt","Frozen Egg 2","MawBank","Snecko Eye","Gambling Chip","Shuriken","Singing Bowl","Omamori","Centennial Puzzle","Dead Branch","Torii"],"potions_floor_usage":[16,18,22,22,33,33,56,56,56,56],"damage_taken":[{"damage":9,"enemies":"Small Slimes","floor":1,"turns":5},{"damage":12,"enemies":"2 Louse","floor":5,"turns":2},{"damage":7,"enemies":"Jaw Worm","floor":10,"turns":2},{"damage":30,"enemies":"Gremlin Nob","floor":11,"turns":4},{"damage":3,"enemies":"Looter","floor":12,"turns":3},{"damage":2,"enemies":"3 Sentries","floor":13,"turns":5},{"damage":0,"enemies":"2 Fungi Beasts","floor":14,"turns":1},{"damage":40,"enemies":"Hexaghost","floor":16,"turns":7},{"damage":28,"enemies":"Shell Parasite","floor":18,"turns":4},{"damage":10,"enemies":"Spheric Guardian","floor":20,"turns":5},{"damage":25,"enemies":"Snake Plant","floor":21,"turns":5},{"damage":7,"enemies":"Cultist and Chosen","floor":22,"turns":4},{"damage":15,"enemies":"Book of Stabbing","floor":24,"turns":5},{"damage":6,"enemies":"Gremlin Leader","floor":27,"turns":6},{"damage":0,"enemies":"Centurion and Healer","floor":29,"turns":5},{"damage":14,"enemies":"Shelled Parasite and Fungi","floor":31,"turns":5},{"damage":21,"enemies":"Collector","floor":33,"turns":10},{"damage":0,"enemies":"Orb Walker","floor":35,"turns":3},{"damage":0,"enemies":"3 Shapes","floor":39,"turns":3},{"damage":1,"enemies":"Nemesis","floor":40,"turns":7},{"damage":5,"enemies":"Transient","floor":41,"turns":6},{"damage":2,"enemies":"Reptomancer","floor":42,"turns":3},{"damage":0,"enemies":"Nemesis","floor":44,"turns":5},{"damage":15,"enemies":"Giant Head","floor":46,"turns":5},{"damage":0,"enemies":"Spire Growth","floor":47,"turns":2},{"damage":4,"enemies":"Reptomancer","floor":48,"turns":4},{"damage":0,"enemies":"Time Eater","floor":50,"turns":6},{"damage":0,"enemies":"Awakened One","floor":51,"turns":8},{"damage":6,"enemies":"Shield and Spear","floor":55,"turns":3},{"damage":18,"enemies":"The Heart","floor":56,"turns":6}],"seed_played":"-8167495477059017688","potions_obtained":[{"floor":11,"key":"SpeedPotion"},{"floor":13,"key":"FearPotion"},{"floor":14,"key":"AttackPotion"},{"floor":18,"key":"Ancient Potion"},{"floor":20,"key":"SteroidPotion"},{"floor":27,"key":"Weak Potion"},{"floor":29,"key":"LiquidBronze"},{"floor":31,"key":"EssenceOfSteel"},{"floor":42,"key":"Strength Potion"},{"floor":46,"key":"Strength Potion"},{"floor":48,"key":"Energy Potion"}],"is_trial":false,"path_per_floor":["M","?","$","?","M","R","?","R","T","M","E","M","E","M","R","B",null,"M","$","M","M","M","R","E","R","T","E","?","M","?","M","R","B",null,"M","?","$","?","M","E","M","E","T","E","R","E","M","E","R","B","B",null,"R","$","E","B",null],"character_chosen":"IRONCLAD","items_purchased":["Dark Shackles","Power Through","Evolve","Gambling Chip","Uppercut+1","Offering"],"campfire_rested":2,"item_purchase_floors":[19,19,19,37,37,54],"current_hp_per_floor":[65,65,65,45,39,39,32,32,32,31,7,10,14,20,20,11,54,32,32,28,9,8,28,19,39,39,39,39,45,45,37,37,47,63,68,58,58,58,64,68,68,68,68,68,68,61,69,71,71,72,72,72,72,72,74,62],"gold":78,"neow_bonus":"ONE_RARE_RELIC","is_prod":false,"is_daily":false,"chose_seed":false,"campfire_upgraded":2,"win_rate":0,"timestamp":1562449765,"path_taken":["M","?","$","?","M","R","?","R","T","M","E","M","E","M","R","BOSS","M","$","M","M","M","R","E","R","T","E","?","M","?","M","R","BOSS","M","?","$","?","?","E","M","E","T","E","R","E","M","E","R","BOSS","BOSS","R","$","E","BOSS"],"build_version":"2019-07-05","purchased_purges":2,"victory":true,"max_hp_per_floor":[68,68,68,68,68,68,68,68,68,68,68,68,68,68,68,68,68,68,68,68,68,68,68,68,68,68,68,68,68,68,68,68,68,68,68,68,68,68,68,68,68,68,68,68,68,70,72,72,72,72,72,72,72,72,74,74],"card_choices":[{"not_picked":["Clash","Havoc"],"picked":"Twin Strike","floor":1},{"not_picked":["Perfected Strike","Reckless Charge"],"picked":"Combust","floor":5},{"not_picked":["Iron Wave","Sever Soul"],"picked":"Shrug It Off","floor":10},{"not_picked":["Barricade","Clothesline"],"picked":"Pommel Strike","floor":11},{"not_picked":["Searing Blow+1","Perfected Strike+1"],"picked":"Anger+1","floor":12},{"not_picked":["Intimidate","Sever Soul+1"],"picked":"Feel No Pain","floor":13},{"not_picked":["Metallicize","Sword Boomerang+1"],"picked":"Warcry","floor":14},{"not_picked":["Bludgeon+1","Juggernaut"],"picked":"Impervious","floor":16},{"not_picked":["Warcry+1","Cleave+1"],"picked":"Inflame+1","floor":18},{"not_picked":["Spot Weakness","Fire Breathing"],"picked":"Body Slam+1","floor":20},{"not_picked":["Clash+1","Sword Boomerang+1"],"picked":"Burning Pact","floor":21},{"not_picked":["Armaments","Heavy Blade+1"],"picked":"Power Through","floor":22},{"not_picked":["Rupture","Anger+1","Heavy Blade+1"],"picked":"SKIP","floor":24},{"not_picked":["Armaments","Flex+1","Dual Wield+1"],"picked":"SKIP","floor":27},{"not_picked":["Armaments","Flex+1","Dual Wield+1"],"picked":"SKIP","floor":27},{"not_picked":["Pommel Strike+1","Iron Wave+1"],"picked":"Disarm","floor":29},{"not_picked":["Clash+1","Anger+1","Thunderclap+1"],"picked":"SKIP","floor":31},{"not_picked":["Bludgeon+1","Brutality+1"],"picked":"Fiend Fire+1","floor":33},{"not_picked":["Heavy Blade+1","Sentinel"],"picked":"Shrug It Off","floor":35},{"not_picked":["Good Instincts","The Bomb"],"picked":"Apotheosis","floor":36},{"not_picked":["Dramatic Entrance+1","HandOfGreed+1"],"picked":"PanicButton","floor":36},{"not_picked":["Twin Strike+1","Iron Wave+1"],"picked":"Clothesline+1","floor":39},{"not_picked":["Blood for Blood+1","Headbutt+1"],"picked":"Uppercut+1","floor":40},{"not_picked":["Searing Blow+1","Heavy Blade+1"],"picked":"Corruption+1","floor":41},{"not_picked":["Body Slam+1","Rupture+1"],"picked":"Battle Trance+1","floor":42},{"not_picked":["Seeing Red","Thunderclap+1"],"picked":"Impervious","floor":44},{"not_picked":["Twin Strike+1","Searing Blow+1","Hemokinesis+1"],"picked":"Singing Bowl","floor":46},{"not_picked":["Sentinel","Havoc","Perfected Strike+1"],"picked":"Singing Bowl","floor":47},{"not_picked":["Combust+1","Thunderclap+1"],"picked":"Impervious","floor":48},{"not_picked":["Pommel Strike+1","Blood for Blood+1","Cleave+1"],"picked":"Singing Bowl","floor":55}],"player_experience":2216067,"relics_obtained":[{"floor":9,"key":"Pantograph"},{"floor":11,"key":"Molten Egg 2"},{"floor":13,"key":"Sundial"},{"floor":24,"key":"Potion Belt"},{"floor":26,"key":"Frozen Egg 2"},{"floor":27,"key":"MawBank"},{"floor":40,"key":"Shuriken"},{"floor":42,"key":"Singing Bowl"},{"floor":44,"key":"Omamori"},{"floor":46,"key":"Centennial Puzzle"},{"floor":48,"key":"Dead Branch"},{"floor":55,"key":"Torii"}],"event_choices":[{"damage_healed":0,"gold_gain":0,"cards_transformed":["Strike_R"],"player_choice":"Change","damage_taken":0,"max_hp_gain":0,"max_hp_loss":0,"event_name":"Living Wall","floor":2,"gold_loss":0,"cards_obtained":["Immolate"]},{"damage_healed":0,"gold_gain":0,"player_choice":"Entered Light","damage_taken":20,"max_hp_gain":0,"max_hp_loss":0,"event_name":"Shining Light","floor":4,"gold_loss":0,"cards_upgraded":["Defend_R","Defend_R"]},{"cards_removed":["Strike_R"],"damage_healed":0,"gold_gain":0,"player_choice":"Card Removal","damage_taken":7,"max_hp_gain":0,"max_hp_loss":0,"event_name":"Golden Wing","floor":7,"gold_loss":0},{"damage_healed":0,"gold_gain":0,"player_choice":"Ignored","damage_taken":0,"max_hp_gain":0,"max_hp_loss":0,"event_name":"The Mausoleum","floor":28,"gold_loss":0},{"damage_healed":0,"gold_gain":50,"player_choice":"Stole From Cult","damage_taken":0,"max_hp_gain":0,"max_hp_loss":0,"event_name":"Nest","floor":30,"gold_loss":0},{"damage_healed":0,"gold_gain":0,"player_choice":"Memory 3","damage_taken":10,"max_hp_gain":0,"max_hp_loss":0,"event_name":"SensoryStone","floor":36,"gold_loss":0},{"damage_healed":0,"gold_gain":0,"cards_transformed":["Anger"],"player_choice":"Transformed","damage_taken":0,"max_hp_gain":0,"max_hp_loss":0,"event_name":"Transmorgrifier","floor":38,"gold_loss":0,"cards_obtained":["Evolve"]}],"is_beta":false,"boss_relics":[{"not_picked":["Empty Cage","Runic Cube"],"picked":"Fusion Hammer"},{"not_picked":["Black Star","Calling Bell"],"picked":"Snecko Eye"}],"items_purged_floors":[3,54],"is_endless":false,"potions_floor_spawned":[11,13,14,18,20,27,29,31,42,46,48],"ascension_level":20}