{"gold_per_floor":[314,330,23,42,42,42,71,85,158,158,158,178,97,130,130,208,208,228,228,278,290,300,300,215,229,229,243,254,254,179,196,196,196],"floor_reached":33,"playtime":1226,"items_purged":[],"score":479,"play_id":"25cb69a1-d73c-4b9a-aa4d-8ce876f98536","local_time":"20190720152300","is_ascension_mode":true,"campfire_choices":[{"data":"Ball Lightning","floor":6,"key":"SMITH"},{"data":"Fission","floor":15,"key":"SMITH"},{"floor":23,"key":"REST"},{"floor":29,"key":"REST"},{"floor":32,"key":"REST"}],"neow_cost":"NO_GOLD","seed_source_timestamp":921204553738073,"circlet_count":0,"master_deck":["AscendersBane","Strike_B+1","Strike_B","Defend_B","Defend_B+1","Defend_B","Defend_B","Zap","Dualcast","Ball Lightning+1","Capacitor","Defragment","Ball Lightning","Leap","Reinforced Body","Fission+1","Leap","Self Repair","Barrage","Biased Cognition","Coolheaded+1","Tempest","Consume","Creative AI"],"relics":["Cracked Core","Old Coin","Oddly Smooth Stone","Ginger","Gremlin Horn","Boot","Inserter","Strawberry","Toxic Egg 2"],"potions_floor_usage":[16,22,22,28],"damage_taken":[{"damage":12,"enemies":"Jaw Worm","floor":1,"turns":6},{"damage":7,"enemies":"Small Slimes","floor":2,"turns":3},{"damage":0,"enemies":"Cultist","floor":4,"turns":3},{"damage":16,"enemies":"Lagavulin","floor":7,"turns":6},{"damage":1,"enemies":"Blue Slaver","floor":8,"turns":3},{"damage":2,"enemies":"3 Louse","floor":12,"turns":3},{"damage":10,"enemies":"3 Sentries","floor":14,"turns":10},{"damage":14,"enemies":"Hexaghost","floor":16,"turns":9},{"damage":29,"enemies":"Shell Parasite","floor":18,"turns":7},{"damage":2,"enemies":"Chosen","floor":21,"turns":4},{"damage":30,"enemies":"Shelled Parasite and Fungi","floor":22,"turns":5},{"damage":3,"enemies":"Snecko","floor":25,"turns":3},{"damage":27,"enemies":"Sentry and Sphere","floor":27,"turns":5},{"damage":16,"enemies":"Snake Plant","floor":28,"turns":5},{"damage":38,"enemies":"Centurion and Healer","floor":31,"turns":8},{"damage":70,"enemies":"Automaton","floor":33,"turns":6}],"seed_played":"-5116251344826023437","potions_obtained":[{"floor":1,"key":"Swift Potion"},{"floor":7,"key":"Ancient Potion"},{"floor":14,"key":"PowerPotion"},{"floor":21,"key":"Fire Potion"},{"floor":25,"key":"Regen Potion"}],"is_trial":false,"path_per_floor":["M","M","$","M","?","R","E","M","T","?","?","M","$","E","R","B",null,"M","?","?","M","M","R","?","M","T","M","M","R","?","M","R","B"],"character_chosen":"DEFECT","items_purchased":["Oddly Smooth Stone","Defragment","Ball Lightning","Self Repair"],"campfire_rested":3,"item_purchase_floors":[3,3,3,13],"current_hp_per_floor":[52,45,45,45,68,68,52,51,51,30,30,28,28,25,25,18,58,36,50,50,48,25,46,53,50,50,23,21,44,44,13,36,0],"gold":196,"neow_bonus":"ONE_RARE_RELIC","is_prod":false,"is_daily":false,"chose_seed":false,"campfire_upgraded":2,"win_rate":0,"timestamp":1563654180,"path_taken":["M","M","$","M","?","R","E","M","T","?","?","?","$","E","R","BOSS","M","?","?","M","M","R","?","M","T","M","?","R","?","M","R","BOSS"],"build_version":"2019-07-17","purchased_purges":0,"victory":false,"max_hp_per_floor":[71,71,71,71,71,71,71,71,71,71,71,71,71,71,71,71,71,71,71,71,71,71,71,78,78,78,78,78,78,78,78,78,78],"card_choices":[{"not_picked":["Reinforced Body","Compile Driver"],"picked":"Ball Lightning","floor":1},{"not_picked":["Stack","Undo"],"picked":"Capacitor","floor":2},{"not_picked":["Lockon","Steam"],"picked":"Leap","floor":4},{"not_picked":["Go for the Eyes","White Noise"],"picked":"Reinforced Body","floor":7},{"not_picked":["Compile Driver","Force Field"],"picked":"Fission","floor":8},{"not_picked":["Ball Lightning","Sweeping Beam"],"picked":"Leap","floor":12},{"not_picked":["Ball Lightning","FTL"],"picked":"Barrage","floor":14},{"not_picked":["Buffer","Rainbow"],"picked":"Biased Cognition","floor":16},{"not_picked":["Hologram","Force Field"],"picked":"Coolheaded+1","floor":18},{"not_picked":["Steam","Barrage","Coolheaded"],"picked":"SKIP","floor":21},{"not_picked":["Streamline","Sweeping Beam"],"picked":"Tempest","floor":22},{"not_picked":["Glacier","Sweeping Beam"],"picked":"Consume","floor":25},{"not_picked":["Heatsinks","Rebound","Barrage"],"picked":"SKIP","floor":27},{"not_picked":["Aggregate+1","Rebound","Cold Snap"],"picked":"SKIP","floor":28},{"not_picked":["Sweeping Beam","Cold Snap"],"picked":"Creative AI","floor":31}],"player_experience":393178,"relics_obtained":[{"floor":7,"key":"Ginger"},{"floor":9,"key":"Gremlin Horn"},{"floor":14,"key":"Boot"},{"floor":26,"key":"Toxic Egg 2"}],"event_choices":[{"damage_healed":23,"gold_gain":0,"player_choice":"Banana","damage_taken":0,"max_hp_gain":0,"max_hp_loss":0,"event_name":"Big Fish","floor":5,"gold_loss":0},{"damage_healed":0,"gold_gain":0,"player_choice":"Entered Light","damage_taken":21,"max_hp_gain":0,"max_hp_loss":0,"event_name":"Shining Light","floor":10,"gold_loss":0,"cards_upgraded":["Strike_B","Defend_B"]},{"cards_removed":["Strike_B"],"damage_healed":0,"gold_gain":0,"player_choice":"Offered Basic","damage_taken":0,"max_hp_gain":0,"max_hp_loss":0,"event_name":"Bonfire Elementals","floor":11,"gold_loss":0},{"damage_healed":14,"gold_gain":0,"player_choice":"Heal","damage_taken":0,"max_hp_gain":0,"max_hp_loss":0,"event_name":"The Library","floor":19,"gold_loss":0},{"damage_healed":0,"gold_gain":50,"player_choice":"Stole From Cult","damage_taken":0,"max_hp_gain":0,"max_hp_loss":0,"event_name":"Nest","floor":20,"gold_loss":0},{"damage_healed":0,"gold_gain":0,"player_choice":"Obtained Relic","damage_taken":0,"relics_obtained":["Strawberry"],"max_hp_gain":0,"max_hp_loss":0,"event_name":"Addict","floor":24,"gold_loss":85},{"cards_removed":["Strike_B"],"damage_healed":0,"gold_gain":0,"player_choice":"Gave Gold","damage_taken":0,"max_hp_gain":0,"max_hp_loss":0,"event_name":"Beggar","floor":30,"gold_loss":75}],"is_beta":false,"boss_relics":[{"not_picked":["Runic Pyramid","Tiny House"],"picked":"Inserter"}],"items_purged_floors":[],"is_endless":false,"potions_floor_spawned":[1,7,14,21,25],"killed_by":"Automaton","ascension_level":17}