{"gold_per_floor":[215,165,182,199,77,77,105,105,105,105,205,237,253,283,283,387,387,370,387,41,41,5,31,31,57,57,76,76,95,95,121,121,226,226,237,36,48,1047,1047],"floor_reached":39,"playtime":1687,"items_purged":["Strike_R","Defend_R","Defend_R"],"score":678,"play_id":"a51a1fba-68da-49b8-873a-cdec3d5e0297","local_time":"20190522200440","is_ascension_mode":true,"campfire_choices":[{"data":"Bash","floor":6,"key":"SMITH"},{"floor":8,"key":"REST"},{"data":"Shockwave","floor":10,"key":"SMITH"},{"floor":15,"key":"REST"},{"floor":24,"key":"REST"},{"floor":30,"key":"REST"},{"floor":32,"key":"REST"}],"neow_cost":"NONE","seed_source_timestamp":681836014561138,"circlet_count":0,"master_deck":["AscendersBane","Strike_R","Strike_R","Strike_R","Defend_R","Defend_R","Bash+1","Shockwave+1","Headbutt","Headbutt","Havoc","Anger","Disarm","Armaments","Demon Form+1","Power Through+1","Feel No Pain+1","Rampage","Hemokinesis+1","Clothesline","Thunderclap+1","Battle Trance","Limit Break","True Grit","Heavy Blade","Flame Barrier","Normality","Normality"],"relics":["Burning Blood","Pantograph","Orichalcum","Frozen Egg 2","Calipers","Runic Cube","Mummified Hand","CultistMask","Bag of Preparation","Red Mask","Dead Branch","Shuriken","Velvet Choker"],"potions_floor_usage":[12,16,23,25,29,29,29,31],"damage_taken":[{"damage":14,"enemies":"Jaw Worm","floor":1,"turns":3},{"damage":5,"enemies":"Small Slimes","floor":3,"turns":5},{"damage":6,"enemies":"Cultist","floor":4,"turns":4},{"damage":55,"enemies":"3 Sentries","floor":7,"turns":11},{"damage":15,"enemies":"Lagavulin","floor":12,"turns":6},{"damage":16,"enemies":"Exordium Thugs","floor":13,"turns":4},{"damage":12,"enemies":"Gremlin Nob","floor":14,"turns":4},{"damage":32,"enemies":"Hexaghost","floor":16,"turns":11},{"damage":23,"enemies":"2 Thieves","floor":18,"turns":4},{"damage":18,"enemies":"Spheric Guardian","floor":19,"turns":5},{"damage":33,"enemies":"Book of Stabbing","floor":23,"turns":6},{"damage":19,"enemies":"Masked Bandits","floor":25,"turns":4},{"damage":11,"enemies":"3 Cultists","floor":27,"turns":4},{"damage":19,"enemies":"Shelled Parasite and Fungi","floor":29,"turns":5},{"damage":29,"enemies":"Slavers","floor":31,"turns":7},{"damage":45,"enemies":"Collector","floor":33,"turns":7},{"damage":21,"enemies":"Orb Walker","floor":35,"turns":4},{"damage":18,"enemies":"3 Shapes","floor":37,"turns":5},{"damage":43,"enemies":"Writhing Mass","floor":39,"turns":3}],"seed_played":"-5082390447410368168","potions_obtained":[{"floor":1,"key":"EntropicBrew"},{"floor":4,"key":"Weak Potion"},{"floor":7,"key":"Poison Potion"},{"floor":13,"key":"FearPotion"},{"floor":18,"key":"BloodPotion"},{"floor":23,"key":"PowerPotion"},{"floor":29,"key":"FearPotion"}],"is_trial":false,"path_per_floor":["M","?","M","M","$","R","E","R","T","R","?","E","M","E","R","B",null,"M","M","$","?","$","E","R","?","T","M","?","M","R","E","R","B",null,"M","$","M","?","M"],"character_chosen":"IRONCLAD","items_purchased":["Havoc","Mummified Hand","Rampage","True Grit","Heavy Blade"],"campfire_rested":5,"item_purchase_floors":[5,20,22,36,36],"current_hp_per_floor":[64,64,65,65,65,65,16,40,40,40,40,31,21,15,39,38,70,53,41,41,41,41,22,46,33,33,28,28,15,39,16,40,26,67,52,52,40,40,0],"gold":1047,"neow_bonus":"HUNDRED_GOLD","is_prod":false,"is_daily":false,"chose_seed":false,"campfire_upgraded":2,"win_rate":0,"timestamp":1558569880,"path_taken":["M","?","M","M","$","R","E","R","T","R","?","E","M","E","R","BOSS","M","M","$","?","?","E","R","?","T","M","?","M","R","E","R","BOSS","M","$","M","?","M"],"build_version":"2019-01-23","purchased_purges":3,"victory":false,"max_hp_per_floor":[80,80,80,80,80,80,80,80,80,80,80,80,80,80,80,80,80,80,80,80,80,80,80,80,80,80,80,80,80,80,80,80,80,80,80,80,80,80,80],"card_choices":[{"not_picked":["Sever Soul","Second Wind"],"picked":"Shockwave","floor":1},{"not_picked":["Twin Strike","Sword Boomerang"],"picked":"Headbutt","floor":3},{"not_picked":["Flex","Corruption"],"picked":"Headbutt","floor":4},{"not_picked":["True Grit","Rage"],"picked":"Anger","floor":7},{"not_picked":["Iron Wave","Infernal Blade"],"picked":"Disarm","floor":12},{"not_picked":["Perfected Strike","Seeing Red","Dropkick"],"picked":"SKIP","floor":13},{"not_picked":["Cleave","Body Slam"],"picked":"Armaments","floor":14},{"not_picked":["Reaper","Offering"],"picked":"Demon Form+1","floor":16},{"not_picked":["Warcry","Ghostly Armor"],"picked":"Power Through+1","floor":18},{"not_picked":["Seeing Red","Body Slam"],"picked":"Feel No Pain+1","floor":19},{"not_picked":["Shockwave","Flex"],"picked":"Hemokinesis+1","floor":23},{"not_picked":["Cleave+1","Seeing Red"],"picked":"Clothesline","floor":27},{"not_picked":["Clothesline","Heavy Blade+1"],"picked":"Thunderclap+1","floor":29},{"not_picked":["Pummel","Armaments+1"],"picked":"Battle Trance","floor":31},{"not_picked":["Double Tap","Bludgeon"],"picked":"Limit Break","floor":33},{"not_picked":["Power Through","Cleave","Iron Wave"],"picked":"SKIP","floor":35},{"not_picked":["Pommel Strike+1","Armaments"],"picked":"Flame Barrier","floor":37}],"player_experience":408131,"relics_obtained":[{"floor":7,"key":"Pantograph"},{"floor":9,"key":"Orichalcum"},{"floor":12,"key":"Frozen Egg 2"},{"floor":14,"key":"Calipers"},{"floor":23,"key":"Bag of Preparation"},{"floor":25,"key":"Red Mask"},{"floor":26,"key":"Dead Branch"},{"floor":31,"key":"Shuriken"}],"event_choices":[{"cards_removed":["Strike_R"],"damage_healed":0,"gold_gain":0,"player_choice":"Card Removal","damage_taken":0,"max_hp_gain":0,"max_hp_loss":0,"event_name":"The Cleric","floor":2,"gold_loss":50},{"damage_healed":0,"gold_gain":100,"player_choice":"Pray","damage_taken":0,"max_hp_gain":0,"max_hp_loss":0,"event_name":"Golden Shrine","floor":11,"gold_loss":0},{"damage_healed":0,"gold_gain":0,"player_choice":"Trade","damage_taken":0,"relics_obtained":["CultistMask"],"max_hp_gain":0,"max_hp_loss":0,"event_name":"FaceTrader","floor":21,"gold_loss":0},{"damage_healed":0,"gold_gain":0,"player_choice":"Fought Bandits","damage_taken":0,"max_hp_gain":0,"max_hp_loss":0,"event_name":"Masked Bandits","floor":25,"gold_loss":0},{"damage_healed":0,"gold_gain":0,"player_choice":"Ignored","damage_taken":0,"max_hp_gain":0,"max_hp_loss":0,"event_name":"Ghosts","floor":28,"gold_loss":0},{"damage_healed":0,"gold_gain":999,"player_choice":"Gold","damage_taken":0,"max_hp_gain":0,"max_hp_loss":0,"event_name":"MindBloom","floor":38,"gold_loss":0,"cards_obtained":["Normality","Normality"]}],"is_beta":false,"boss_relics":[{"not_picked":["Fusion Hammer","Runic Pyramid"],"picked":"Runic Cube"},{"not_picked":["Eternal Feather","Busted Crown"],"picked":"Velvet Choker"}],"items_purged_floors":[5,20,36],"is_endless":false,"potions_floor_spawned":[1,4,7,13,18,23,29],"killed_by":"Writhing Mass","ascension_level":10}