{"gold_per_floor":[110,120,136,36,47,47,62,97,124,9,44,64,64,75,75,174,174,191,191,208,11,110,126,126],"floor_reached":24,"playtime":978,"items_purged":["Pain"],"score":231,"play_id":"013d7988-3123-4dc3-8077-7f3b977d4d7d","local_time":"20190114221930","is_ascension_mode":true,"campfire_choices":[{"floor":6,"key":"REST"},{"floor":13,"key":"REST"},{"floor":15,"key":"REST"}],"neow_cost":"CURSE","seed_source_timestamp":534113202563943,"circlet_count":0,"master_deck":["Defend_G","Defend_G","Defend_G","Defend_G","Defend_G","Strike_G","Strike_G","Strike_G","Strike_G","Strike_G","Survivor","Neutralize","Dodge and Roll","Noxious Fumes","Poisoned Stab","Poisoned Stab","Noxious Fumes","Crippling Poison","Adrenaline","Noxious Fumes","Acrobatics","Bane","Outmaneuver","Prepared","Adrenaline","Reflex","Blur","Blur","Acrobatics","Dash"],"relics":["Ring of the Snake","The Specimen","Paper Crane","Snake Skull","Art of War","Sozu","Blood Vial"],"potions_floor_usage":[11,18,24],"damage_taken":[{"damage":6,"enemies":"Cultist","floor":1,"turns":5},{"damage":4,"enemies":"2 Louse","floor":2,"turns":3},{"damage":6,"enemies":"Small Slimes","floor":3,"turns":4},{"damage":7,"enemies":"Exordium Wildlife","floor":5,"turns":5},{"damage":2,"enemies":"3 Louse","floor":7,"turns":3},{"damage":21,"enemies":"Gremlin Nob","floor":8,"turns":4},{"damage":19,"enemies":"3 Sentries","floor":11,"turns":5},{"damage":9,"enemies":"Large Slime","floor":12,"turns":5},{"damage":2,"enemies":"2 Fungi Beasts","floor":14,"turns":3},{"damage":36,"enemies":"Slime Boss","floor":16,"turns":8},{"damage":8,"enemies":"2 Thieves","floor":18,"turns":4},{"damage":12,"enemies":"Spheric Guardian","floor":20,"turns":4},{"damage":23,"enemies":"Snake Plant","floor":23,"turns":5},{"damage":34,"enemies":"Slavers","floor":24,"turns":3}],"seed_played":"-8510514236199042319","potions_obtained":[{"floor":1,"key":"GamblersBrew"},{"floor":5,"key":"FearPotion"},{"floor":8,"key":"Poison Potion"},{"floor":12,"key":"SteroidPotion"}],"is_trial":false,"path_per_floor":["M","M","M","$","M","R","M","E","T","$","E","M","R","M","R","B",null,"M","?","M","$","?","M","E"],"character_chosen":"THE_SILENT","items_purchased":["Poisoned Stab","Noxious Fumes","Acrobatics","Blood Vial","Acrobatics"],"campfire_rested":3,"item_purchase_floors":[4,10,10,21,21],"current_hp_per_floor":[64,60,54,54,47,68,66,45,45,45,26,17,38,36,57,21,70,62,62,50,50,50,29,0],"gold":126,"neow_bonus":"ONE_RARE_RELIC","is_prod":false,"is_daily":false,"chose_seed":false,"campfire_upgraded":0,"win_rate":0,"timestamp":1547522370,"path_taken":["M","M","?","$","M","R","M","E","T","$","E","M","R","M","R","BOSS","M","?","M","$","?","M","E"],"build_version":"2019-01-10","purchased_purges":1,"victory":false,"max_hp_per_floor":[70,70,70,70,70,70,70,70,70,70,70,70,70,70,70,70,70,70,70,70,70,70,70,70],"card_choices":[{"not_picked":["Flying Knee","Bane"],"picked":"Dodge and Roll","floor":1},{"not_picked":["Bane","Blade Dance"],"picked":"Noxious Fumes","floor":2},{"not_picked":["Sucker Punch","Flying Knee"],"picked":"Poisoned Stab","floor":3},{"not_picked":["Dash","Underhanded Strike"],"picked":"Noxious Fumes","floor":5},{"not_picked":["Riddle With Holes","Accuracy"],"picked":"Crippling Poison","floor":7},{"not_picked":["Dagger Throw","Flying Knee"],"picked":"Adrenaline","floor":8},{"not_picked":["Predator","Underhanded Strike"],"picked":"Bane","floor":11},{"not_picked":["Accuracy","Terror"],"picked":"Outmaneuver","floor":12},{"not_picked":["Bane","PiercingWail"],"picked":"Prepared","floor":14},{"not_picked":["Grand Finale","Burst"],"picked":"Adrenaline","floor":16},{"not_picked":["Skewer","Underhanded Strike"],"picked":"Reflex","floor":18},{"not_picked":["Outmaneuver+1","Terror"],"picked":"Blur","floor":20},{"not_picked":["Bane+1","Flying Knee"],"picked":"Dash","floor":23}],"player_experience":267938,"relics_obtained":[{"floor":8,"key":"Paper Crane"},{"floor":9,"key":"Snake Skull"},{"floor":11,"key":"Art of War"}],"event_choices":[{"damage_healed":0,"gold_gain":0,"player_choice":"Read","damage_taken":0,"max_hp_gain":0,"max_hp_loss":0,"event_name":"The Library","floor":19,"gold_loss":0,"cards_obtained":["Blur"]},{"damage_healed":0,"gold_gain":99,"player_choice":"Stole From Cult","damage_taken":0,"max_hp_gain":0,"max_hp_loss":0,"event_name":"Nest","floor":22,"gold_loss":0}],"is_beta":false,"boss_relics":[{"not_picked":["Philosopher\u0027s Stone","Velvet Choker"],"picked":"Sozu"}],"items_purged_floors":[4],"is_endless":false,"potions_floor_spawned":[1,5,8,12,18,23],"killed_by":"Slavers","ascension_level":2}