{"gold_per_floor":[119,130,130,145,161,161,161,192,192,226,226,241,255,270,270,375,375,388,31,31,41,53,117,117,142,169,169,184,201,219,219,219,317,317,329,329,346,100,112,145,145,176,176,202,14,69,45,65,65,65],"floor_reached":50,"playtime":2463,"items_purged":["Strike_G","Strike_G"],"score":722,"play_id":"6b2c7a31-0376-4b41-a0df-0d6dd692c99d","local_time":"20190818102503","is_ascension_mode":true,"campfire_choices":[{"data":"Neutralize","floor":6,"key":"SMITH"},{"data":"Poisoned Stab","floor":11,"key":"SMITH"},{"data":"Infinite Blades","floor":15,"key":"SMITH"},{"data":"Accuracy","floor":24,"key":"SMITH"},{"data":"Accuracy","floor":27,"key":"SMITH"},{"data":"Cloak And Dagger","floor":32,"key":"SMITH"},{"data":"A Thousand Cuts","floor":41,"key":"SMITH"},{"floor":49,"key":"RECALL"}],"neow_cost":"NONE","seed_source_timestamp":524909992982276,"circlet_count":0,"master_deck":["Strike_G","Strike_G","Strike_G","Defend_G","Defend_G","Defend_G","Defend_G","Defend_G","Survivor","Neutralize+1","Dash","Accuracy+1","Poisoned Stab+1","Dodge and Roll","After Image","PiercingWail","Infinite Blades+1","Caltrops","Cloak And Dagger+1","Corpse Explosion","Finisher","Accuracy+1","Infinite Blades+1","Dodge and Roll","Bouncing Flask+1","Blade Dance","All Out Attack","Calculated Gamble","A Thousand Cuts+1","Dagger Throw+1","Envenom","Parasite","Crippling Poison","Acrobatics"],"relics":["Ring of the Snake","Bag of Marbles","Bird Faced Urn","Blue Candle","Bag of Preparation","Philosopher\u0027s Stone","Toolbox","Tiny Chest","FossilizedHelix","Blood Vial","Cursed Key","PreservedInsect","Strawberry","Boot","Anchor","Bronze Scales","Girya"],"potions_floor_usage":[8,16,22,23,25,33,40,42,50,50],"damage_taken":[{"damage":0,"enemies":"Small Slimes","floor":1,"turns":3},{"damage":0,"enemies":"2 Louse","floor":2,"turns":3},{"damage":0,"enemies":"Cultist","floor":4,"turns":4},{"damage":0,"enemies":"Red Slaver","floor":5,"turns":3},{"damage":12,"enemies":"Gremlin Nob","floor":8,"turns":5},{"damage":27,"enemies":"Lagavulin","floor":10,"turns":10},{"damage":9,"enemies":"3 Louse","floor":12,"turns":4},{"damage":4,"enemies":"Exordium Thugs","floor":13,"turns":6},{"damage":2,"enemies":"Blue Slaver","floor":14,"turns":4},{"damage":18,"enemies":"Slime Boss","floor":16,"turns":10},{"damage":25,"enemies":"2 Thieves","floor":18,"turns":3},{"damage":5,"enemies":"Spheric Guardian","floor":21,"turns":4},{"damage":10,"enemies":"Snecko","floor":22,"turns":4},{"damage":14,"enemies":"Book of Stabbing","floor":23,"turns":5},{"damage":37,"enemies":"Slavers","floor":25,"turns":5},{"damage":24,"enemies":"Centurion and Healer","floor":28,"turns":5},{"damage":0,"enemies":"Snake Plant","floor":29,"turns":4},{"damage":0,"enemies":"Snecko","floor":30,"turns":5},{"damage":18,"enemies":"Champ","floor":33,"turns":9},{"damage":10,"enemies":"Orb Walker","floor":35,"turns":3},{"damage":0,"enemies":"3 Shapes","floor":37,"turns":2},{"damage":28,"enemies":"Jaw Worm Horde","floor":39,"turns":3},{"damage":0,"enemies":"Giant Head","floor":40,"turns":6},{"damage":0,"enemies":"Nemesis","floor":42,"turns":5},{"damage":25,"enemies":"Reptomancer","floor":44,"turns":4},{"damage":54,"enemies":"2 Orb Walkers","floor":46,"turns":4},{"damage":5,"enemies":"3 Darklings","floor":48,"turns":4},{"damage":58,"enemies":"Time Eater","floor":50,"turns":6}],"seed_played":"8022678607513091358","potions_obtained":[{"floor":1,"key":"FearPotion"},{"floor":5,"key":"Ancient Potion"},{"floor":8,"key":"SmokeBomb"},{"floor":12,"key":"Poison Potion"},{"floor":18,"key":"EssenceOfSteel"},{"floor":21,"key":"AttackPotion"},{"floor":22,"key":"FearPotion"},{"floor":29,"key":"SkillPotion"},{"floor":33,"key":"FearPotion"},{"floor":35,"key":"LiquidBronze"},{"floor":40,"key":"SkillPotion"},{"floor":44,"key":"Dexterity Potion"}],"is_trial":false,"path_per_floor":["M","M","?","M","M","R","?","E","T","E","R","M","M","M","R","B",null,"M","$","?","M","M","E","R","E","T","R","M","M","M","?","R","B",null,"M","?","M","$","M","E","R","E","T","E","$","?","$","M","R","B"],"character_chosen":"THE_SILENT","items_purchased":["Accuracy","Toolbox","PreservedInsect","Bronze Scales","Crippling Poison","Acrobatics"],"campfire_rested":0,"item_purchase_floors":[19,19,38,45,45,47],"current_hp_per_floor":[77,77,82,82,82,82,82,70,70,47,47,40,42,44,44,34,82,59,59,59,64,62,60,60,35,35,35,25,37,47,47,47,45,82,72,72,78,78,52,75,75,85,85,66,66,24,24,31,31,0],"gold":65,"neow_bonus":"TEN_PERCENT_HP_BONUS","is_prod":false,"is_daily":false,"chose_seed":false,"campfire_upgraded":7,"win_rate":0,"timestamp":1566141903,"path_taken":["M","M","?","M","M","R","?","E","T","E","R","M","M","M","R","BOSS","M","$","?","M","M","E","R","E","T","R","M","?","M","?","R","BOSS","M","?","M","$","M","E","R","E","T","E","$","?","?","M","R","BOSS"],"build_version":"2019-07-17","purchased_purges":2,"victory":false,"max_hp_per_floor":[77,77,82,82,82,82,82,82,82,82,82,82,82,82,82,82,82,82,82,82,82,82,82,82,82,82,82,82,82,82,82,82,82,82,82,78,78,78,78,85,85,85,85,85,85,85,85,85,85,85],"card_choices":[{"not_picked":["Flying Knee","Dagger Throw"],"picked":"Dash","floor":1},{"not_picked":["Blade Dance","Backflip"],"picked":"Accuracy","floor":2},{"not_picked":["Underhanded Strike","Backflip"],"picked":"Poisoned Stab","floor":4},{"not_picked":["Underhanded Strike","Heel Hook"],"picked":"Dodge and Roll","floor":5},{"not_picked":["Footwork","Outmaneuver"],"picked":"After Image","floor":8},{"not_picked":["Expertise","Deflect"],"picked":"PiercingWail","floor":10},{"not_picked":["Finisher","Escape Plan"],"picked":"Infinite Blades","floor":12},{"not_picked":["PiercingWail","Dodge and Roll"],"picked":"Caltrops","floor":13},{"not_picked":["Underhanded Strike","Dash"],"picked":"Cloak And Dagger","floor":14},{"not_picked":["Glass Knife","After Image"],"picked":"Corpse Explosion","floor":16},{"not_picked":["Acrobatics","Distraction"],"picked":"Finisher","floor":18},{"not_picked":["Underhanded Strike","Predator","Bane+1"],"picked":"SKIP","floor":21},{"not_picked":["Predator","Deadly Poison"],"picked":"Dodge and Roll","floor":22},{"not_picked":["Dagger Spray","Calculated Gamble"],"picked":"Bouncing Flask+1","floor":23},{"not_picked":["Accuracy","Underhanded Strike+1"],"picked":"Blade Dance","floor":25},{"not_picked":["Prepared","Dagger Spray"],"picked":"All Out Attack","floor":28},{"not_picked":["PiercingWail","Bouncing Flask","Eviscerate"],"picked":"SKIP","floor":29},{"not_picked":["Underhanded Strike","Flying Knee+1","Glass Knife"],"picked":"SKIP","floor":30},{"not_picked":["Burst","Malaise"],"picked":"A Thousand Cuts","floor":33},{"not_picked":["Bane+1","Deflect+1"],"picked":"Dagger Throw+1","floor":35},{"not_picked":["Prepared+1","Poisoned Stab","Slice"],"picked":"SKIP","floor":37},{"not_picked":["Sucker Punch","Flying Knee+1","Poisoned Stab+1"],"picked":"SKIP","floor":39},{"not_picked":["Prepared","Sucker Punch+1","Deflect"],"picked":"SKIP","floor":40},{"not_picked":["Dash","Cloak And Dagger"],"picked":"Envenom","floor":42},{"not_picked":["Flechettes+1","Noxious Fumes","Underhanded Strike+1"],"picked":"SKIP","floor":44},{"not_picked":["Prepared+1","Poisoned Stab","Noxious Fumes+1"],"picked":"SKIP","floor":48}],"player_experience":159735,"relics_obtained":[{"floor":7,"key":"Bag of Marbles"},{"floor":8,"key":"Bird Faced Urn"},{"floor":9,"key":"Blue Candle"},{"floor":10,"key":"Bag of Preparation"},{"floor":23,"key":"Tiny Chest"},{"floor":25,"key":"FossilizedHelix"},{"floor":26,"key":"Blood Vial"},{"floor":40,"key":"Strawberry"},{"floor":42,"key":"Boot"},{"floor":44,"key":"Anchor"},{"floor":46,"key":"Girya"}],"event_choices":[{"damage_healed":0,"gold_gain":0,"player_choice":"Donut","damage_taken":0,"max_hp_gain":5,"max_hp_loss":0,"event_name":"Big Fish","floor":3,"gold_loss":0},{"damage_healed":0,"gold_gain":0,"player_choice":"Relic","damage_taken":0,"max_hp_gain":0,"max_hp_loss":0,"event_name":"Wheel of Change","floor":7,"gold_loss":0},{"damage_healed":0,"gold_gain":0,"player_choice":"Copied","damage_taken":0,"max_hp_gain":0,"max_hp_loss":0,"event_name":"Duplicator","floor":20,"gold_loss":0,"cards_obtained":["Infinite Blades"]},{"damage_healed":0,"gold_gain":0,"player_choice":"Read","damage_taken":0,"max_hp_gain":0,"max_hp_loss":0,"event_name":"The Library","floor":31,"gold_loss":0,"cards_obtained":["Calculated Gamble"]},{"damage_healed":0,"gold_gain":0,"player_choice":"Max HP","damage_taken":0,"max_hp_gain":0,"max_hp_loss":4,"event_name":"Winding Halls","floor":36,"gold_loss":0},{"damage_healed":0,"gold_gain":0,"player_choice":"Fight","damage_taken":0,"max_hp_gain":0,"max_hp_loss":0,"event_name":"Mysterious Sphere","floor":46,"gold_loss":0}],"is_beta":false,"boss_relics":[{"not_picked":["Busted Crown","Astrolabe"],"picked":"Philosopher\u0027s Stone"},{"not_picked":["White Beast Statue","Coffee Dripper"],"picked":"Cursed Key"}],"items_purged_floors":[19,38],"is_endless":false,"potions_floor_spawned":[1,5,8,12,18,21,22,29,33,35,40,44],"killed_by":"Time Eater","ascension_level":2}