{"gold_per_floor":[119,137,150,150,15,15,49,49,99,134,147,222,222,234,234,308,308,320,320,331,331,346,346,346,378,404,604,604,615,647,658,658,731,731,742,742,742,742,756,756,785,785,785,819,872,883,401,418,418,418,418,418,418,5,36,36],"floor_reached":57,"playtime":3588,"items_purged":["Writhe"],"score":2841,"play_id":"Baalorlord-f53d7605","local_time":"20190622143902","is_ascension_mode":true,"campfire_choices":[{"data":"Deadly Poison","floor":6,"key":"SMITH"},{"data":"Well Laid Plans","floor":8,"key":"SMITH"},{"data":"Crippling Poison","floor":13,"key":"SMITH"},{"floor":15,"key":"REST"},{"floor":23,"key":"REST"},{"data":"Burst","floor":28,"key":"SMITH"},{"data":"Noxious Fumes","floor":32,"key":"SMITH"},{"data":"Expertise","floor":40,"key":"SMITH"},{"floor":42,"key":"RECALL"},{"floor":49,"key":"DIG"},{"floor":53,"key":"DIG"}],"neow_cost":"NONE","seed_source_timestamp":328811154955000,"circlet_count":0,"master_deck":["AscendersBane","Defend_G+1","Defend_G+1","Defend_G+1","Defend_G+1","Defend_G+1","Strike_G+1","Strike_G+1","Strike_G+1","Strike_G+1","Strike_G+1","Survivor","Neutralize","Flying Knee+1","Dagger Spray","Deadly Poison+1","Backflip","Crippling Poison+1","Burst+1","Prepared+1","Noxious Fumes+1","PiercingWail","Deflect","Catalyst+1","Expertise+1","Backflip+1","Corpse Explosion","Footwork","Master of Strategy","Acrobatics","Dodge and Roll","Footwork"],"relics":["Ring of the Snake","Snake Skull","Bag of Preparation","Bag of Marbles","Singing Bowl","Runic Pyramid","Oddly Smooth Stone","Bottled Tornado","Turnip","HoveringKite","Art of War","Pantograph","Shovel","Incense Burner","Pen Nib","Ornamental Fan","Torii","Boot"],"potions_floor_usage":[7,18,22,44,45,56,56],"damage_taken":[{"damage":2,"enemies":"Jaw Worm","floor":1,"turns":5},{"damage":0,"enemies":"Small Slimes","floor":2,"turns":4},{"damage":0,"enemies":"2 Louse","floor":3,"turns":2},{"damage":13,"enemies":"Lagavulin","floor":7,"turns":8},{"damage":6,"enemies":"Gremlin Nob","floor":10,"turns":3},{"damage":1,"enemies":"Red Slaver","floor":11,"turns":3},{"damage":0,"enemies":"2 Fungi Beasts","floor":14,"turns":2},{"damage":27,"enemies":"Slime Boss","floor":16,"turns":9},{"damage":0,"enemies":"Spheric Guardian","floor":18,"turns":3},{"damage":4,"enemies":"Chosen","floor":20,"turns":4},{"damage":12,"enemies":"Snake Plant","floor":22,"turns":5},{"damage":24,"enemies":"Slavers","floor":25,"turns":3},{"damage":0,"enemies":"Snecko","floor":29,"turns":5},{"damage":12,"enemies":"Book of Stabbing","floor":30,"turns":6},{"damage":0,"enemies":"Centurion and Healer","floor":31,"turns":7},{"damage":1,"enemies":"Champ","floor":33,"turns":8},{"damage":5,"enemies":"Orb Walker","floor":35,"turns":3},{"damage":7,"enemies":"3 Darklings","floor":39,"turns":5},{"damage":0,"enemies":"Giant Head","floor":41,"turns":4},{"damage":0,"enemies":"Reptomancer","floor":44,"turns":4},{"damage":9,"enemies":"2 Orb Walkers","floor":45,"turns":5},{"damage":0,"enemies":"Jaw Worm Horde","floor":46,"turns":3},{"damage":0,"enemies":"Transient","floor":48,"turns":6},{"damage":9,"enemies":"Donu and Deca","floor":50,"turns":4},{"damage":10,"enemies":"Time Eater","floor":51,"turns":9},{"damage":2,"enemies":"Shield and Spear","floor":55,"turns":6},{"damage":18,"enemies":"The Heart","floor":56,"turns":7}],"seed_played":"-8019223727583356826","potions_obtained":[{"floor":1,"key":"Regen Potion"},{"floor":7,"key":"Dexterity Potion"},{"floor":10,"key":"Poison Potion"},{"floor":25,"key":"SpeedPotion"},{"floor":30,"key":"Fire Potion"},{"floor":45,"key":"PowerPotion"}],"is_trial":false,"path_per_floor":["M","M","M","?","$","R","E","R","T","E","M","?","R","M","R","B",null,"M","?","M","?","M","R","?","E","T","?","R","M","E","M","R","B",null,"M","?","?","?","M","R","E","R","T","E","?","M","$","M","R","B","B",null,"R","$","E","B",null],"character_chosen":"THE_SILENT","items_purchased":["Well Laid Plans","Backflip","Footwork","GhostInAJar","Master of Strategy","Acrobatics","Torii","Footwork"],"campfire_rested":2,"item_purchase_floors":[5,5,47,47,47,47,54,54],"current_hp_per_floor":[57,57,57,37,37,37,39,39,39,33,34,23,23,25,46,19,57,57,37,35,35,23,46,46,22,22,22,22,24,12,12,12,13,64,59,75,75,75,68,68,70,70,70,72,63,65,65,65,65,78,77,85,85,85,85,71],"gold":36,"neow_bonus":"RANDOM_COMMON_RELIC","is_prod":false,"is_daily":false,"chose_seed":false,"campfire_upgraded":6,"win_rate":0,"timestamp":1561228742,"path_taken":["M","M","M","?","$","R","E","R","T","E","M","?","R","M","R","BOSS","M","?","M","?","?","R","?","E","T","?","R","?","E","M","R","BOSS","M","?","?","?","M","R","E","R","T","E","?","M","$","M","R","BOSS","BOSS","R","$","E","BOSS"],"build_version":"2019-01-23","purchased_purges":1,"victory":true,"max_hp_per_floor":[66,66,66,66,66,66,66,66,66,66,68,68,68,70,70,70,70,70,75,77,77,77,77,77,77,77,77,77,79,79,79,79,81,81,81,81,81,81,81,81,83,83,83,85,85,87,87,87,87,87,87,87,87,87,89,89],"card_choices":[{"not_picked":["Infinite Blades","Bane"],"picked":"Flying Knee","floor":1},{"not_picked":["Flying Knee","Slice"],"picked":"Dagger Spray","floor":2},{"not_picked":["Storm of Steel","Acrobatics"],"picked":"Deadly Poison","floor":3},{"not_picked":["Heel Hook","Blur"],"picked":"All Out Attack","floor":7},{"not_picked":["Dagger Spray","Blade Dance"],"picked":"Crippling Poison","floor":10},{"not_picked":["Slice","Prepared","Tactician"],"picked":"Singing Bowl","floor":11},{"not_picked":["Dagger Throw","Slice","Dodge and Roll"],"picked":"Singing Bowl","floor":14},{"not_picked":["Bullet Time","Envenom"],"picked":"Burst","floor":16},{"not_picked":["Deflect","Cloak And Dagger"],"picked":"Prepared+1","floor":18},{"not_picked":["Heel Hook","Dagger Spray","Dodge and Roll"],"picked":"Singing Bowl","floor":20},{"not_picked":["All Out Attack","Flying Knee"],"picked":"Noxious Fumes","floor":22},{"not_picked":["Venomology","Heel Hook+1"],"picked":"PiercingWail","floor":25},{"not_picked":["Bane","Flying Knee","Sucker Punch"],"picked":"Singing Bowl","floor":29},{"not_picked":["Dagger Spray","Cloak And Dagger"],"picked":"Deflect","floor":30},{"not_picked":["Prepared","Backflip"],"picked":"Catalyst+1","floor":31},{"not_picked":["Glass Knife","Burst","Envenom"],"picked":"Singing Bowl","floor":33},{"not_picked":["Sucker Punch","Deadly Poison"],"picked":"Expertise","floor":35},{"not_picked":["Bane","Blade Dance"],"picked":"Backflip+1","floor":39},{"not_picked":["Quick Slash","Deflect","Finisher+1"],"picked":"Singing Bowl","floor":41},{"not_picked":["Heel Hook+1","Well Laid Plans+1","Sucker Punch"],"picked":"Singing Bowl","floor":44},{"not_picked":["Flying Knee","Blade Dance"],"picked":"Corpse Explosion","floor":45},{"not_picked":["Well Laid Plans","Dagger Spray","Bane"],"picked":"Singing Bowl","floor":46},{"not_picked":["Prepared","Deadly Poison"],"picked":"Dodge and Roll","floor":48},{"not_picked":["Outmaneuver","Choke","Dagger Spray+1"],"picked":"Singing Bowl","floor":55}],"player_experience":2144084,"relics_obtained":[{"floor":7,"key":"Bag of Preparation"},{"floor":9,"key":"Bag of Marbles"},{"floor":10,"key":"Singing Bowl"},{"floor":25,"key":"Bottled Tornado"},{"floor":30,"key":"Turnip"},{"floor":41,"key":"Art of War"},{"floor":43,"key":"Pantograph"},{"floor":44,"key":"Shovel"},{"floor":45,"key":"Incense Burner"},{"floor":49,"key":"Pen Nib"},{"floor":53,"key":"Ornamental Fan"},{"floor":55,"key":"Boot"}],"event_choices":[{"damage_healed":0,"gold_gain":0,"player_choice":"Entered Light","damage_taken":20,"max_hp_gain":0,"max_hp_loss":0,"event_name":"Shining Light","floor":4,"gold_loss":0,"cards_upgraded":["Flying Knee","Strike_G"]},{"damage_healed":0,"gold_gain":75,"player_choice":"Gather Gold","damage_taken":11,"max_hp_gain":0,"max_hp_loss":0,"event_name":"World of Goop","floor":12,"gold_loss":0},{"damage_healed":0,"gold_gain":0,"player_choice":"Shed Blood","damage_taken":25,"max_hp_gain":5,"max_hp_loss":0,"event_name":"Forgotten Altar","floor":19,"gold_loss":0},{"cards_removed":["All Out Attack"],"damage_healed":0,"gold_gain":0,"player_choice":"Gave Card","damage_taken":0,"relics_obtained":["Oddly Smooth Stone"],"max_hp_gain":0,"max_hp_loss":0,"event_name":"WeMeetAgain","floor":21,"gold_loss":0},{"damage_healed":0,"gold_gain":0,"player_choice":"Simplicity","damage_taken":0,"max_hp_gain":0,"max_hp_loss":0,"event_name":"Back to Basics","floor":24,"gold_loss":0,"cards_upgraded":["Defend_G","Defend_G","Defend_G","Defend_G","Defend_G","Strike_G","Strike_G","Strike_G","Strike_G"]},{"damage_healed":0,"gold_gain":250,"player_choice":"Bet on Owner","damage_taken":0,"max_hp_gain":0,"max_hp_loss":0,"event_name":"The Joust","floor":27,"gold_loss":50},{"damage_healed":16,"gold_gain":0,"player_choice":"Writhe","damage_taken":0,"max_hp_gain":0,"max_hp_loss":0,"event_name":"Winding Halls","floor":36,"gold_loss":0,"cards_obtained":["Writhe"]},{"cards_removed":["Well Laid Plans"],"damage_healed":0,"gold_gain":0,"player_choice":"Removed Power","damage_taken":0,"max_hp_gain":0,"max_hp_loss":0,"event_name":"Falling","floor":37,"gold_loss":0},{"damage_healed":0,"gold_gain":0,"player_choice":"Ignored","damage_taken":0,"max_hp_gain":0,"max_hp_loss":0,"event_name":"Tomb of Lord Red Mask","floor":38,"gold_loss":0},{"damage_healed":0,"gold_gain":0,"player_choice":"Fight","damage_taken":0,"max_hp_gain":0,"max_hp_loss":0,"event_name":"Mysterious Sphere","floor":45,"gold_loss":0}],"is_beta":false,"boss_relics":[{"not_picked":["Ectoplasm","Philosopher\u0027s Stone"],"picked":"Runic Pyramid"},{"not_picked":["Sozu","Ring of the Serpent"],"picked":"HoveringKite"}],"items_purged_floors":[47],"is_endless":false,"potions_floor_spawned":[1,7,10,11,16,25,30,35,39,45],"ascension_level":20}