{"gold_per_floor":[19,34,34,50,69,89,89,104,129,160,160,160,103,138,138,138],"floor_reached":16,"playtime":737,"items_purged":[],"score":213,"play_id":"3d3016aa-832c-42e8-9970-d1b8cc7cd7b7","local_time":"20190815191448","is_ascension_mode":true,"campfire_choices":[{"data":"Deadly Poison","floor":7.0,"key":"SMITH"},{"floor":12.0,"key":"REST"},{"data":"Adrenaline","floor":15.0,"key":"SMITH"}],"neow_cost":"NO_GOLD","seed_source_timestamp":157676596351104,"circlet_count":0,"master_deck":["AscendersBane","Strike_G+1","Strike_G","Strike_G","Strike_G","Strike_G+1","Defend_G","Defend_G","Defend_G","Defend_G","Defend_G","Survivor","Neutralize","Deadly Poison+1","Backstab","Cloak And Dagger","PiercingWail","Adrenaline+1","Choke"],"special_seed":0,"relics":["Ring of the Snake","Bird Faced Urn","Golden Idol","Whetstone","WingedGreaves","Boot","Omamori"],"potions_floor_usage":[],"damage_taken":[{"damage":5.0,"enemies":"2 Louse","floor":1.0,"turns":5.0},{"damage":0.0,"enemies":"Jaw Worm","floor":2.0,"turns":5.0},{"damage":1.0,"enemies":"Cultist","floor":4.0,"turns":3.0},{"damage":1.0,"enemies":"Looter","floor":5.0,"turns":4.0},{"damage":6.0,"enemies":"Red Slaver","floor":6.0,"turns":6.0},{"damage":0.0,"enemies":"2 Fungi Beasts","floor":8.0,"turns":4.0},{"damage":2.0,"enemies":"Lagavulin","floor":10.0,"turns":6.0},{"damage":30.0,"enemies":"Gremlin Nob","floor":14.0,"turns":4.0},{"damage":11,"enemies":"Hexaghost","floor":16,"turns":7}],"seed_played":"5944181434952409051","potions_obtained":[{"floor":1.0,"key":"Weak Potion"},{"floor":5.0,"key":"Strength Potion"},{"floor":10.0,"key":"Swift Potion"}],"is_trial":false,"path_per_floor":["M","M","?","M","M","M","R","M","T","E","?","R","?","E","R","B"],"character_chosen":"THE_SILENT","items_purchased":[],"campfire_rested":1,"item_purchase_floors":[],"current_hp_per_floor":[54,54,31,30,29,23,23,23,23,21,21,40,40,10,10,0],"gold":138,"neow_bonus":"ONE_RARE_RELIC","is_prod":false,"is_daily":false,"chose_seed":false,"campfire_upgraded":2,"win_rate":0,"timestamp":1565914488,"path_taken":["M","M","?","M","M","M","R","M","T","E","?","R","?","E","R","BOSS"],"build_version":"2019-07-17","purchased_purges":0,"victory":false,"max_hp_per_floor":[66,66,66,66,66,66,66,66,66,66,66,66,66,66,66,66],"card_choices":[{"not_picked":["Terror","Blade Dance"],"picked":"Deadly Poison","floor":1.0},{"not_picked":["Deadly Poison","Underhanded Strike"],"picked":"Backstab","floor":2.0},{"not_picked":["Underhanded Strike","Infinite Blades"],"picked":"Cloak And Dagger","floor":4.0},{"not_picked":["Deflect","Flying Knee","Cloak And Dagger"],"picked":"SKIP","floor":5.0},{"not_picked":["Finisher","Endless Agony","Escape Plan"],"picked":"SKIP","floor":6.0},{"not_picked":["Blade Dance","Outmaneuver"],"picked":"PiercingWail","floor":8.0},{"not_picked":["Crippling Poison","Backflip"],"picked":"Adrenaline","floor":10.0},{"not_picked":["Bullet Time","Dagger Throw"],"picked":"Choke","floor":14.0}],"player_experience":426197,"relics_obtained":[{"floor":9.0,"key":"Whetstone"},{"floor":10.0,"key":"WingedGreaves"},{"floor":14.0,"key":"Omamori"}],"event_choices":[{"damage_healed":0.0,"max_hp_gain":0.0,"max_hp_loss":0.0,"gold_gain":0.0,"event_name":"Golden Idol","player_choice":"Take Damage","floor":3.0,"gold_loss":0.0,"damage_taken":23.0,"relics_obtained":["Golden Idol"]},{"damage_healed":0.0,"max_hp_gain":0.0,"max_hp_loss":0.0,"gold_gain":0.0,"event_name":"Shining Light","player_choice":"Ignored","floor":11.0,"gold_loss":0.0,"damage_taken":0.0},{"damage_healed":0.0,"max_hp_gain":0.0,"max_hp_loss":0.0,"gold_gain":0.0,"event_name":"WeMeetAgain","player_choice":"Paid Gold","floor":13.0,"gold_loss":57.0,"damage_taken":0.0,"relics_obtained":["Boot"]}],"is_beta":false,"boss_relics":[],"items_purged_floors":[],"is_endless":false,"potions_floor_spawned":[1,5,10],"killed_by":"Hexaghost","ascension_level":18}