{"gold_per_floor":[117,117,130,55,75,75,104,122,122,156,7,7,18,18,18,18],"floor_reached":16,"playtime":517,"items_purged":["Strike_R","Strike_R"],"score":110,"play_id":"f6b807ef-ebc1-452d-bfe0-b376b4d43f5c","local_time":"20190807231229","is_ascension_mode":false,"campfire_choices":[{"data":"Bash","floor":6,"key":"SMITH"},{"data":"True Grit","floor":12,"key":"SMITH"},{"floor":15,"key":"REST"}],"neow_cost":"NONE","seed_source_timestamp":186290054020971,"circlet_count":0,"master_deck":["Strike_R","Strike_R","Strike_R","Defend_R","Defend_R","Defend_R","Defend_R","Bash+1","Dropkick","True Grit+1"],"relics":["Burning Blood","Happy Flower","Pantograph","FossilizedHelix","Charon\u0027s Ashes","Golden Idol"],"potions_floor_usage":[13],"damage_taken":[{"damage":10,"enemies":"Jaw Worm","floor":1,"turns":4},{"damage":7,"enemies":"2 Louse","floor":3,"turns":2},{"damage":0,"enemies":"Small Slimes","floor":5,"turns":3},{"damage":60,"enemies":"3 Sentries","floor":7,"turns":14},{"damage":5,"enemies":"2 Fungi Beasts","floor":8,"turns":4},{"damage":18,"enemies":"Lagavulin","floor":10,"turns":5},{"damage":0,"enemies":"Large Slime","floor":13,"turns":4},{"damage":69,"enemies":"The Guardian","floor":16,"turns":16}],"seed_played":"-4856389152933797026","potions_obtained":[{"floor":5,"key":"Fire Potion"}],"is_trial":false,"path_per_floor":["M","?","M","$","M","R","E","M","T","E","$","R","M","?","R","B"],"character_chosen":"IRONCLAD","items_purchased":["True Grit"],"campfire_rested":1,"item_purchase_floors":[11],"current_hp_per_floor":[76,76,75,75,80,80,26,27,27,15,15,15,21,21,43,0],"gold":18,"neow_bonus":"RANDOM_COMMON_RELIC","is_prod":false,"is_daily":false,"chose_seed":false,"campfire_upgraded":2,"win_rate":0,"timestamp":1565233949,"path_taken":["M","?","M","$","M","R","E","M","T","E","$","R","M","?","R","BOSS"],"build_version":"2019-07-17","purchased_purges":2,"victory":false,"max_hp_per_floor":[80,80,80,80,80,80,80,80,80,80,80,80,80,74,74,74],"card_choices":[{"not_picked":["Cleave","Perfected Strike","Clothesline"],"picked":"SKIP","floor":1},{"not_picked":["Bloodletting","Burning Pact","Wild Strike"],"picked":"SKIP","floor":3},{"not_picked":["Heavy Blade","Clash","Hemokinesis"],"picked":"SKIP","floor":5},{"not_picked":["Shrug It Off","Heavy Blade","Twin Strike"],"picked":"SKIP","floor":7},{"not_picked":["Metallicize","Armaments"],"picked":"Dropkick","floor":8},{"not_picked":["Warcry","Armaments","Reckless Charge"],"picked":"SKIP","floor":10},{"not_picked":["Spot Weakness","Twin Strike","Flex"],"picked":"SKIP","floor":13}],"player_experience":763866,"relics_obtained":[{"floor":7,"key":"Pantograph"},{"floor":9,"key":"FossilizedHelix"},{"floor":10,"key":"Charon\u0027s Ashes"}],"event_choices":[{"damage_healed":0,"gold_gain":0,"player_choice":"Ignored","damage_taken":0,"max_hp_gain":0,"max_hp_loss":0,"event_name":"Shining Light","floor":2,"gold_loss":0},{"damage_healed":0,"gold_gain":0,"player_choice":"Lose Max HP","damage_taken":0,"relics_obtained":["Golden Idol"],"max_hp_gain":0,"max_hp_loss":6,"event_name":"Golden Idol","floor":14,"gold_loss":0}],"is_beta":false,"boss_relics":[],"items_purged_floors":[4,11],"is_endless":false,"potions_floor_spawned":[5],"killed_by":"The Guardian","ascension_level":0}