{"gold_per_floor":[119,139,156,156,169,169,169,187,211,97,114,127,127,137,137,239,239,259,278,289,306,318,353,353,364,364,364],"floor_reached":27,"playtime":2725,"items_purged":["Decay"],"score":233,"play_id":"19785ace-25cd-4693-920d-aef41b85474c","local_time":"20181130141159","is_ascension_mode":false,"campfire_choices":[{"data":"Neutralize","floor":6,"key":"SMITH"},{"data":"Prepared","floor":13,"key":"SMITH"},{"data":"Caltrops","floor":15,"key":"SMITH"},{"data":"Caltrops","floor":24,"key":"SMITH"}],"neow_cost":"NONE","seed_source_timestamp":584323291218519,"circlet_count":0,"master_deck":["Defend_G","Defend_G","Defend_G","Defend_G","Defend_G","Strike_G","Strike_G","Strike_G","Strike_G","Survivor","Neutralize+1","Footwork","Blur","Quick Slash","Backflip","Caltrops+1","Caltrops+1","Prepared+1","Blur+1","Backflip","Backflip+1","Acrobatics","Dagger Throw+1","Slice+1","Normality"],"relics":["Cursed Key","Blood Vial","WristBlade","Bag of Marbles"],"potions_floor_usage":[8,14],"damage_taken":[{"damage":0,"enemies":"Small Slimes","floor":1,"turns":4},{"damage":0,"enemies":"Cultist","floor":2,"turns":5},{"damage":0,"enemies":"Jaw Worm","floor":3,"turns":6},{"damage":0,"enemies":"Exordium Wildlife","floor":5,"turns":4},{"damage":8,"enemies":"Gremlin Gang","floor":8,"turns":6},{"damage":0,"enemies":"2 Fungi Beasts","floor":11,"turns":5},{"damage":6,"enemies":"Blue Slaver","floor":12,"turns":4},{"damage":3,"enemies":"3 Louse","floor":14,"turns":4},{"damage":8,"enemies":"Hexaghost","floor":16,"turns":12},{"damage":1,"enemies":"Chosen","floor":18,"turns":8},{"damage":3,"enemies":"Spheric Guardian","floor":19,"turns":6},{"damage":12,"enemies":"Centurion and Healer","floor":20,"turns":15},{"damage":22,"enemies":"Cultist and Chosen","floor":21,"turns":10},{"damage":0,"enemies":"Snecko","floor":22,"turns":8},{"damage":7,"enemies":"Book of Stabbing","floor":23,"turns":7},{"damage":2,"enemies":"Snake Plant","floor":25,"turns":4},{"damage":42,"enemies":"Gremlin Leader","floor":27,"turns":6}],"seed_played":"4558915747461922801","potions_obtained":[{"floor":3,"key":"SneckoOil"},{"floor":5,"key":"Fire Potion"},{"floor":11,"key":"Weak Potion"},{"floor":16,"key":"SteroidPotion"},{"floor":18,"key":"Energy Potion"},{"floor":20,"key":"SteroidPotion"}],"is_trial":false,"path_per_floor":["M","M","M","?","M","R","$","M","T","$","M","M","R","M","R","B",null,"M","M","M","M","M","E","R","M","T","E"],"character_chosen":"THE_SILENT","items_purchased":["Caltrops"],"campfire_rested":0,"item_purchase_floors":[10],"current_hp_per_floor":[70,70,70,70,70,70,70,62,62,62,64,60,60,59,59,53,70,69,67,57,37,39,34,34,34,34,0],"gold":364,"neow_bonus":"BOSS_RELIC","is_prod":false,"is_daily":false,"chose_seed":false,"campfire_upgraded":4,"win_rate":0.0,"timestamp":1543565519,"path_taken":["M","M","M","?","?","R","$","M","T","$","M","M","R","M","R","BOSS","M","M","M","M","M","E","R","M","T","E"],"build_version":"2018-11-15","purchased_purges":1,"victory":false,"max_hp_per_floor":[70,70,70,70,70,70,70,70,70,70,70,70,70,70,70,70,70,70,70,70,70,70,70,70,70,70,70],"card_choices":[{"not_picked":["Bane","Dagger Spray"],"picked":"Footwork","floor":1},{"not_picked":["Blade Dance","Expertise"],"picked":"Blur","floor":2},{"not_picked":["Underhanded Strike","Flying Knee","Expertise"],"picked":"SKIP","floor":3},{"not_picked":["Backflip","Deflect"],"picked":"Quick Slash","floor":5},{"not_picked":["Flying Knee","Outmaneuver"],"picked":"Backflip","floor":8},{"not_picked":["PiercingWail","Predator"],"picked":"Caltrops","floor":11},{"not_picked":["Infinite Blades","Bouncing Flask"],"picked":"Prepared","floor":12},{"not_picked":["Dagger Spray","Underhanded Strike","Flying Knee"],"picked":"SKIP","floor":14},{"not_picked":["Deflect","Dodge and Roll+1"],"picked":"Blur+1","floor":18},{"not_picked":["Deadly Poison","Dodge and Roll","Blade Dance"],"picked":"SKIP","floor":19},{"not_picked":["Prepared","Dagger Spray"],"picked":"Backflip","floor":20},{"not_picked":["Bouncing Flask","Bane"],"picked":"Backflip+1","floor":21},{"not_picked":["Bane","Flying Knee"],"picked":"Acrobatics","floor":22},{"not_picked":["Wraith Form v2","Deadly Poison"],"picked":"Dagger Throw+1","floor":23},{"not_picked":["Underhanded Strike","Outmaneuver+1"],"picked":"Slice+1","floor":25}],"player_experience":131366,"relics_obtained":[{"floor":9,"key":"Blood Vial"},{"floor":23,"key":"Bag of Marbles"}],"event_choices":[{"cards_removed":["Strike_G"],"damage_healed":0,"gold_gain":0,"player_choice":"Card Removal","damage_taken":0,"max_hp_gain":0,"max_hp_loss":0,"event_name":"Wheel of Change","floor":4,"gold_loss":0}],"is_beta":false,"boss_relics":[{"not_picked":["Orrery","Runic Pyramid"],"picked":"WristBlade"}],"items_purged_floors":[10],"is_endless":false,"potions_floor_spawned":[3,5,11,16,18,20],"killed_by":"Gremlin Leader","ascension_level":0}