{"gold_per_floor":[116,116,303,15,26,52,68,78,104,104,54,118,5,31,31,134,134,153,68,88,103,103,103],"floor_reached":23,"playtime":2721,"items_purged":[],"score":199,"play_id":"0dbf3795-7ca8-4db6-8ea9-5a9d59a698d5","local_time":"20190719133429","is_ascension_mode":false,"campfire_choices":[{"data":"Neutralize","floor":10.0,"key":"SMITH"},{"floor":15,"key":"REST"}],"neow_cost":"NONE","seed_source_timestamp":0,"circlet_count":0,"master_deck":["Strike_G","Strike_G","Strike_G+1","Strike_G","Strike_G","Defend_G","Defend_G","Survivor","Neutralize+1","Slice","Doubt","Dash+1","Noxious Fumes","Good Instincts","Dodge and Roll","Eviscerate","Quick Slash","Noxious Fumes","Choke","Die Die Die","Deflect","Acrobatics","Envenom","Glass Knife","Well Laid Plans+1","Dagger Spray+1","Footwork","Wraith Form v2","Flechettes"],"special_seed":0,"relics":["Ring of the Snake","MawBank","Membership Card","Pen Nib","Whetstone","Centennial Puzzle","Incense Burner","Eternal Feather","Snake Skull"],"potions_floor_usage":[16,16,23],"damage_taken":[{"damage":2.0,"enemies":"2 Louse","floor":1.0,"turns":3.0},{"damage":0.0,"enemies":"Small Slimes","floor":5.0,"turns":3.0},{"damage":17.0,"enemies":"Gremlin Nob","floor":6.0,"turns":6.0},{"damage":1.0,"enemies":"Jaw Worm","floor":7.0,"turns":5.0},{"damage":6.0,"enemies":"3 Louse","floor":8.0,"turns":5.0},{"damage":6.0,"enemies":"3 Sentries","floor":12.0,"turns":6.0},{"damage":18.0,"enemies":"3 Sentries","floor":14.0,"turns":5.0},{"damage":23,"enemies":"Hexaghost","floor":16,"turns":8},{"damage":19,"enemies":"3 Byrds","floor":18,"turns":5},{"damage":20,"enemies":"Shell Parasite","floor":20,"turns":7},{"damage":18,"enemies":"Snake Plant","floor":21,"turns":4},{"damage":20,"enemies":"Slavers","floor":23,"turns":2}],"seed_played":"-8640759336445366992","potions_obtained":[{"floor":8.0,"key":"LiquidBronze"},{"floor":12.0,"key":"Weak Potion"},{"floor":14,"key":"PowerPotion"},{"floor":16,"key":"GamblersBrew"},{"floor":20,"key":"Dexterity Potion"}],"is_trial":false,"path_per_floor":["M","?","?","$","M","E","M","M","T","R","?","?","$","E","R","B",null,"M","?","M","M","?","E"],"character_chosen":"THE_SILENT","items_purchased":["Membership Card","Dash","Noxious Fumes","Good Instincts","Die Die Die","Deflect","Acrobatics","Fire Potion"],"campfire_rested":1,"item_purchase_floors":[4,4,4,4,13,13,13,13],"current_hp_per_floor":[75,68,68,68,68,51,50,44,44,44,44,38,38,20,43,20,77,58,58,38,20,20,0],"gold":103,"neow_bonus":"TEN_PERCENT_HP_BONUS","is_prod":false,"is_daily":false,"chose_seed":false,"campfire_upgraded":1,"win_rate":0.0,"timestamp":1563561269,"path_taken":["M","?","?","$","M","E","M","M","T","R","?","?","$","E","R","BOSS","M","?","M","M","?","E"],"build_version":"2019-07-17","purchased_purges":0,"victory":false,"max_hp_per_floor":[77,77,77,77,77,77,77,77,77,77,77,77,77,77,77,77,77,77,77,77,77,77,77],"card_choices":[{"not_picked":["Footwork","Acrobatics"],"picked":"Slice","floor":1.0},{"not_picked":["Well Laid Plans","PiercingWail"],"picked":"Dodge and Roll","floor":5.0},{"not_picked":["Sucker Punch","Footwork"],"picked":"Eviscerate","floor":6.0},{"not_picked":["Sucker Punch","Infinite Blades"],"picked":"Quick Slash","floor":7.0},{"not_picked":["Calculated Gamble","Sucker Punch"],"picked":"Noxious Fumes","floor":8.0},{"not_picked":["Leg Sweep","Outmaneuver"],"picked":"Choke","floor":12.0},{"not_picked":["Masterful Stab","Well Laid Plans"],"picked":"Envenom","floor":14},{"not_picked":["Night Terror","Wraith Form v2"],"picked":"Glass Knife","floor":16},{"not_picked":["Deflect+1","Quick Slash"],"picked":"Well Laid Plans+1","floor":18},{"not_picked":["Tactician","Reflex"],"picked":"Dagger Spray+1","floor":20},{"not_picked":["Slice","Expertise"],"picked":"Footwork","floor":21}],"player_experience":2930,"relics_obtained":[{"floor":6.0,"key":"Pen Nib"},{"floor":9.0,"key":"Whetstone"},{"floor":14,"key":"Incense Burner"}],"event_choices":[{"damage_healed":0.0,"max_hp_gain":0.0,"max_hp_loss":0.0,"gold_gain":0.0,"event_name":"Scrap Ooze","player_choice":"Success","floor":2.0,"gold_loss":0.0,"damage_taken":7.0,"relics_obtained":["MawBank"]},{"damage_healed":0.0,"max_hp_gain":0.0,"max_hp_loss":0.0,"gold_gain":175.0,"event_name":"Liars Game","player_choice":"AGREE","floor":3.0,"gold_loss":0.0,"damage_taken":0.0,"cards_obtained":["Doubt"]},{"cards_removed":["Defend_G"],"damage_healed":0.0,"max_hp_gain":0.0,"max_hp_loss":0.0,"gold_gain":0.0,"event_name":"The Cleric","player_choice":"Card Removal","floor":11.0,"gold_loss":50.0,"damage_taken":0.0},{"damage_healed":0.0,"max_hp_gain":0.0,"max_hp_loss":0.0,"gold_gain":0.0,"event_name":"Dead Adventurer","player_choice":"Searched \u00272\u0027 times","floor":12.0,"gold_loss":0.0,"damage_taken":0.0,"relics_obtained":["Centennial Puzzle"]},{"damage_healed":0,"gold_gain":0,"player_choice":"Obtained Relic","damage_taken":0,"relics_obtained":["Snake Skull"],"max_hp_gain":0,"max_hp_loss":0,"event_name":"Addict","floor":19,"gold_loss":85},{"damage_healed":0,"gold_gain":0,"cards_transformed":["Defend_G","Defend_G"],"player_choice":"Became Test Subject","damage_taken":0,"max_hp_gain":0,"max_hp_loss":0,"event_name":"Drug Dealer","floor":22,"gold_loss":0,"cards_obtained":["Wraith Form v2","Flechettes"]}],"is_beta":false,"boss_relics":[{"not_picked":["Philosopher\u0027s Stone","Empty Cage"],"picked":"Eternal Feather"}],"items_purged_floors":[],"is_endless":false,"potions_floor_spawned":[8,12,14,16,20],"killed_by":"Slavers","ascension_level":0}