{"gold_per_floor":[110,110,128,12,25,51,51,78,105,105,134,134,161,177,177,255,255,266,48,48,48,48,76,86,86,86,98,132,132,161,171,171,250,250,268,268,283,208,218,218,250,250,250,280,335,66,98,98,98,98,98,98,98,33,60,60],"floor_reached":57,"playtime":6118,"items_purged":["Strike_R"],"score":3219,"play_id":"Baalorlord-8012fe51","local_time":"20190810141604","is_ascension_mode":true,"campfire_choices":[{"floor":10,"key":"REST"},{"data":"True Grit","floor":12,"key":"SMITH"},{"data":"Spot Weakness","floor":15,"key":"SMITH"},{"data":"Battle Trance","floor":25,"key":"SMITH"},{"data":"Whirlwind","floor":29,"key":"SMITH"},{"data":"Shockwave","floor":32,"key":"SMITH"},{"data":"Fiend Fire","floor":40,"key":"SMITH"},{"floor":42,"key":"RECALL"},{"data":"Pommel Strike","floor":49,"key":"SMITH"},{"data":"Impervious","floor":53,"key":"SMITH"}],"neow_cost":"NONE","seed_source_timestamp":177197113528300,"circlet_count":0,"master_deck":["AscendersBane","Strike_R","Strike_R","Strike_R","Defend_R","Defend_R","Defend_R","Defend_R","Perfected Strike+1","Spot Weakness+1","True Grit+1","Fiend Fire+1","Feel No Pain+1","Whirlwind+1","Pommel Strike+1","Demon Form+1","Shockwave+1","Feel No Pain+1","Battle Trance+1","Corruption+1","Exhume","Pummel+1","Impervious+1","Demon Form+1","Uppercut+1","Immolate+1","Feel No Pain+1","Burning Pact+1","Reaper","Exhume","Impervious"],"relics":["Velvet Choker","Bag of Preparation","Boot","Frozen Egg 2","Lantern","Singing Bowl","FossilizedHelix","Orrery","DollysMirror","Nilry\u0027s Codex","Turnip","Unceasing Top","Sundial","Astrolabe","Bottled Tornado","The Courier","Orichalcum","Dead Branch","Red Skull","Self Forming Clay","Anchor"],"potions_floor_usage":[23,28,45,56,56],"damage_taken":[{"damage":2,"enemies":"Jaw Worm","floor":1,"turns":3},{"damage":1,"enemies":"Small Slimes","floor":3,"turns":2},{"damage":0,"enemies":"Cultist","floor":5,"turns":2},{"damage":13,"enemies":"Lagavulin","floor":6,"turns":5},{"damage":15,"enemies":"3 Sentries","floor":8,"turns":6},{"damage":0,"enemies":"Lagavulin","floor":11,"turns":5},{"damage":0,"enemies":"Gremlin Nob","floor":13,"turns":2},{"damage":0,"enemies":"3 Louse","floor":14,"turns":2},{"damage":26,"enemies":"The Guardian","floor":16,"turns":8},{"damage":0,"enemies":"Chosen","floor":18,"turns":3},{"damage":0,"enemies":"Gremlin Leader","floor":23,"turns":4},{"damage":0,"enemies":"3 Byrds","floor":24,"turns":3},{"damage":0,"enemies":"Snake Plant","floor":27,"turns":2},{"damage":7,"enemies":"Slavers","floor":28,"turns":5},{"damage":0,"enemies":"Book of Stabbing","floor":30,"turns":5},{"damage":0,"enemies":"Centurion and Healer","floor":31,"turns":3},{"damage":4,"enemies":"Collector","floor":33,"turns":6},{"damage":0,"enemies":"Orb Walker","floor":35,"turns":2},{"damage":0,"enemies":"3 Darklings","floor":37,"turns":4},{"damage":3,"enemies":"Maw","floor":39,"turns":6},{"damage":27,"enemies":"Nemesis","floor":41,"turns":5},{"damage":16,"enemies":"Giant Head","floor":44,"turns":6},{"damage":49,"enemies":"2 Orb Walkers","floor":45,"turns":6},{"damage":7,"enemies":"Nemesis","floor":47,"turns":5},{"damage":0,"enemies":"Awakened One","floor":50,"turns":7},{"damage":0,"enemies":"Donu and Deca","floor":51,"turns":7},{"damage":0,"enemies":"Shield and Spear","floor":55,"turns":7},{"damage":23,"enemies":"The Heart","floor":56,"turns":9}],"seed_played":"-5834935427991243931","potions_obtained":[{"floor":6,"key":"GamblersBrew"},{"floor":8,"key":"Swift Potion"},{"floor":13,"key":"BloodPotion"},{"floor":24,"key":"Swift Potion"},{"floor":31,"key":"Fire Potion"},{"floor":35,"key":"Regen Potion"},{"floor":39,"key":"SteroidPotion"},{"floor":47,"key":"Fire Potion"}],"is_trial":false,"path_per_floor":["M","?","M","$","M","E","?","E","T","R","E","R","E","M","R","B",null,"M","$","?","?","?","E","M","R","T","M","E","R","E","M","R","B",null,"M","?","M","$","M","R","E","R","T","E","?","$","E","?","R","B","B",null,"R","$","E","B",null],"character_chosen":"IRONCLAD","items_purchased":["Spot Weakness","True Grit","DollysMirror","Impervious","Red Skull","Ancient Potion"],"campfire_rested":1,"item_purchase_floors":[4,4,19,46,46,54],"current_hp_per_floor":[66,66,65,65,65,52,34,19,19,41,41,41,43,43,43,17,70,72,72,51,51,51,51,51,51,51,51,46,46,48,50,50,46,81,81,81,81,81,80,80,53,53,53,79,68,68,87,87,87,94,94,94,94,94,96,96],"gold":60,"neow_bonus":"BOSS_RELIC","is_prod":false,"is_daily":false,"chose_seed":false,"campfire_upgraded":8,"win_rate":0,"timestamp":1565460964,"path_taken":["M","?","M","$","M","E","?","E","T","R","E","R","E","M","R","BOSS","M","$","?","?","?","E","M","R","T","M","E","R","E","M","R","BOSS","M","?","M","$","M","R","E","R","T","E","?","$","E","?","R","BOSS","BOSS","R","$","E","BOSS"],"build_version":"2019-07-17","purchased_purges":1,"victory":true,"max_hp_per_floor":[75,75,75,75,75,75,75,75,75,75,75,75,77,77,77,77,85,87,87,87,87,87,87,87,87,87,87,89,89,91,93,93,93,93,93,88,88,88,90,90,90,90,90,92,92,92,94,94,94,94,94,94,94,94,96,96],"card_choices":[{"not_picked":["Thunderclap","Second Wind"],"picked":"Perfected Strike","floor":1},{"not_picked":["True Grit","Pommel Strike"],"picked":"Perfected Strike","floor":3},{"not_picked":["True Grit","Iron Wave","Carnage"],"picked":"SKIP","floor":5},{"not_picked":["Iron Wave","Wild Strike"],"picked":"Fiend Fire","floor":6},{"not_picked":["Clash","Shockwave"],"picked":"Feel No Pain","floor":8},{"not_picked":["Bludgeon","Flex"],"picked":"Whirlwind","floor":11},{"not_picked":["Whirlwind","Pommel Strike","Heavy Blade"],"picked":"Singing Bowl","floor":13},{"not_picked":["Twin Strike","Warcry"],"picked":"Pommel Strike","floor":14},{"not_picked":["Feed","Dark Embrace+1"],"picked":"Demon Form+1","floor":16},{"not_picked":["Body Slam","Armaments","Searing Blow"],"picked":"Singing Bowl","floor":17},{"not_picked":["Headbutt","Flame Barrier"],"picked":"Shockwave","floor":17},{"not_picked":["Combust+1","Clothesline","Thunderclap"],"picked":"Singing Bowl","floor":17},{"not_picked":["Sentinel","Anger","Second Wind"],"picked":"Singing Bowl","floor":17},{"not_picked":["Body Slam","Second Wind","Armaments"],"picked":"Singing Bowl","floor":17},{"not_picked":["Iron Wave","Havoc","Hemokinesis"],"picked":"Singing Bowl","floor":18},{"not_picked":["Flex","Armaments+1"],"picked":"Corruption+1","floor":23},{"not_picked":["Iron Wave","Blood for Blood"],"picked":"Exhume","floor":24},{"not_picked":["Sword Boomerang","Reckless Charge"],"picked":"Pummel+1","floor":27},{"not_picked":["Iron Wave","Pummel","Body Slam"],"picked":"Singing Bowl","floor":28},{"not_picked":["Dual Wield","Wild Strike","True Grit"],"picked":"Singing Bowl","floor":30},{"not_picked":["Pommel Strike","Warcry+1","Sever Soul"],"picked":"Singing Bowl","floor":31},{"not_picked":["Exhume","Demon Form+1"],"picked":"Impervious","floor":33},{"not_picked":["Clothesline","Headbutt"],"picked":"Feel No Pain+1","floor":35},{"not_picked":["True Grit","Iron Wave"],"picked":"Burning Pact+1","floor":37},{"not_picked":["Thunderclap","Perfected Strike","Heavy Blade"],"picked":"Singing Bowl","floor":39},{"not_picked":["Disarm","Pommel Strike"],"picked":"Reaper","floor":41},{"not_picked":["Power Through","Clothesline+1","Wild Strike+1"],"picked":"Singing Bowl","floor":44},{"not_picked":["Warcry+1","Evolve+1"],"picked":"Exhume","floor":45},{"not_picked":["Fire Breathing+1","Evolve+1","Berserk+1"],"picked":"Singing Bowl","floor":47},{"not_picked":["Warcry+1","Pommel Strike","Evolve+1"],"picked":"Singing Bowl","floor":55}],"player_experience":2343920,"relics_obtained":[{"floor":6,"key":"Bag of Preparation"},{"floor":8,"key":"Frozen Egg 2"},{"floor":9,"key":"Lantern"},{"floor":11,"key":"Singing Bowl"},{"floor":13,"key":"FossilizedHelix"},{"floor":20,"key":"Nilry\u0027s Codex"},{"floor":23,"key":"Turnip"},{"floor":28,"key":"Unceasing Top"},{"floor":30,"key":"Sundial"},{"floor":41,"key":"Bottled Tornado"},{"floor":43,"key":"The Courier"},{"floor":44,"key":"Orichalcum"},{"floor":45,"key":"Dead Branch"},{"floor":47,"key":"Self Forming Clay"},{"floor":55,"key":"Anchor"}],"event_choices":[{"damage_healed":0,"gold_gain":0,"player_choice":"Grow","damage_taken":0,"max_hp_gain":0,"max_hp_loss":0,"event_name":"Living Wall","floor":2,"gold_loss":0,"cards_upgraded":["Perfected Strike"]},{"damage_healed":0,"gold_gain":0,"player_choice":"Success","damage_taken":18,"relics_obtained":["Boot"],"max_hp_gain":0,"max_hp_loss":0,"event_name":"Scrap Ooze","floor":7,"gold_loss":0},{"damage_healed":0,"gold_gain":0,"player_choice":"Obtained Book","damage_taken":21,"max_hp_gain":0,"max_hp_loss":0,"event_name":"Cursed Tome","floor":20,"gold_loss":0},{"damage_healed":0,"gold_gain":0,"player_choice":"Read","damage_taken":0,"max_hp_gain":0,"max_hp_loss":0,"event_name":"The Library","floor":21,"gold_loss":0,"cards_obtained":["Battle Trance"]},{"damage_healed":0,"gold_gain":0,"player_choice":"Max HP","damage_taken":0,"max_hp_gain":0,"max_hp_loss":5,"event_name":"Winding Halls","floor":36,"gold_loss":0},{"damage_healed":0,"gold_gain":0,"player_choice":"Fight","damage_taken":0,"max_hp_gain":0,"max_hp_loss":0,"event_name":"Mysterious Sphere","floor":45,"gold_loss":0},{"damage_healed":0,"gold_gain":0,"player_choice":"Ignored","damage_taken":0,"max_hp_gain":0,"max_hp_loss":0,"event_name":"Tomb of Lord Red Mask","floor":48,"gold_loss":0}],"is_beta":false,"boss_relics":[{"not_picked":["Runic Cube","Cursed Key"],"picked":"Orrery"},{"not_picked":["Tiny House","Empty Cage"],"picked":"Astrolabe"}],"items_purged_floors":[38],"is_endless":false,"potions_floor_spawned":[6,8,13,14,16,18,24,27,31,35,39,47,55],"ascension_level":20}