{"gold_per_floor":[111,121,1,1,76,76,104,119,187,200,200,200,235,253,253,350,350,350,350,350,194,194,194,194],"floor_reached":24,"playtime":1281,"items_purged":["Pain"],"score":258,"play_id":"af0366cd-e7ea-4c8f-bbbc-00294132097e","local_time":"20190526232923","is_ascension_mode":true,"campfire_choices":[{"data":"Well Laid Plans","floor":6,"key":"SMITH"},{"data":"A Thousand Cuts","floor":11,"key":"SMITH"},{"floor":15,"key":"REST"},{"floor":23,"key":"REST"}],"neow_cost":"NONE","seed_source_timestamp":1040129227390911,"circlet_count":0,"master_deck":["Defend_G","Defend_G","Defend_G","Defend_G","Defend_G","Strike_G","Strike_G","Strike_G","Strike_G","Strike_G","Survivor","Neutralize","Grand Finale","Cloak And Dagger","Well Laid Plans+1","Night Terror","Dagger Spray","A Thousand Cuts+1","Acrobatics","Backflip","Sucker Punch","Poisoned Stab","Envenom","Escape Plan","Slice","Noxious Fumes","Deflect","Acrobatics"],"relics":["Ring of the Snake","Ancient Tea Set","Bottled Tornado","Ninja Scroll","The Specimen","Ectoplasm","WarpedTongs"],"potions_floor_usage":[24],"damage_taken":[{"damage":4,"enemies":"Jaw Worm","floor":1,"turns":4},{"damage":0,"enemies":"Small Slimes","floor":2,"turns":3},{"damage":7,"enemies":"Lagavulin","floor":7,"turns":6},{"damage":5,"enemies":"2 Louse","floor":8,"turns":2},{"damage":0,"enemies":"Exordium Thugs","floor":10,"turns":5},{"damage":13,"enemies":"Gremlin Nob","floor":13,"turns":3},{"damage":5,"enemies":"Gremlin Gang","floor":14,"turns":2},{"damage":38,"enemies":"Hexaghost","floor":16,"turns":12},{"damage":11,"enemies":"Shell Parasite","floor":18,"turns":7},{"damage":10,"enemies":"Chosen","floor":20,"turns":4},{"damage":10,"enemies":"Centurion and Healer","floor":22,"turns":5},{"damage":24,"enemies":"Gremlin Leader","floor":24,"turns":4}],"seed_played":"-7571879644073726222","potions_obtained":[{"floor":7,"key":"Fire Potion"},{"floor":10,"key":"Block Potion"},{"floor":13,"key":"EssenceOfSteel"}],"is_trial":false,"path_per_floor":["M","M","$","?","?","R","E","M","T","M","R","?","E","M","R","B",null,"M","?","M","$","M","R","E"],"character_chosen":"THE_SILENT","items_purchased":["Night Terror","Dagger Spray","Noxious Fumes","Deflect"],"campfire_rested":2,"item_purchase_floors":[3,3,21,21],"current_hp_per_floor":[66,66,66,59,48,48,41,36,36,36,36,36,23,18,39,1,53,42,42,32,32,22,43,19],"gold":194,"neow_bonus":"ONE_RANDOM_RARE_CARD","is_prod":false,"is_daily":false,"chose_seed":false,"campfire_upgraded":2,"win_rate":0,"timestamp":1558927763,"path_taken":["M","M","$","?","?","R","E","M","T","?","R","?","E","M","R","BOSS","M","?","M","$","M","R","E"],"build_version":"2019-01-23","purchased_purges":1,"victory":false,"max_hp_per_floor":[70,70,70,70,70,70,70,70,70,70,70,70,70,70,70,70,70,70,70,70,70,70,70,70],"card_choices":[{"not_picked":["Flying Knee","Choke"],"picked":"Cloak And Dagger","floor":1},{"not_picked":["Leg Sweep","Infinite Blades"],"picked":"Well Laid Plans","floor":2},{"not_picked":["PiercingWail","All Out Attack"],"picked":"A Thousand Cuts","floor":7},{"not_picked":["Quick Slash","Poisoned Stab"],"picked":"Acrobatics","floor":8},{"not_picked":["Acrobatics","Choke"],"picked":"Backflip","floor":10},{"not_picked":["Endless Agony","Blade Dance"],"picked":"Sucker Punch","floor":13},{"not_picked":["Deadly Poison","Reflex"],"picked":"Poisoned Stab","floor":14},{"not_picked":["Venomology","Tools of the Trade"],"picked":"Envenom","floor":16},{"not_picked":["Dagger Spray+1","All Out Attack"],"picked":"Escape Plan","floor":18},{"not_picked":["Bane","Sucker Punch"],"picked":"Slice","floor":20},{"not_picked":["Concentrate","Bane"],"picked":"Acrobatics","floor":22}],"player_experience":518053,"relics_obtained":[{"floor":7,"key":"Bottled Tornado"},{"floor":9,"key":"Ninja Scroll"},{"floor":13,"key":"The Specimen"}],"event_choices":[{"damage_healed":0,"gold_gain":0,"player_choice":"Success","damage_taken":7,"relics_obtained":["Ancient Tea Set"],"max_hp_gain":0,"max_hp_loss":0,"event_name":"Scrap Ooze","floor":4,"gold_loss":0},{"damage_healed":0,"gold_gain":75,"player_choice":"Gather Gold","damage_taken":11,"max_hp_gain":0,"max_hp_loss":0,"event_name":"World of Goop","floor":5,"gold_loss":0},{"damage_healed":0,"gold_gain":0,"player_choice":"Ignored","damage_taken":0,"max_hp_gain":0,"max_hp_loss":0,"event_name":"Liars Game","floor":12,"gold_loss":0},{"damage_healed":0,"gold_gain":0,"player_choice":"Rummage","damage_taken":0,"relics_obtained":["WarpedTongs"],"max_hp_gain":0,"max_hp_loss":0,"event_name":"Accursed Blacksmith","floor":19,"gold_loss":0,"cards_obtained":["Pain"]}],"is_beta":false,"boss_relics":[{"not_picked":["Lizard Tail","Philosopher\u0027s Stone"],"picked":"Ectoplasm"}],"items_purged_floors":[21],"is_endless":false,"potions_floor_spawned":[7,10,13,16,18,20,22],"killed_by":"Gremlin Leader","ascension_level":5}