{"gold_per_floor":[116,116,116,132,152,177,177,206,206,232,39,39,58,84,84,155,155,168,186,205,205,240,267,267,267,267,286,211,37,63,63,63,141,141,152,18,18,32,49,79,79,109,180,180,199,216,235,251,251,251,251,251,251,51,79,79],"floor_reached":57,"playtime":5550,"items_purged":["Defend_R","Clash"],"score":2835,"play_id":"54eceab8-5303-456d-be79-b235c961f75b","local_time":"20190807191300","is_ascension_mode":true,"campfire_choices":[{"data":"Bash","floor":7,"key":"SMITH"},{"data":"Disarm","floor":15,"key":"SMITH"},{"floor":24,"key":"RECALL"},{"floor":32,"key":"REST"},{"floor":41,"key":"REST"},{"floor":49,"key":"REST"},{"floor":53,"key":"REST"}],"neow_cost":"NONE","seed_source_timestamp":118051321594500,"circlet_count":0,"master_deck":["AscendersBane","Strike_R","Strike_R","Strike_R","Strike_R","Strike_R","Defend_R+1","Defend_R+1","Bash+1","Carnage+1","Twin Strike","Clothesline","Disarm+1","Offering","Whirlwind+1","Uppercut+1","Demon Form","Pummel+1","Battle Trance","Ghostly","Ghostly","Ghostly","Second Wind","Flame Barrier","Warcry","Immolate+1","Necronomicurse","Offering","Armaments+1","Corruption","Apotheosis","Immolate+1","PanicButton","True Grit+1","Burning Pact","Exhume","Feel No Pain","Heavy Blade+1","Reaper+1","Shrug It Off","Limit Break","Disarm","Exhume"],"relics":["Burning Blood","Bag of Preparation","Meat on the Bone","The Courier","Molten Egg 2","Blood Vial","Incense Burner","Fusion Hammer","Red Mask","Anchor","Membership Card","Bronze Scales","Necronomicon","Snecko Eye","Dodecahedron","Strawberry","Darkstone Periapt","Charon\u0027s Ashes"],"potions_floor_usage":[6,10,19,55,56],"damage_taken":[{"damage":8,"enemies":"Small Slimes","floor":1,"turns":4},{"damage":0,"enemies":"2 Louse","floor":4,"turns":3},{"damage":7,"enemies":"Jaw Worm","floor":5,"turns":3},{"damage":21,"enemies":"3 Sentries","floor":6,"turns":6},{"damage":6,"enemies":"Gremlin Nob","floor":8,"turns":3},{"damage":17,"enemies":"Lagavulin","floor":10,"turns":5},{"damage":11,"enemies":"Looter","floor":13,"turns":2},{"damage":6,"enemies":"Gremlin Nob","floor":14,"turns":3},{"damage":27,"enemies":"Slime Boss","floor":16,"turns":8},{"damage":23,"enemies":"2 Thieves","floor":18,"turns":3},{"damage":4,"enemies":"Spheric Guardian","floor":19,"turns":3},{"damage":13,"enemies":"Snecko","floor":20,"turns":5},{"damage":27,"enemies":"Masked Bandits","floor":22,"turns":3},{"damage":3,"enemies":"Slavers","floor":23,"turns":5},{"damage":0,"enemies":"Centurion and Healer","floor":27,"turns":4},{"damage":2,"enemies":"Gremlin Leader","floor":30,"turns":5},{"damage":1,"enemies":"Champ","floor":33,"turns":7},{"damage":1,"enemies":"Orb Walker","floor":35,"turns":1},{"damage":0,"enemies":"3 Darklings","floor":38,"turns":1},{"damage":6,"enemies":"4 Shapes","floor":39,"turns":7},{"damage":7,"enemies":"Nemesis","floor":40,"turns":7},{"damage":2,"enemies":"Reptomancer","floor":42,"turns":2},{"damage":3,"enemies":"Sphere and 2 Shapes","floor":45,"turns":2},{"damage":7,"enemies":"Maw","floor":46,"turns":3},{"damage":2,"enemies":"Spire Growth","floor":47,"turns":3},{"damage":1,"enemies":"Writhing Mass","floor":48,"turns":3},{"damage":6,"enemies":"Time Eater","floor":50,"turns":7},{"damage":23,"enemies":"Awakened One","floor":51,"turns":12},{"damage":0,"enemies":"Shield and Spear","floor":55,"turns":2},{"damage":33,"enemies":"The Heart","floor":56,"turns":8}],"seed_played":"-3013632199045517909","potions_obtained":[{"floor":5,"key":"AttackPotion"},{"floor":6,"key":"Weak Potion"},{"floor":8,"key":"Swift Potion"},{"floor":16,"key":"Fruit Juice"},{"floor":19,"key":"PowerPotion"},{"floor":44,"key":"SteroidPotion"},{"floor":44,"key":"Ancient Potion"}],"is_trial":false,"path_per_floor":["M","?","?","M","M","E","R","E","T","E","$","?","M","E","R","B",null,"M","M","M","?","?","E","R","?","T","M","?","$","E","?","R","B",null,"M","$","?","M","M","E","R","E","T","?","M","M","M","M","R","B","B",null,"R","$","E","B",null],"character_chosen":"IRONCLAD","items_purchased":["Offering","Membership Card","Corruption","Apotheosis","Immolate+1","Reaper+1","Shrug It Off","Limit Break","Disarm"],"campfire_rested":4,"item_purchase_floors":[11,29,36,36,36,54,54,54,54],"current_hp_per_floor":[66,43,43,49,48,33,33,45,45,46,46,46,55,57,57,50,69,54,63,58,40,31,36,36,27,27,35,35,35,41,20,33,40,44,45,45,35,43,45,44,45,52,52,52,52,51,52,52,52,52,35,48,52,52,52,52],"gold":79,"neow_bonus":"RANDOM_COMMON_RELIC","is_prod":false,"is_daily":false,"chose_seed":false,"campfire_upgraded":2,"win_rate":0,"timestamp":1565219580,"path_taken":["M","?","?","M","M","E","R","E","T","E","$","?","M","E","R","BOSS","M","M","M","?","?","E","R","?","T","M","?","$","E","?","R","BOSS","M","$","?","M","M","E","R","E","T","?","M","M","M","?","R","BOSS","BOSS","R","$","E","BOSS"],"build_version":"2019-07-17","purchased_purges":2,"victory":true,"max_hp_per_floor":[75,75,75,75,75,75,75,75,75,75,75,75,75,75,75,75,75,75,80,80,40,40,40,40,45,45,45,45,45,45,45,45,45,45,45,45,45,45,45,45,45,52,52,52,52,52,52,52,52,52,52,52,52,52,52,52],"card_choices":[{"not_picked":["Cleave","Havoc"],"picked":"Carnage","floor":1},{"not_picked":["Dual Wield","Body Slam"],"picked":"Clash","floor":4},{"not_picked":["Heavy Blade","Perfected Strike"],"picked":"Twin Strike","floor":5},{"not_picked":["Twin Strike","Havoc","Bloodletting"],"picked":"SKIP","floor":6},{"not_picked":["Warcry","True Grit"],"picked":"Clothesline","floor":8},{"not_picked":["Power Through","Shockwave"],"picked":"Disarm","floor":10},{"not_picked":["Warcry","Burning Pact"],"picked":"Whirlwind+1","floor":13},{"not_picked":["Ghostly Armor","Bloodletting"],"picked":"Uppercut+1","floor":14},{"not_picked":["Offering","Impervious"],"picked":"Demon Form","floor":16},{"not_picked":["Thunderclap+1","Blood for Blood+1"],"picked":"Pummel+1","floor":18},{"not_picked":["Twin Strike+1","Thunderclap+1","Anger+1"],"picked":"SKIP","floor":19},{"not_picked":["Thunderclap+1","Sever Soul+1"],"picked":"Battle Trance","floor":20},{"not_picked":["Evolve","Thunderclap+1"],"picked":"Second Wind","floor":22},{"not_picked":["Sentinel","Body Slam+1"],"picked":"Flame Barrier","floor":23},{"not_picked":["Sword Boomerang+1","Wild Strike+1"],"picked":"Warcry","floor":27},{"not_picked":["Flex","Battle Trance"],"picked":"Immolate+1","floor":30},{"not_picked":["Limit Break","Juggernaut"],"picked":"Offering","floor":33},{"not_picked":["Body Slam+1","Shrug It Off+1"],"picked":"Armaments+1","floor":35},{"not_picked":["Enlightenment","Master of Strategy"],"picked":"PanicButton","floor":37},{"not_picked":["Pommel Strike+1","Wild Strike+1"],"picked":"True Grit+1","floor":38},{"not_picked":["Body Slam+1","Corruption+1","Sentinel"],"picked":"SKIP","floor":39},{"not_picked":["Wild Strike+1","Metallicize","Uppercut+1"],"picked":"SKIP","floor":40},{"not_picked":["Battle Trance","Anger+1"],"picked":"Burning Pact","floor":42},{"not_picked":["Clothesline+1","Rampage+1"],"picked":"Exhume","floor":45},{"not_picked":["Clothesline+1","Shrug It Off"],"picked":"Feel No Pain","floor":46},{"not_picked":["Havoc","Perfected Strike+1","Bloodletting"],"picked":"SKIP","floor":47},{"not_picked":["Twin Strike+1","Uppercut+1"],"picked":"Heavy Blade+1","floor":48},{"not_picked":["Headbutt+1","Burning Pact"],"picked":"Exhume","floor":55}],"player_experience":2329259,"relics_obtained":[{"floor":6,"key":"Meat on the Bone"},{"floor":8,"key":"The Courier"},{"floor":9,"key":"Molten Egg 2"},{"floor":10,"key":"Blood Vial"},{"floor":14,"key":"Incense Burner"},{"floor":22,"key":"Red Mask"},{"floor":23,"key":"Anchor"},{"floor":30,"key":"Bronze Scales"},{"floor":31,"key":"Necronomicon"},{"floor":40,"key":"Dodecahedron"},{"floor":42,"key":"Strawberry"},{"floor":43,"key":"Darkstone Periapt"},{"floor":55,"key":"Charon\u0027s Ashes"}],"event_choices":[{"damage_healed":0,"gold_gain":0,"player_choice":"Entered Light","damage_taken":23,"max_hp_gain":0,"max_hp_loss":0,"event_name":"Shining Light","floor":2,"gold_loss":0,"cards_upgraded":["Defend_R","Defend_R"]},{"damage_healed":0,"gold_gain":0,"player_choice":"Grow","damage_taken":0,"max_hp_gain":0,"max_hp_loss":0,"event_name":"Living Wall","floor":3,"gold_loss":0,"cards_upgraded":["Carnage"]},{"damage_healed":0,"gold_gain":0,"player_choice":"Ignored","damage_taken":0,"max_hp_gain":0,"max_hp_loss":0,"event_name":"Liars Game","floor":12,"gold_loss":0},{"damage_healed":0,"gold_gain":0,"player_choice":"Became a Ghost","damage_taken":0,"max_hp_gain":0,"max_hp_loss":40,"event_name":"Ghosts","floor":21,"gold_loss":0,"cards_obtained":["Ghostly","Ghostly","Ghostly"]},{"damage_healed":0,"gold_gain":0,"player_choice":"Fought Bandits","damage_taken":0,"max_hp_gain":0,"max_hp_loss":0,"event_name":"Masked Bandits","floor":22,"gold_loss":0},{"damage_healed":0,"gold_gain":0,"player_choice":"Shed Blood","damage_taken":14,"max_hp_gain":5,"max_hp_loss":0,"event_name":"Forgotten Altar","floor":25,"gold_loss":0},{"cards_removed":["Defend_R"],"damage_healed":0,"gold_gain":0,"player_choice":"Gave Gold","damage_taken":0,"max_hp_gain":0,"max_hp_loss":0,"event_name":"Beggar","floor":28,"gold_loss":75},{"damage_healed":0,"gold_gain":0,"player_choice":"Obtained Book","damage_taken":21,"max_hp_gain":0,"max_hp_loss":0,"event_name":"Cursed Tome","floor":31,"gold_loss":0},{"damage_healed":0,"gold_gain":0,"player_choice":"Memory 3","damage_taken":10,"max_hp_gain":0,"max_hp_loss":0,"event_name":"SensoryStone","floor":37,"gold_loss":0},{"damage_healed":0,"gold_gain":0,"player_choice":"Got Potions","damage_taken":0,"max_hp_gain":0,"max_hp_loss":0,"event_name":"Lab","floor":44,"gold_loss":0}],"is_beta":false,"boss_relics":[{"not_picked":["Eternal Feather","Black Blood"],"picked":"Fusion Hammer"},{"not_picked":["Black Star","Cursed Key"],"picked":"Snecko Eye"}],"items_purged_floors":[11,54],"is_endless":false,"potions_floor_spawned":[5,6,8,16,19,20,22,23,30,35,40,42,45],"ascension_level":20}