{"gold_per_floor":[111,286,297,316,330,330,360,375,375,375,407,100,100,112,112,217,217,229,248,248,263,223,253,265,277,335,361,393,432,444,470,482,592,604,628,40,58,75,127,461,481,500,500,600,600,600,616,616,616,616,616,616,10,36,36],"floor_reached":56,"playtime":3855,"items_purged":["Doubt","Strike_G","A Thousand Cuts"],"score":1381,"play_id":"2cd1e6ed-f9f6-45f0-a6b3-9ba04375ab56","local_time":"20190608131055","is_ascension_mode":false,"campfire_choices":[{"data":"Neutralize","floor":6,"key":"SMITH"},{"data":"Noxious Fumes","floor":15,"key":"SMITH"},{"data":"Footwork","floor":25,"key":"SMITH"},{"floor":30,"key":"RECALL"},{"data":"Noxious Fumes","floor":32,"key":"SMITH"},{"data":"Footwork","floor":46,"key":"SMITH"},{"data":"Well Laid Plans","floor":49,"key":"SMITH"},{"data":"Bouncing Flask","floor":52,"key":"SMITH"}],"neow_cost":"NONE","seed_source_timestamp":87926360900464,"circlet_count":0,"master_deck":["Defend_G+1","Defend_G","Defend_G","Defend_G","Defend_G","Strike_G","Strike_G+1","Strike_G","Strike_G","Survivor+1","Neutralize+1","Cloak And Dagger","Quick Slash","Bouncing Flask+1","Backflip+1","Well Laid Plans+1","Footwork+1","Dodge and Roll+1","Noxious Fumes+1","Malaise+1","Deadly Poison+1","Leg Sweep+1","Prepared+1","Noxious Fumes+1","Caltrops+1","PiercingWail+1","Bandage Up+1","Blur+1","Footwork+1","Catalyst+1","Good Instincts+1","Dodge and Roll+1","Dodge and Roll+1","PiercingWail+1"],"relics":["Ring of the Serpent","Centennial Puzzle","Tingsha","Oddly Smooth Stone","Toxic Egg 2","Snake Skull","Black Star","MawBank","Mercury Hourglass","Strawberry","Anchor","Bag of Marbles","Dodecahedron","War Paint","Thread and Needle","Orichalcum","Old Coin","Question Card","Mango","StoneCalendar","Vajra","Bottled Lightning","Blood Vial"],"potions_floor_usage":[8,11,18,23,33,39,39,41,55,55,55],"damage_taken":[{"damage":0,"enemies":"Jaw Worm","floor":1,"turns":5},{"damage":1,"enemies":"Small Slimes","floor":3,"turns":4},{"damage":0,"enemies":"2 Louse","floor":4,"turns":4},{"damage":1,"enemies":"2 Fungi Beasts","floor":5,"turns":5},{"damage":12,"enemies":"Lagavulin","floor":7,"turns":7},{"damage":0,"enemies":"Gremlin Gang","floor":8,"turns":6},{"damage":26,"enemies":"Gremlin Nob","floor":11,"turns":5},{"damage":0,"enemies":"Looter","floor":14,"turns":3},{"damage":0,"enemies":"Hexaghost","floor":16,"turns":8},{"damage":0,"enemies":"3 Byrds","floor":18,"turns":5},{"damage":4,"enemies":"Spheric Guardian","floor":19,"turns":6},{"damage":1,"enemies":"Centurion and Healer","floor":21,"turns":7},{"damage":7,"enemies":"Slavers","floor":23,"turns":6},{"damage":4,"enemies":"Cultist and Chosen","floor":27,"turns":6},{"damage":1,"enemies":"Shelled Parasite and Fungi","floor":28,"turns":5},{"damage":0,"enemies":"Book of Stabbing","floor":29,"turns":6},{"damage":9,"enemies":"Snake Plant","floor":31,"turns":4},{"damage":5,"enemies":"Automaton","floor":33,"turns":9},{"damage":1,"enemies":"3 Shapes","floor":35,"turns":5},{"damage":0,"enemies":"Orb Walker","floor":37,"turns":4},{"damage":4,"enemies":"Maw","floor":38,"turns":8},{"damage":25,"enemies":"2 Orb Walkers","floor":39,"turns":5},{"damage":0,"enemies":"Giant Head","floor":40,"turns":10},{"damage":3,"enemies":"Jaw Worm Horde","floor":41,"turns":6},{"damage":0,"enemies":"4 Shapes","floor":42,"turns":4},{"damage":0,"enemies":"Mind Bloom Boss Battle","floor":44,"turns":7},{"damage":6,"enemies":"Transient","floor":47,"turns":5},{"damage":0,"enemies":"Donu and Deca","floor":50,"turns":8},{"damage":2,"enemies":"Shield and Spear","floor":54,"turns":6},{"damage":70,"enemies":"The Heart","floor":55,"turns":9}],"seed_played":"6193622046567406349","potions_obtained":[{"floor":3,"key":"GamblersBrew"},{"floor":5,"key":"Fire Potion"},{"floor":8,"key":"SteroidPotion"},{"floor":14,"key":"PowerPotion"},{"floor":16,"key":"GamblersBrew"},{"floor":18,"key":"GhostInAJar"},{"floor":27,"key":"SpeedPotion"},{"floor":31,"key":"Block Potion"},{"floor":37,"key":"SpeedPotion"},{"floor":38,"key":"GhostInAJar"},{"floor":40,"key":"Regen Potion"},{"floor":47,"key":"AttackPotion"},{"floor":54,"key":"Block Potion"}],"is_trial":false,"path_per_floor":["M","?","M","M","M","R","E","M","T","?","E","$","?","M","R","B",null,"M","M","?","M","?","E","$","R","T","M","M","E","R","M","R","B",null,"M","$","M","M","?","E","M","M","T","?","?","R","M","?","R","B",null,"R","$","E","B",null],"character_chosen":"THE_SILENT","items_purchased":["Footwork","Snake Skull","Dodge and Roll+1","Dodecahedron","War Paint","PiercingWail+1","Bandage Up+1","Dodge and Roll+1","StoneCalendar","Vajra"],"campfire_rested":0,"item_purchase_floors":[12,12,12,36,36,36,36,53,53,53],"current_hp_per_floor":[70,70,69,69,68,68,56,56,56,44,18,18,41,41,41,41,70,70,66,66,65,65,58,58,58,65,61,60,60,60,51,51,46,77,76,76,77,77,52,58,76,77,77,91,91,91,91,91,91,91,91,91,91,89,27],"gold":36,"neow_bonus":"RANDOM_COMMON_RELIC","is_prod":false,"is_daily":false,"chose_seed":false,"campfire_upgraded":7,"win_rate":0,"timestamp":1560017455,"path_taken":["M","?","M","M","M","R","E","M","T","?","E","?","?","M","R","BOSS","M","M","?","M","?","E","$","R","T","M","M","E","R","?","R","BOSS","M","$","M","M","?","E","M","M","T","?","?","R","M","?","R","BOSS","R","$","E","BOSS"],"build_version":"2019-01-23","purchased_purges":3,"victory":true,"max_hp_per_floor":[70,70,70,70,70,70,70,70,70,70,70,70,70,70,70,70,70,70,70,70,70,70,70,70,70,77,77,77,77,77,77,77,77,77,77,77,77,77,77,77,77,77,77,91,91,91,91,91,91,91,91,91,91,91,91],"card_choices":[{"not_picked":["Outmaneuver","Masterful Stab"],"picked":"Cloak And Dagger","floor":1},{"not_picked":["Masterful Stab","Deflect"],"picked":"Quick Slash","floor":3},{"not_picked":["Distraction","Endless Agony"],"picked":"Bouncing Flask","floor":4},{"not_picked":["Acrobatics","Deadly Poison","Underhanded Strike"],"picked":"SKIP","floor":5},{"not_picked":["Bane","Night Terror"],"picked":"Backflip","floor":7},{"not_picked":["Distraction","Outmaneuver","Poisoned Stab"],"picked":"SKIP","floor":8},{"not_picked":["Bane","Eviscerate"],"picked":"Well Laid Plans","floor":11},{"not_picked":["Cloak And Dagger+1","Bane"],"picked":"Noxious Fumes","floor":14},{"not_picked":["After Image","Burst+1"],"picked":"Malaise+1","floor":16},{"not_picked":["Skewer","Bane","Setup+1"],"picked":"SKIP","floor":18},{"not_picked":["Flechettes","Deflect+1"],"picked":"Deadly Poison+1","floor":19},{"not_picked":["Expertise+1","Leg Sweep+1"],"picked":"Prepared+1","floor":21},{"not_picked":["Bane","Crippling Poison+1","Flying Knee"],"picked":"SKIP","floor":23},{"not_picked":["Backflip+1","PiercingWail+1"],"picked":"Noxious Fumes","floor":27},{"not_picked":["Die Die Die","Bouncing Flask+1","Noxious Fumes"],"picked":"SKIP","floor":28},{"not_picked":["Deflect+1","Endless Agony+1","Acrobatics+1"],"picked":"SKIP","floor":29},{"not_picked":["Flying Knee","Bane","Backstab+1"],"picked":"SKIP","floor":31},{"not_picked":["Bullet Time+1","Unload"],"picked":"A Thousand Cuts","floor":33},{"not_picked":["Choke","Dagger Throw+1"],"picked":"Caltrops+1","floor":35},{"not_picked":["Deflect+1","Bane+1"],"picked":"Blur+1","floor":37},{"not_picked":["Flying Knee+1","Setup+1"],"picked":"Footwork","floor":38},{"not_picked":["Choke","Skewer+1"],"picked":"Catalyst+1","floor":40},{"not_picked":["Dagger Spray","Calculated Gamble+1","Cloak And Dagger+1"],"picked":"SKIP","floor":41},{"not_picked":["All Out Attack","Poisoned Stab"],"picked":"Escape Plan+1","floor":42},{"not_picked":["Forethought+1","HandOfGreed","Dramatic Entrance"],"picked":"Good Instincts+1","floor":45},{"not_picked":["Underhanded Strike","Deadly Poison+1","Distraction+1"],"picked":"Dodge and Roll+1","floor":47},{"not_picked":["Deadly Poison+1","Poisoned Stab+1","Riddle With Holes+1"],"picked":"PiercingWail+1","floor":54}],"player_experience":134195,"relics_obtained":[{"floor":7,"key":"Tingsha"},{"floor":11,"key":"Toxic Egg 2"},{"floor":23,"key":"MawBank"},{"floor":23,"key":"Mercury Hourglass"},{"floor":26,"key":"Strawberry"},{"floor":29,"key":"Anchor"},{"floor":29,"key":"Bag of Marbles"},{"floor":39,"key":"Thread and Needle"},{"floor":40,"key":"Orichalcum"},{"floor":40,"key":"Old Coin"},{"floor":43,"key":"Question Card"},{"floor":44,"key":"Mango"},{"floor":54,"key":"Bottled Lightning"},{"floor":54,"key":"Blood Vial"}],"event_choices":[{"damage_healed":0,"gold_gain":175,"player_choice":"AGREE","damage_taken":0,"max_hp_gain":0,"max_hp_loss":0,"event_name":"Liars Game","floor":2,"gold_loss":0,"cards_obtained":["Doubt"]},{"damage_healed":0,"gold_gain":0,"player_choice":"Success","damage_taken":12,"relics_obtained":["Oddly Smooth Stone"],"max_hp_gain":0,"max_hp_loss":0,"event_name":"Scrap Ooze","floor":10,"gold_loss":0},{"damage_healed":23,"gold_gain":0,"player_choice":"Banana","damage_taken":0,"max_hp_gain":0,"max_hp_loss":0,"event_name":"Big Fish","floor":13,"gold_loss":0},{"damage_healed":0,"gold_gain":0,"player_choice":"Read","damage_taken":0,"max_hp_gain":0,"max_hp_loss":0,"event_name":"The Library","floor":20,"gold_loss":0,"cards_obtained":["Leg Sweep"]},{"damage_healed":0,"gold_gain":0,"player_choice":"Upgraded Two","damage_taken":0,"max_hp_gain":0,"max_hp_loss":0,"event_name":"Designer","floor":22,"gold_loss":40,"cards_upgraded":["Strike_G","Defend_G"]},{"damage_healed":0,"gold_gain":0,"player_choice":"Fight","damage_taken":0,"max_hp_gain":0,"max_hp_loss":0,"event_name":"Mysterious Sphere","floor":39,"gold_loss":0},{"damage_healed":0,"gold_gain":0,"player_choice":"Fight","damage_taken":0,"max_hp_gain":0,"max_hp_loss":0,"event_name":"MindBloom","floor":44,"gold_loss":0},{"damage_healed":0,"gold_gain":0,"player_choice":"Memory 1","damage_taken":0,"max_hp_gain":0,"max_hp_loss":0,"event_name":"SensoryStone","floor":45,"gold_loss":0},{"cards_removed":["Escape Plan"],"damage_healed":0,"gold_gain":0,"player_choice":"Removed Skill","damage_taken":0,"max_hp_gain":0,"max_hp_loss":0,"event_name":"Falling","floor":48,"gold_loss":0}],"is_beta":false,"boss_relics":[{"not_picked":["Eternal Feather","Pandora\u0027s Box"],"picked":"Black Star"},{"not_picked":["Runic Pyramid","Busted Crown"],"picked":"Ring of the Serpent"}],"items_purged_floors":[12,36,53],"is_endless":false,"potions_floor_spawned":[3,5,8,14,16,18,19,21,27,31,37,38,40,47,54],"ascension_level":0}