{"gold_per_floor":[216,216,29,43,63,63,92,92,92,92,92,107,127,160,172,255,267,295,307,319,15,28,57,57,4,4,16,48,63,63,78,78,78],"floor_reached":33,"playtime":2527,"items_purged":["Strike_G"],"score":590,"play_id":"Baalorlord-205c48de","local_time":"20190713175453","is_ascension_mode":true,"campfire_choices":[{"data":"Bouncing Flask","floor":6,"key":"SMITH"},{"data":"Terror","floor":8,"key":"SMITH"},{"data":"Neutralize","floor":10,"key":"SMITH"},{"floor":15,"key":"REST"},{"floor":24,"key":"REST"},{"data":"Cloak And Dagger","floor":30,"key":"SMITH"},{"floor":32,"key":"REST"}],"neow_cost":"NONE","seed_source_timestamp":463453292923900,"circlet_count":0,"master_deck":["AscendersBane","Strike_G","Strike_G","Strike_G","Defend_G","Defend_G","Defend_G","Defend_G","Survivor","Neutralize+1","PiercingWail","Sucker Punch","Terror+1","Bouncing Flask+1","All Out Attack","Glass Knife","Dagger Spray","Poisoned Stab","Adrenaline","Backflip","Ghostly","Ghostly","Ghostly","Footwork","Backflip","Cloak And Dagger+1","Blur","Slice","Blade Dance+1"],"relics":["Ring of the Snake","Shuriken","Paper Crane","MawBank","Black Star","Kunai","Du-Vu Doll","Omamori","Singing Bowl","Sundial","Letter Opener"],"potions_floor_usage":[7,14,16,23,23,28,33,33],"damage_taken":[{"damage":4,"enemies":"Small Slimes","floor":1,"turns":5},{"damage":0,"enemies":"2 Louse","floor":4,"turns":4},{"damage":1,"enemies":"Jaw Worm","floor":5,"turns":4},{"damage":23,"enemies":"3 Sentries","floor":7,"turns":10},{"damage":3,"enemies":"Red Slaver","floor":12,"turns":3},{"damage":0,"enemies":"Blue Slaver","floor":13,"turns":3},{"damage":6,"enemies":"Gremlin Nob","floor":14,"turns":4},{"damage":7,"enemies":"Slime Boss","floor":16,"turns":7},{"damage":20,"enemies":"Chosen","floor":18,"turns":5},{"damage":0,"enemies":"Spheric Guardian","floor":22,"turns":3},{"damage":27,"enemies":"Slavers","floor":23,"turns":9},{"damage":1,"enemies":"Snecko","floor":27,"turns":4},{"damage":9,"enemies":"Gremlin Leader","floor":28,"turns":6},{"damage":0,"enemies":"Centurion and Healer","floor":29,"turns":8},{"damage":0,"enemies":"3 Cultists","floor":31,"turns":4},{"damage":29,"enemies":"Champ","floor":33,"turns":14}],"seed_played":"-1344962838299113336","potions_obtained":[{"floor":5,"key":"SpeedPotion"},{"floor":12,"key":"PowerPotion"},{"floor":16,"key":"PowerPotion"},{"floor":27,"key":"SteroidPotion"},{"floor":29,"key":"Poison Potion"},{"floor":31,"key":"SkillPotion"}],"is_trial":false,"path_per_floor":["M","?","$","M","M","R","E","R","T","R","?","M","M","E","R","B",null,"M","?","?","$","M","E","R","$","T","M","E","M","R","M","R","B"],"character_chosen":"THE_SILENT","items_purchased":["Sucker Punch","Fire Potion","Kunai","PowerPotion","Cloak And Dagger"],"campfire_rested":3,"item_purchase_floors":[3,3,21,21,25],"current_hp_per_floor":[55,60,60,60,59,59,36,36,36,36,29,26,26,20,41,34,62,42,35,35,35,35,8,18,18,18,19,10,10,10,10,21,0],"gold":78,"neow_bonus":"HUNDRED_GOLD","is_prod":false,"is_daily":false,"chose_seed":false,"campfire_upgraded":4,"win_rate":0,"timestamp":1563054893,"path_taken":["M","?","$","M","M","R","E","R","T","R","?","M","M","E","R","BOSS","M","?","?","$","M","E","R","$","T","M","E","?","R","M","R","BOSS"],"build_version":"2019-07-05","purchased_purges":1,"victory":false,"max_hp_per_floor":[66,71,71,71,71,71,71,71,71,71,71,71,71,71,71,71,71,71,35,35,35,35,35,35,35,35,37,37,37,37,37,37,37],"card_choices":[{"not_picked":["Flying Knee","Blade Dance"],"picked":"PiercingWail","floor":1},{"not_picked":["PiercingWail","Backflip"],"picked":"Terror","floor":4},{"not_picked":["Bane","Deflect"],"picked":"Bouncing Flask","floor":5},{"not_picked":["PiercingWail","Blur"],"picked":"All Out Attack","floor":7},{"not_picked":["Endless Agony","Cloak And Dagger"],"picked":"Glass Knife","floor":12},{"not_picked":["Quick Slash","Riddle With Holes"],"picked":"Dagger Spray","floor":13},{"not_picked":["Accuracy","Prepared"],"picked":"Poisoned Stab","floor":14},{"not_picked":["Unload","After Image"],"picked":"Adrenaline","floor":16},{"not_picked":["Riddle With Holes","Dagger Spray"],"picked":"Backflip","floor":18},{"not_picked":["All Out Attack","Deadly Poison"],"picked":"Backflip","floor":22},{"not_picked":["Underhanded Strike","Venomology","Acrobatics"],"picked":"SKIP","floor":23},{"not_picked":["Underhanded Strike","Venomology","Acrobatics"],"picked":"SKIP","floor":23},{"not_picked":["Quick Slash","Deflect","Sucker Punch"],"picked":"Singing Bowl","floor":27},{"not_picked":["Acrobatics","All Out Attack"],"picked":"Blur","floor":28},{"not_picked":["Acrobatics","Backflip"],"picked":"Slice","floor":29},{"not_picked":["Outmaneuver","Deadly Poison"],"picked":"Blade Dance+1","floor":31}],"player_experience":2269003,"relics_obtained":[{"floor":7,"key":"Shuriken"},{"floor":9,"key":"Paper Crane"},{"floor":14,"key":"MawBank"},{"floor":23,"key":"Du-Vu Doll"},{"floor":23,"key":"Omamori"},{"floor":26,"key":"Singing Bowl"},{"floor":28,"key":"Sundial"},{"floor":28,"key":"Letter Opener"}],"event_choices":[{"damage_healed":0,"gold_gain":0,"player_choice":"Donut","damage_taken":0,"max_hp_gain":5,"max_hp_loss":0,"event_name":"Big Fish","floor":2,"gold_loss":0},{"cards_removed":["Strike_G"],"damage_healed":0,"gold_gain":0,"player_choice":"Card Removal","damage_taken":7,"max_hp_gain":0,"max_hp_loss":0,"event_name":"Golden Wing","floor":11,"gold_loss":0},{"damage_healed":0,"gold_gain":0,"player_choice":"Became a Ghost","damage_taken":0,"max_hp_gain":0,"max_hp_loss":36,"event_name":"Ghosts","floor":19,"gold_loss":0,"cards_obtained":["Ghostly","Ghostly","Ghostly"]},{"damage_healed":0,"gold_gain":0,"cards_transformed":["Defend_G"],"player_choice":"Transformed","damage_taken":0,"max_hp_gain":0,"max_hp_loss":0,"event_name":"Transmorgrifier","floor":20,"gold_loss":0,"cards_obtained":["Footwork"]}],"is_beta":false,"boss_relics":[{"not_picked":["Ring of the Serpent","Calling Bell"],"picked":"Black Star"}],"items_purged_floors":[3],"is_endless":false,"potions_floor_spawned":[5,12,16,27,29,31],"killed_by":"Champ","ascension_level":20}