{"gold_per_floor":[11,11,22,36,86,112,112,112,112,35,35,69,81,114,114,191,191,201,201,218,1,20,20,46,46,72,87,106,62,62,73,73,150,150,168,81,93,113,113,146,146,174,174,174,174,188,215,115,115,115,115,115,115,115,147,147],"floor_reached":57,"playtime":5921,"items_purged":["Strike_B","Strike_B"],"score":2660,"play_id":"Baalorlord-06c6c9b4","local_time":"20190611145225","is_ascension_mode":true,"campfire_choices":[{"data":"Beam Cell","floor":8,"key":"SMITH"},{"data":"Defragment","floor":11,"key":"SMITH"},{"data":"Seek","floor":15,"key":"SMITH"},{"floor":23,"key":"REST"},{"data":"Static Discharge","floor":25,"key":"SMITH"},{"data":"Biased Cognition","floor":30,"key":"SMITH"},{"data":"Leap","floor":32,"key":"SMITH"},{"floor":41,"key":"REST"},{"data":"Capacitor","floor":44,"key":"SMITH"},{"floor":49,"key":"RECALL"},{"data":"Buffer","floor":53,"key":"SMITH"}],"neow_cost":"NO_GOLD","seed_source_timestamp":190188008616200,"circlet_count":0,"master_deck":["AscendersBane","Strike_B","Strike_B","Defend_B","Defend_B","Defend_B","Defend_B","Zap","Dualcast","Rebound","Ball Lightning","FTL","Beam Cell+1","Defragment+1","Seek+1","Genetic Algorithm","Skim","Biased Cognition+1","Leap+1","Leap+1","Static Discharge+1","PanicButton","Lockon+1","Tempest+1","Glacier","Echo Form","Creative AI","Hologram+1","Capacitor+1","Coolheaded","Genetic Algorithm+1","Hologram+1","Buffer+1"],"relics":["Cracked Core","Torii","Dream Catcher","Symbiotic Virus","Bird Faced Urn","Vajra","Velvet Choker","Bronze Scales","Snecko Eye","Art of War","Sundial","Strawberry","Gambling Chip","Happy Flower"],"potions_floor_usage":[7,7,14,18,27,31,33,40,55,56,56],"damage_taken":[{"damage":1,"enemies":"Jaw Worm","floor":1,"turns":4},{"damage":1,"enemies":"Small Slimes","floor":3,"turns":3},{"damage":1,"enemies":"Cultist","floor":4,"turns":3},{"damage":8,"enemies":"Gremlin Nob","floor":6,"turns":3},{"damage":2,"enemies":"Exordium Thugs","floor":7,"turns":3},{"damage":11,"enemies":"3 Sentries","floor":12,"turns":4},{"damage":10,"enemies":"Red Slaver","floor":13,"turns":3},{"damage":11,"enemies":"Gremlin Nob","floor":14,"turns":3},{"damage":15,"enemies":"Slime Boss","floor":16,"turns":6},{"damage":22,"enemies":"2 Thieves","floor":18,"turns":3},{"damage":9,"enemies":"Shell Parasite","floor":20,"turns":3},{"damage":28,"enemies":"Sentry and Sphere","floor":22,"turns":5},{"damage":1,"enemies":"Gremlin Leader","floor":24,"turns":6},{"damage":16,"enemies":"Shelled Parasite and Fungi","floor":27,"turns":3},{"damage":1,"enemies":"Snecko","floor":28,"turns":3},{"damage":10,"enemies":"Centurion and Healer","floor":31,"turns":6},{"damage":13,"enemies":"Automaton","floor":33,"turns":8},{"damage":0,"enemies":"Orb Walker","floor":35,"turns":2},{"damage":33,"enemies":"3 Darklings","floor":37,"turns":13},{"damage":2,"enemies":"Spire Growth","floor":38,"turns":6},{"damage":53,"enemies":"Reptomancer","floor":40,"turns":7},{"damage":2,"enemies":"Nemesis","floor":42,"turns":11},{"damage":32,"enemies":"Sphere and 2 Shapes","floor":46,"turns":11},{"damage":27,"enemies":"Reptomancer","floor":47,"turns":8},{"damage":16,"enemies":"Donu and Deca","floor":50,"turns":8},{"damage":22,"enemies":"Time Eater","floor":51,"turns":10},{"damage":62,"enemies":"Shield and Spear","floor":55,"turns":7},{"damage":31,"enemies":"The Heart","floor":56,"turns":9}],"seed_played":"1702222169452140249","potions_obtained":[{"floor":3,"key":"SpeedPotion"},{"floor":4,"key":"SmokeBomb"},{"floor":12,"key":"Strength Potion"},{"floor":14,"key":"Block Potion"},{"floor":18,"key":"Fire Potion"},{"floor":27,"key":"Swift Potion"},{"floor":28,"key":"Weak Potion"},{"floor":37,"key":"FearPotion"},{"floor":40,"key":"FocusPotion"},{"floor":42,"key":"LiquidBronze"},{"floor":55,"key":"Swift Potion"}],"is_trial":false,"path_per_floor":["M","?","M","M","?","E","M","R","T","$","R","E","M","E","R","B",null,"M","?","M","$","M","R","E","R","T","M","M","$","R","M","R","B",null,"M","$","M","M","?","E","R","E","T","R","?","M","E","$","R","B","B",null,"R","$","E","B",null],"character_chosen":"DEFECT","items_purchased":["Defragment","Static Discharge","PanicButton","Glacier","Capacitor"],"campfire_rested":2,"item_purchase_floors":[10,21,21,29,36],"current_hp_per_floor":[63,68,67,66,66,58,56,56,56,56,56,45,37,28,28,15,61,43,43,36,36,14,36,41,41,41,29,34,34,34,30,30,29,64,68,68,76,76,66,27,49,76,83,83,83,83,74,74,74,83,77,82,82,82,35,40],"gold":147,"neow_bonus":"ONE_RARE_RELIC","is_prod":false,"is_daily":false,"chose_seed":false,"campfire_upgraded":8,"win_rate":0,"timestamp":1560279145,"path_taken":["M","?","M","M","?","E","?","R","T","?","R","E","M","E","R","BOSS","M","?","M","$","M","R","E","R","T","?","M","?","R","M","R","BOSS","M","$","?","M","?","E","R","E","T","R","?","M","E","?","R","BOSS","BOSS","R","$","E","BOSS"],"build_version":"2019-01-23","purchased_purges":2,"victory":true,"max_hp_per_floor":[71,76,76,76,76,76,76,76,76,76,76,76,76,76,76,76,76,76,76,76,76,76,76,76,76,76,76,76,76,76,76,76,76,76,76,76,76,76,76,76,76,76,83,83,83,83,83,83,83,83,83,83,83,83,83,83],"card_choices":[{"not_picked":["Beam Cell","Reprogram"],"picked":"Rebound","floor":1},{"not_picked":["Reprogram","Rebound"],"picked":"Ball Lightning","floor":3},{"not_picked":["Force Field","Scrape"],"picked":"FTL","floor":4},{"not_picked":["Barrage","Streamline"],"picked":"Beam Cell","floor":6},{"not_picked":["White Noise","Turbo"],"picked":"Seek","floor":12},{"not_picked":["Hologram","Compile Driver"],"picked":"Genetic Algorithm","floor":13},{"not_picked":["Stack","Rebound"],"picked":"Skim","floor":14},{"not_picked":["Fission","Meteor Strike"],"picked":"Biased Cognition","floor":16},{"not_picked":["Gash","Tempest"],"picked":"Leap","floor":18},{"not_picked":["Hello World","Stack"],"picked":"Leap","floor":20},{"not_picked":["Doom and Gloom","Heatsinks"],"picked":"Lockon+1","floor":22},{"not_picked":["Genetic Algorithm","Ball Lightning"],"picked":"Tempest+1","floor":23},{"not_picked":["Hyperbeam","Barrage","Conserve Battery"],"picked":"SKIP","floor":24},{"not_picked":["Hologram","Streamline+1","Redo"],"picked":"SKIP","floor":27},{"not_picked":["Gash","Rebound","Hologram"],"picked":"SKIP","floor":28},{"not_picked":["Compile Driver","Ball Lightning"],"picked":"Echo Form","floor":31},{"not_picked":["Machine Learning","Reboot"],"picked":"Creative AI","floor":33},{"not_picked":["Sweeping Beam+1","Cold Snap"],"picked":"Hologram+1","floor":35},{"not_picked":["Hologram","Sweeping Beam","Go for the Eyes"],"picked":"SKIP","floor":37},{"not_picked":["Ball Lightning+1","Rebound+1"],"picked":"Coolheaded","floor":38},{"not_picked":["Static Discharge","Turbo","Conserve Battery"],"picked":"SKIP","floor":40},{"not_picked":["Static Discharge","Turbo","Conserve Battery"],"picked":"SKIP","floor":40},{"not_picked":["Melter","Cold Snap"],"picked":"Genetic Algorithm+1","floor":41},{"not_picked":["Sweeping Beam","Chill+1"],"picked":"Hologram+1","floor":42},{"not_picked":["Steam+1","Go for the Eyes","Recycle"],"picked":"SKIP","floor":46},{"not_picked":["Undo","Conserve Battery"],"picked":"Buffer","floor":47},{"not_picked":["Streamline","Hyperbeam","Rip and Tear+1"],"picked":"SKIP","floor":55}],"player_experience":2096232,"relics_obtained":[{"floor":6,"key":"Dream Catcher"},{"floor":9,"key":"Symbiotic Virus"},{"floor":12,"key":"Bird Faced Urn"},{"floor":14,"key":"Vajra"},{"floor":24,"key":"Bronze Scales"},{"floor":40,"key":"Art of War"},{"floor":42,"key":"Sundial"},{"floor":43,"key":"Strawberry"},{"floor":47,"key":"Gambling Chip"},{"floor":55,"key":"Happy Flower"}],"event_choices":[{"damage_healed":0,"gold_gain":0,"player_choice":"Donut","damage_taken":0,"max_hp_gain":5,"max_hp_loss":0,"event_name":"Big Fish","floor":2,"gold_loss":0},{"damage_healed":0,"gold_gain":50,"player_choice":"Pray","damage_taken":0,"max_hp_gain":0,"max_hp_loss":0,"event_name":"Golden Shrine","floor":5,"gold_loss":0},{"damage_healed":0,"gold_gain":0,"player_choice":"Upgraded","damage_taken":0,"max_hp_gain":0,"max_hp_loss":0,"event_name":"Upgrade Shrine","floor":19,"gold_loss":0,"cards_upgraded":["Leap"]},{"damage_healed":0,"gold_gain":0,"player_choice":"Memory 3","damage_taken":10,"max_hp_gain":0,"max_hp_loss":0,"event_name":"SensoryStone","floor":39,"gold_loss":0},{"damage_healed":0,"gold_gain":0,"player_choice":"Ignored","damage_taken":0,"max_hp_gain":0,"max_hp_loss":0,"event_name":"Tomb of Lord Red Mask","floor":45,"gold_loss":0}],"is_beta":false,"boss_relics":[{"not_picked":["Black Star","Orrery"],"picked":"Velvet Choker"},{"not_picked":["Eternal Feather","Nuclear Battery"],"picked":"Snecko Eye"}],"items_purged_floors":[21,48],"is_endless":false,"potions_floor_spawned":[3,4,12,14,18,27,28,37,40,42,47,55],"ascension_level":20}