{"gold_per_floor":[111,130,130,144,69,104,54,65,92,92,109,128,128,128,128,232,232,243,243,57,75,93,93,93,93,123,123,156,172,183,198,198,298,298,311,311,324,8,8,8,26,26,26,26,26,55,155,174,174,194],"floor_reached":51,"playtime":3301,"items_purged":["Defend_G","Defend_G"],"score":697,"play_id":"c507f4ba-5ba6-4815-ac8a-39ac38600c1a","local_time":"20181230234847","is_ascension_mode":false,"campfire_choices":[{"data":"Infinite Blades","floor":10,"key":"SMITH"},{"data":"Acrobatics","floor":13,"key":"SMITH"},{"floor":15,"key":"REST"},{"data":"After Image","floor":23,"key":"SMITH"},{"floor":25,"key":"REST"},{"floor":32,"key":"REST"},{"floor":40,"key":"REST"},{"floor":45,"key":"REST"},{"floor":49,"key":"REST"}],"neow_cost":"NONE","seed_source_timestamp":739143392905121,"circlet_count":0,"master_deck":["Defend_G","Defend_G","Strike_G","Strike_G","Survivor","Neutralize","Slice","Infinite Blades+1","Acrobatics+1","Sucker Punch","Slice","Masterful Stab","Outmaneuver","After Image+1","Setup+1","Expertise+1","Deflect+1","Accuracy","Cloak And Dagger","Flying Knee","Well Laid Plans","Distraction+1","Outmaneuver+1","Malaise+1","All Out Attack","Prepared+1","Blur+1","Adrenaline+1","Acrobatics+1","Terror+1","Magnetism","Trip+1","Swift Strike","Prepared+1","Tactician+1","Endless Agony"],"relics":["Ring of the Serpent","NeowsBlessing","Vajra","Regal Pillow","Boot","Bag of Marbles","Astrolabe","Nilry\u0027s Codex","Tiny Chest","Toxic Egg 2","Mercury Hourglass","Chemical X","Gambling Chip","Bottled Tornado","Ice Cream"],"potions_floor_usage":[16,22,28,28,30,33,37,46,50,50],"damage_taken":[{"damage":0,"enemies":"Cultist","floor":1,"turns":1},{"damage":0,"enemies":"2 Louse","floor":2,"turns":1},{"damage":0,"enemies":"Small Slimes","floor":4,"turns":1},{"damage":25,"enemies":"3 Sentries","floor":6,"turns":7},{"damage":13,"enemies":"Exordium Thugs","floor":8,"turns":4},{"damage":4,"enemies":"2 Fungi Beasts","floor":11,"turns":3},{"damage":0,"enemies":"Large Slime","floor":12,"turns":4},{"damage":40,"enemies":"Hexaghost","floor":16,"turns":13},{"damage":13,"enemies":"Spheric Guardian","floor":18,"turns":5},{"damage":2,"enemies":"Chosen","floor":21,"turns":4},{"damage":11,"enemies":"Centurion and Healer","floor":22,"turns":10},{"damage":13,"enemies":"Book of Stabbing","floor":28,"turns":5},{"damage":3,"enemies":"Chosen and Byrds","floor":29,"turns":5},{"damage":9,"enemies":"Shelled Parasite and Fungi","floor":30,"turns":4},{"damage":2,"enemies":"Snecko","floor":31,"turns":5},{"damage":61,"enemies":"Collector","floor":33,"turns":11},{"damage":29,"enemies":"3 Shapes","floor":35,"turns":5},{"damage":27,"enemies":"3 Darklings","floor":37,"turns":4},{"damage":13,"enemies":"Transient","floor":41,"turns":5},{"damage":36,"enemies":"Nemesis","floor":46,"turns":5},{"damage":0,"enemies":"Mind Bloom Boss Battle","floor":47,"turns":6},{"damage":29,"enemies":"Sphere and 2 Shapes","floor":48,"turns":7},{"damage":35,"enemies":"Awakened One","floor":50,"turns":13}],"seed_played":"1747053013800083826","potions_obtained":[{"floor":1,"key":"GamblersBrew"},{"floor":6,"key":"GhostInAJar"},{"floor":8,"key":"FearPotion"},{"floor":18,"key":"EssenceOfSteel"},{"floor":22,"key":"Swift Potion"},{"floor":30,"key":"Dexterity Potion"},{"floor":31,"key":"FearPotion"},{"floor":33,"key":"Regen Potion"},{"floor":41,"key":"Fire Potion"},{"floor":46,"key":"Energy Potion"}],"is_trial":false,"path_per_floor":["M","M","?","M","$","E","?","M","T","R","M","M","R","?","R","B",null,"M","?","$","M","M","R","?","R","T","?","E","M","M","M","R","B",null,"M","?","M","$","?","R","M","$","T","?","R","E","?","M","R","B",null],"character_chosen":"THE_SILENT","items_purchased":["Accuracy","Cloak And Dagger","Adrenaline+1","Chemical X","Acrobatics+1"],"campfire_rested":6,"item_purchase_floors":[20,20,38,38,38],"current_hp_per_floor":[70,70,63,63,63,38,38,25,25,25,21,21,21,21,57,17,70,57,57,57,55,44,44,28,64,64,64,51,48,39,37,70,9,70,41,41,26,26,26,62,49,49,49,39,70,34,34,5,41,6],"gold":194,"neow_bonus":"THREE_ENEMY_KILL","is_prod":false,"is_daily":false,"chose_seed":false,"campfire_upgraded":3,"win_rate":0,"timestamp":1546231727,"path_taken":["M","?","?","M","$","E","?","M","T","R","M","?","R","?","R","BOSS","M","?","$","M","M","R","?","R","T","?","E","M","M","M","R","BOSS","M","?","M","$","?","R","?","?","T","?","R","E","?","M","R","BOSS"],"build_version":"2018-12-20","purchased_purges":2,"victory":true,"max_hp_per_floor":[70,70,70,70,70,70,70,70,70,70,70,70,70,70,70,70,70,70,70,70,70,70,70,70,70,70,70,70,70,70,70,70,70,70,70,70,70,70,70,70,70,70,70,70,70,70,70,70,70,70],"card_choices":[{"not_picked":["Reflex","Deadly Poison"],"picked":"Slice","floor":1},{"not_picked":["Dagger Throw","Quick Slash"],"picked":"Infinite Blades","floor":2},{"not_picked":["PiercingWail","Quick Slash"],"picked":"Acrobatics","floor":4},{"not_picked":["Bane","Acrobatics"],"picked":"Sucker Punch","floor":6},{"not_picked":["Quick Slash","Acrobatics"],"picked":"Slice","floor":8},{"not_picked":["Leg Sweep","Deadly Poison"],"picked":"Masterful Stab","floor":11},{"not_picked":["Bullet Time","Dagger Throw"],"picked":"Outmaneuver","floor":12},{"not_picked":["Corpse Explosion","Venomology"],"picked":"After Image","floor":16},{"not_picked":["Poisoned Stab","Well Laid Plans"],"picked":"Deflect+1","floor":18},{"not_picked":["Poisoned Stab","Bane"],"picked":"Flying Knee","floor":21},{"not_picked":["Flying Knee","Leg Sweep"],"picked":"Well Laid Plans","floor":22},{"not_picked":["Expertise+1","Reflex+1"],"picked":"Distraction+1","floor":28},{"not_picked":["Sucker Punch","Dagger Throw"],"picked":"Outmaneuver+1","floor":29},{"not_picked":["PiercingWail+1","Backflip+1"],"picked":"Malaise+1","floor":30},{"not_picked":["Outmaneuver+1","Poisoned Stab"],"picked":"All Out Attack","floor":31},{"not_picked":["Venomology+1","Unload"],"picked":"Doppelganger+1","floor":33},{"not_picked":["Finisher+1","Predator+1"],"picked":"Prepared+1","floor":35},{"not_picked":["Skewer","Crippling Poison+1"],"picked":"Blur+1","floor":37},{"not_picked":["Underhanded Strike","Dagger Throw"],"picked":"Terror+1","floor":41},{"not_picked":["Dark Shackles+1","Forethought+1"],"picked":"Magnetism","floor":44},{"not_picked":["Dark Shackles+1","Secret Weapon+1"],"picked":"Trip+1","floor":44},{"not_picked":["Enlightenment+1","Discovery+1"],"picked":"Swift Strike","floor":44},{"not_picked":["Crippling Poison+1","Dagger Spray"],"picked":"Prepared+1","floor":46},{"not_picked":["Quick Slash+1","Dagger Spray"],"picked":"Tactician+1","floor":47},{"not_picked":["Dodge and Roll+1","Poisoned Stab+1"],"picked":"Endless Agony","floor":48}],"player_experience":194193,"relics_obtained":[{"floor":6,"key":"Regal Pillow"},{"floor":9,"key":"Boot"},{"floor":24,"key":"Nilry\u0027s Codex"},{"floor":26,"key":"Tiny Chest"},{"floor":28,"key":"Mercury Hourglass"},{"floor":43,"key":"Gambling Chip"},{"floor":46,"key":"Bottled Tornado"},{"floor":47,"key":"Ice Cream"}],"event_choices":[{"damage_healed":0,"gold_gain":0,"player_choice":"Success","damage_taken":7,"relics_obtained":["Vajra"],"max_hp_gain":0,"max_hp_loss":0,"event_name":"Scrap Ooze","floor":3,"gold_loss":0},{"cards_removed":["Strike_G"],"damage_healed":0,"gold_gain":0,"player_choice":"Card Removal","damage_taken":0,"max_hp_gain":0,"max_hp_loss":0,"event_name":"The Cleric","floor":7,"gold_loss":50},{"damage_healed":0,"gold_gain":0,"player_choice":"Box","damage_taken":0,"relics_obtained":["Bag of Marbles"],"max_hp_gain":0,"max_hp_loss":0,"event_name":"Big Fish","floor":14,"gold_loss":0,"cards_obtained":["Regret"]},{"cards_removed":["Strike_G"],"damage_healed":0,"gold_gain":0,"player_choice":"Elegance","damage_taken":0,"max_hp_gain":0,"max_hp_loss":0,"event_name":"Back to Basics","floor":19,"gold_loss":0},{"damage_healed":0,"gold_gain":0,"player_choice":"Obtained Book","damage_taken":16,"max_hp_gain":0,"max_hp_loss":0,"event_name":"Cursed Tome","floor":24,"gold_loss":0},{"damage_healed":0,"gold_gain":0,"player_choice":"Opened","damage_taken":0,"relics_obtained":["Toxic Egg 2"],"max_hp_gain":0,"max_hp_loss":0,"event_name":"The Mausoleum","floor":27,"gold_loss":0,"cards_obtained":["Writhe"]},{"cards_removed":["Doppelganger"],"damage_healed":0,"gold_gain":0,"player_choice":"Removed Skill","damage_taken":0,"max_hp_gain":0,"max_hp_loss":0,"event_name":"Falling","floor":36,"gold_loss":0},{"cards_removed":["Writhe","Pain"],"damage_healed":0,"gold_gain":0,"player_choice":"Removed Curses","damage_taken":0,"max_hp_gain":0,"max_hp_loss":0,"event_name":"Fountain of Cleansing","floor":39,"gold_loss":0},{"damage_healed":0,"gold_gain":0,"player_choice":"Memory 3","damage_taken":10,"max_hp_gain":0,"max_hp_loss":0,"event_name":"SensoryStone","floor":44,"gold_loss":0},{"damage_healed":0,"gold_gain":0,"player_choice":"Fight","damage_taken":0,"max_hp_gain":0,"max_hp_loss":0,"event_name":"MindBloom","floor":47,"gold_loss":0}],"is_beta":false,"boss_relics":[{"not_picked":["White Beast Statue","Coffee Dripper"],"picked":"Astrolabe"},{"not_picked":["Eternal Feather","HoveringKite"],"picked":"Ring of the Serpent"}],"items_purged_floors":[5,20],"is_endless":false,"potions_floor_spawned":[1,6,8,11,18,22,30,31,33,41,46],"ascension_level":0}