{"gold_per_floor":[20,40,50,50,50,50,66,66,136,155,196,196,196,211,211,341,341,355,371,71,71],"floor_reached":21,"playtime":747,"items_purged":["Strike_G"],"score":190,"play_id":"fabc6690-d709-46d6-91f7-6aeeddcb77f9","local_time":"20190104232155","is_ascension_mode":true,"campfire_choices":[{"data":"Envenom","floor":6,"key":"SMITH"},{"floor":13,"key":"REST"},{"floor":15,"key":"REST"}],"neow_cost":"NO_GOLD","seed_source_timestamp":1172085124043870,"circlet_count":0,"master_deck":["Defend_G","Defend_G","Defend_G","Defend_G","Defend_G","Strike_G","Strike_G","Strike_G","Strike_G","Survivor","Neutralize","Envenom+1","Poisoned Stab","Bane","Escape Plan","Caltrops","Bane","Envenom","Deadly Poison","Tools of the Trade","Deadly Poison+1","Bouncing Flask","Apotheosis","Bane"],"relics":["Ring of the Snake","Art of War","Golden Idol","Bottled Lightning","Matryoshka","Coffee Dripper"],"potions_floor_usage":[16],"damage_taken":[{"damage":7,"enemies":"Cultist","floor":1,"turns":5},{"damage":2,"enemies":"Small Slimes","floor":2,"turns":3},{"damage":6,"enemies":"2 Louse","floor":3,"turns":3},{"damage":10,"enemies":"Looter","floor":7,"turns":2},{"damage":9,"enemies":"Exordium Thugs","floor":10,"turns":5},{"damage":15,"enemies":"3 Sentries","floor":11,"turns":8},{"damage":3,"enemies":"Red Slaver","floor":14,"turns":3},{"damage":31,"enemies":"Hexaghost","floor":16,"turns":5},{"damage":41,"enemies":"Spheric Guardian","floor":18,"turns":6},{"damage":21,"enemies":"Shell Parasite","floor":19,"turns":5},{"damage":6,"enemies":"Centurion and Healer","floor":21,"turns":3}],"seed_played":"8285688433401141334","potions_obtained":[{"floor":10,"key":"AttackPotion"},{"floor":11,"key":"LiquidBronze"},{"floor":19,"key":"SteroidPotion"}],"is_trial":false,"path_per_floor":["M","M","M","?","?","R","M","$","T","M","E","?","R","M","R","B",null,"M","M","$","M"],"character_chosen":"THE_SILENT","items_purchased":["Apotheosis","Bane"],"campfire_rested":2,"item_purchase_floors":[20,20],"current_hp_per_floor":[63,61,55,52,52,52,42,42,42,33,18,18,37,34,53,22,65,24,3,3,0],"gold":71,"neow_bonus":"THREE_RARE_CARDS","is_prod":false,"is_daily":false,"chose_seed":false,"campfire_upgraded":1,"win_rate":0,"timestamp":1546662115,"path_taken":["M","M","M","?","?","R","M","$","T","M","E","?","R","M","R","BOSS","M","M","$","M"],"build_version":"2019-01-03v4","purchased_purges":1,"victory":false,"max_hp_per_floor":[70,70,70,70,65,65,65,65,65,65,65,65,65,65,65,65,65,65,65,65,65],"card_choices":[{"not_picked":["Tools of the Trade","Grand Finale"],"picked":"Envenom","floor":0},{"not_picked":["Sucker Punch","Backflip"],"picked":"Poisoned Stab","floor":1},{"not_picked":["Cloak And Dagger","Dagger Throw"],"picked":"Bane","floor":2},{"not_picked":["Acrobatics","Prepared"],"picked":"Escape Plan","floor":3},{"not_picked":["Distraction","Predator"],"picked":"Caltrops","floor":7},{"not_picked":["Acrobatics","Outmaneuver"],"picked":"Bane","floor":10},{"not_picked":["Sucker Punch","Backflip"],"picked":"Envenom","floor":11},{"not_picked":["Choke","Tactician"],"picked":"Deadly Poison","floor":14},{"not_picked":["Wraith Form v2","Corpse Explosion"],"picked":"Tools of the Trade","floor":16},{"not_picked":["Caltrops","Catalyst"],"picked":"Deadly Poison+1","floor":18},{"not_picked":["Quick Slash","Dagger Throw"],"picked":"Bouncing Flask","floor":19}],"player_experience":215831,"relics_obtained":[{"floor":9,"key":"Bottled Lightning"},{"floor":11,"key":"Matryoshka"}],"event_choices":[{"damage_healed":0,"gold_gain":0,"player_choice":"Success","damage_taken":3,"relics_obtained":["Art of War"],"max_hp_gain":0,"max_hp_loss":0,"event_name":"Scrap Ooze","floor":4,"gold_loss":0},{"damage_healed":0,"gold_gain":0,"player_choice":"Lose Max HP","damage_taken":0,"relics_obtained":["Golden Idol"],"max_hp_gain":0,"max_hp_loss":5,"event_name":"Golden Idol","floor":5,"gold_loss":0},{"damage_healed":0,"gold_gain":0,"player_choice":"Searched \u00270\u0027 times","damage_taken":0,"max_hp_gain":0,"max_hp_loss":0,"event_name":"Dead Adventurer","floor":12,"gold_loss":0}],"is_beta":false,"boss_relics":[{"not_picked":["Eternal Feather","Astrolabe"],"picked":"Coffee Dripper"}],"items_purged_floors":[20],"is_endless":false,"potions_floor_spawned":[10,11,19],"killed_by":"Centurion and Healer","ascension_level":1}