{"gold_per_floor":[219,319,337,337,347,375,375,400,424,439,452,452],"floor_reached":12,"playtime":378,"items_purged":[],"score":108,"play_id":"980c00ee-f313-4def-a733-f62e0cc143db","local_time":"20190310002415","is_ascension_mode":true,"campfire_choices":[{"data":"Bash","floor":7,"key":"SMITH"}],"neow_cost":"NONE","seed_source_timestamp":770973638663782,"circlet_count":0,"master_deck":["Strike_R","Strike_R","Strike_R","Strike_R","Strike_R","Defend_R","Defend_R","Defend_R","Defend_R","Bash+1","Perfected Strike","Combust","Spot Weakness","Anger","Whirlwind","Metallicize","Inflame"],"relics":["Burning Blood","Regal Pillow","Omamori","Dream Catcher"],"potions_floor_usage":[6,6,11],"damage_taken":[{"damage":6,"enemies":"Cultist","floor":1,"turns":3},{"damage":13,"enemies":"Jaw Worm","floor":3,"turns":4},{"damage":2,"enemies":"Small Slimes","floor":5,"turns":3},{"damage":40,"enemies":"Lagavulin","floor":6,"turns":4},{"damage":10,"enemies":"Gremlin Nob","floor":8,"turns":3},{"damage":34,"enemies":"Exordium Thugs","floor":10,"turns":6},{"damage":6,"enemies":"3 Louse","floor":11,"turns":2},{"damage":12,"enemies":"Exordium Wildlife","floor":12,"turns":1}],"seed_played":"-3133063287563388968","potions_obtained":[{"floor":3,"key":"Poison Potion"},{"floor":5,"key":"SteroidPotion"},{"floor":8,"key":"SteroidPotion"}],"is_trial":false,"path_per_floor":["M","?","M","$","M","E","R","E","T","M","M","M"],"character_chosen":"IRONCLAD","items_purchased":[],"campfire_rested":0,"item_purchase_floors":[],"current_hp_per_floor":[80,80,73,73,77,43,43,39,39,11,11,0],"gold":452,"neow_bonus":"HUNDRED_GOLD","is_prod":false,"is_daily":false,"chose_seed":false,"campfire_upgraded":1,"win_rate":0,"timestamp":1552195455,"path_taken":["M","?","?","$","M","E","R","E","T","M","M","M"],"build_version":"2019-01-23","purchased_purges":0,"victory":false,"max_hp_per_floor":[80,80,80,80,80,80,80,80,80,80,80,80],"card_choices":[{"not_picked":["Havoc","Pommel Strike"],"picked":"Perfected Strike","floor":1},{"not_picked":["Bloodletting","Reckless Charge"],"picked":"Combust","floor":3},{"not_picked":["Headbutt","Cleave"],"picked":"Spot Weakness","floor":5},{"not_picked":["Metallicize","Fire Breathing"],"picked":"Anger","floor":6},{"not_picked":["Power Through","Fire Breathing"],"picked":"Whirlwind","floor":8},{"not_picked":["Battle Trance","Headbutt"],"picked":"Metallicize","floor":10},{"not_picked":["True Grit","Flex"],"picked":"Inflame","floor":11}],"player_experience":319791,"relics_obtained":[{"floor":6,"key":"Regal Pillow"},{"floor":8,"key":"Omamori"},{"floor":9,"key":"Dream Catcher"}],"event_choices":[{"damage_healed":0,"gold_gain":100,"player_choice":"Gold","damage_taken":0,"max_hp_gain":0,"max_hp_loss":0,"event_name":"Wheel of Change","floor":2,"gold_loss":0}],"is_beta":false,"boss_relics":[],"items_purged_floors":[],"is_endless":false,"potions_floor_spawned":[3,5,8],"killed_by":"Exordium Wildlife","ascension_level":4}