{"gold_per_floor":[110,110,124,137,153,153,194,194,217,217,167,186,186,219,219,344,344,368,251,251],"floor_reached":20,"playtime":1763,"items_purged":[],"score":255,"play_id":"8e9cc696-c277-4dd5-bc22-4025619318e1","local_time":"20190601183401","is_ascension_mode":true,"campfire_choices":[{"floor":6,"key":"REST"},{"data":"Coolheaded","floor":8,"key":"SMITH"},{"data":"Zap","floor":10,"key":"SMITH"},{"data":"Loop","floor":13,"key":"SMITH"},{"data":"Hologram","floor":15,"key":"SMITH"}],"neow_cost":"NONE","seed_source_timestamp":1540332737517268,"circlet_count":0,"master_deck":["Zap+1","Dualcast","Storm+1","Chaos+1","White Noise+1","Cold Snap","Conserve Battery","Barrage","Coolheaded+1","Cold Snap","Loop+1","Hologram+1","Seek","Cold Snap","Force Field","Fission","Seek","Static Discharge","Recycle"],"relics":["Astrolabe","Golden Idol","Dream Catcher","Bronze Scales","Centennial Puzzle","Pandora\u0027s Box"],"potions_floor_usage":[20],"damage_taken":[{"damage":0,"enemies":"Cultist","floor":1,"turns":3},{"damage":0,"enemies":"Small Slimes","floor":3,"turns":3},{"damage":0,"enemies":"2 Louse","floor":4,"turns":2},{"damage":18,"enemies":"Gremlin Gang","floor":5,"turns":5},{"damage":9,"enemies":"3 Sentries","floor":7,"turns":8},{"damage":4,"enemies":"Looter","floor":12,"turns":3},{"damage":6,"enemies":"Lagavulin","floor":14,"turns":4},{"damage":25,"enemies":"Hexaghost","floor":16,"turns":10},{"damage":5,"enemies":"Chosen","floor":18,"turns":4},{"damage":20,"enemies":"Colosseum Slavers","floor":20,"turns":5},{"damage":37,"enemies":"Colosseum Nobs","floor":20,"turns":3}],"seed_played":"3837635843552695245","potions_obtained":[{"floor":1,"key":"SneckoOil"},{"floor":5,"key":"Fire Potion"},{"floor":7,"key":"FearPotion"}],"is_trial":false,"path_per_floor":["M","?","M","M","M","R","E","R","T","R","?","M","R","E","R","B",null,"M","$","?"],"character_chosen":"DEFECT","items_purchased":["Static Discharge","Recycle"],"campfire_rested":1,"item_purchase_floors":[19,19],"current_hp_per_floor":[68,50,50,50,32,54,45,45,45,45,45,41,41,35,35,10,59,54,54,0],"gold":251,"neow_bonus":"BOSS_RELIC","is_prod":false,"is_daily":false,"chose_seed":false,"campfire_upgraded":4,"win_rate":0,"timestamp":1559428441,"path_taken":["M","?","M","M","M","R","E","R","T","R","?","M","R","E","R","BOSS","M","$","?"],"build_version":"2019-01-23","purchased_purges":0,"victory":false,"max_hp_per_floor":[75,75,75,75,75,75,75,75,75,75,75,75,75,75,75,75,75,75,75,75],"card_choices":[{"not_picked":["Tempest","Darkness"],"picked":"Cold Snap","floor":1},{"not_picked":["Cold Snap","Turbo"],"picked":"Conserve Battery","floor":3},{"not_picked":["Rip and Tear","Reprogram"],"picked":"Barrage","floor":4},{"not_picked":["Streamline","Ball Lightning"],"picked":"Coolheaded","floor":5},{"not_picked":["Turbo","Chill"],"picked":"Cold Snap","floor":7},{"not_picked":["FTL","Force Field"],"picked":"Loop","floor":12},{"not_picked":["Static Discharge","Barrage"],"picked":"Hologram","floor":14},{"not_picked":["Hyperbeam","Thunder Strike"],"picked":"Seek","floor":16},{"not_picked":["Conserve Battery","Cold Snap+1","Leap"],"picked":"SKIP","floor":18}],"player_experience":557521,"relics_obtained":[{"floor":7,"key":"Dream Catcher"},{"floor":9,"key":"Bronze Scales"},{"floor":14,"key":"Centennial Puzzle"}],"event_choices":[{"damage_healed":0,"gold_gain":0,"player_choice":"Take Damage","damage_taken":18,"relics_obtained":["Golden Idol"],"max_hp_gain":0,"max_hp_loss":0,"event_name":"Golden Idol","floor":2,"gold_loss":0},{"cards_removed":["Strike_B"],"damage_healed":0,"gold_gain":0,"player_choice":"Card Removal","damage_taken":0,"max_hp_gain":0,"max_hp_loss":0,"event_name":"The Cleric","floor":11,"gold_loss":50},{"damage_healed":0,"gold_gain":0,"player_choice":"Fight","damage_taken":0,"max_hp_gain":0,"max_hp_loss":0,"event_name":"Colosseum","floor":20,"gold_loss":0},{"damage_healed":0,"gold_gain":0,"player_choice":"Fought Nobs","damage_taken":0,"max_hp_gain":0,"max_hp_loss":0,"event_name":"Colosseum","floor":20,"gold_loss":0}],"is_beta":false,"boss_relics":[{"not_picked":["Tiny House","Lizard Tail"],"picked":"Pandora\u0027s Box"}],"items_purged_floors":[],"is_endless":false,"potions_floor_spawned":[1,5,7],"killed_by":"Colosseum Nobs","ascension_level":8}