{"gold_per_floor":[116,116,191,291,305,336,336,355,355,384,384,400,418,451,451,522,522,522,522,522,522,522,522,58,58,58,58,58,58,58,58,58,58,58,58,58,58,58,58,58,58,58,58,58,58,6,6,6,6,6],"floor_reached":51,"playtime":6466,"items_purged":[],"score":1370,"play_id":"ffe2fb0c-3a93-4784-ac26-b733b2c20fe6","local_time":"20190813011726","is_ascension_mode":true,"campfire_choices":[{"data":"Bash","floor":7.0,"key":"SMITH"},{"data":"Clothesline","floor":11.0,"key":"SMITH"},{"data":"True Grit","floor":15.0,"key":"SMITH"},{"data":"Barricade","floor":25.0,"key":"SMITH"},{"data":"Whirlwind","floor":28.0,"key":"SMITH"},{"data":"Havoc","floor":32.0,"key":"SMITH"},{"floor":40,"key":"DIG"},{"floor":44,"key":"DIG"},{"floor":49,"key":"DIG"}],"neow_cost":"NONE","seed_source_timestamp":0,"circlet_count":0,"master_deck":["AscendersBane","Strike_R+1","Strike_R+1","Strike_R+1","Strike_R","Strike_R+1","Defend_R","Defend_R","Defend_R","Defend_R","Bash+1","Anger","Cleave","Metallicize","Clothesline+1","Infernal Blade+1","Shrug It Off","Headbutt","True Grit+1","Barricade+1","Shrug It Off","Havoc+1","Evolve","Entrench+1","Whirlwind+1","Armaments+1","Offering+1","Shrug It Off+1","Rage+1","Uppercut+1","Shrug It Off+1","Disarm+1","Inflame"],"special_seed":0,"relics":["Black Blood","NeowsBlessing","Bird Faced Urn","Blue Candle","Whetstone","Self Forming Clay","Ectoplasm","Pen Nib","Red Mask","Mummified Hand","Toxic Egg 2","Oddly Smooth Stone","Bag of Marbles","Incense Burner","Shovel","Dream Catcher","Letter Opener","Mango","Shuriken","Happy Flower","Question Card","Ornamental Fan"],"potions_floor_usage":[33,39,41,45,45,50,50],"damage_taken":[{"damage":0.0,"enemies":"Jaw Worm","floor":1.0,"turns":1.0},{"damage":0.0,"enemies":"2 Louse","floor":5.0,"turns":1.0},{"damage":0.0,"enemies":"3 Sentries","floor":6.0,"turns":1.0},{"damage":1.0,"enemies":"Cultist","floor":8.0,"turns":3.0},{"damage":24.0,"enemies":"Lagavulin","floor":10.0,"turns":8.0},{"damage":0.0,"enemies":"2 Fungi Beasts","floor":12.0,"turns":2.0},{"damage":18.0,"enemies":"Exordium Wildlife","floor":13.0,"turns":3.0},{"damage":16.0,"enemies":"Gremlin Nob","floor":14.0,"turns":3.0},{"damage":33.0,"enemies":"The Guardian","floor":16.0,"turns":14.0},{"damage":3.0,"enemies":"Chosen","floor":18.0,"turns":4.0},{"damage":0.0,"enemies":"3 Byrds","floor":20.0,"turns":7.0},{"damage":5.0,"enemies":"Cultist and Chosen","floor":21.0,"turns":8.0},{"damage":36.0,"enemies":"Masked Bandits","floor":22.0,"turns":6.0},{"damage":20.0,"enemies":"Slavers","floor":23.0,"turns":6.0},{"damage":0.0,"enemies":"Centurion and Healer","floor":27.0,"turns":7.0},{"damage":7.0,"enemies":"Book of Stabbing","floor":29.0,"turns":4.0},{"damage":11.0,"enemies":"Snake Plant","floor":30.0,"turns":3.0},{"damage":3.0,"enemies":"Shelled Parasite and Fungi","floor":31.0,"turns":6.0},{"damage":23,"enemies":"Collector","floor":33,"turns":13},{"damage":3,"enemies":"Orb Walker","floor":35,"turns":4},{"damage":30,"enemies":"2 Orb Walkers","floor":36,"turns":5},{"damage":7,"enemies":"3 Darklings","floor":39,"turns":5},{"damage":7,"enemies":"Nemesis","floor":41,"turns":9},{"damage":6,"enemies":"Mind Bloom Boss Battle","floor":42,"turns":9},{"damage":6,"enemies":"Reptomancer","floor":45,"turns":4},{"damage":0,"enemies":"Maw","floor":47,"turns":8},{"damage":24,"enemies":"Spire Growth","floor":48,"turns":5},{"damage":1,"enemies":"Time Eater","floor":50,"turns":16}],"seed_played":"8721046795963418046","potions_obtained":[{"floor":1.0,"key":"Weak Potion"},{"floor":5.0,"key":"Ancient Potion"},{"floor":8.0,"key":"Block Potion"},{"floor":12.0,"key":"Dexterity Potion"},{"floor":16.0,"key":"Ancient Potion"},{"floor":21.0,"key":"Fire Potion"},{"floor":27.0,"key":"SkillPotion"},{"floor":31.0,"key":"Regen Potion"},{"floor":33,"key":"AttackPotion"},{"floor":39,"key":"Block Potion"},{"floor":41,"key":"SkillPotion"},{"floor":42,"key":"AttackPotion"},{"floor":45,"key":"Strength Potion"}],"is_trial":false,"path_per_floor":["M","?","?","?","M","E","R","M","T","E","R","M","M","E","R","B",null,"M","T","M","M","?","E","$","R","T","M","R","E","M","M","R","B",null,"M","?","?","$","M","R","E","?","T","R","E","$","M","M","R","B",null],"character_chosen":"IRONCLAD","items_purchased":["Toxic Egg 2","Oddly Smooth Stone","Entrench+1","PowerPotion"],"campfire_rested":0,"item_purchase_floors":[24,24,24,46],"current_hp_per_floor":[78,62,51,51,57,63,63,70,70,54,54,60,50,40,40,15,64,69,69,79,80,52,40,40,40,40,52,52,51,50,59,59,63,76,80,66,66,66,75,75,80,94,94,94,94,94,94,82,82,94],"gold":6,"neow_bonus":"THREE_ENEMY_KILL","is_prod":false,"is_daily":false,"chose_seed":false,"campfire_upgraded":6,"win_rate":0,"timestamp":1565684246,"path_taken":["M","?","?","?","M","E","R","M","T","E","R","M","M","E","R","BOSS","BOSS","M","?","M","M","?","E","$","R","T","M","R","E","M","M","R","BOSS","M","?","?","$","?","R","E","?","T","R","E","?","M","M","R","BOSS"],"build_version":"2019-07-17","purchased_purges":0,"victory":true,"max_hp_per_floor":[80,80,80,80,80,80,80,80,80,80,80,80,80,80,80,80,80,80,80,80,80,80,80,80,80,80,80,80,80,80,80,80,80,80,80,80,80,80,80,80,80,94,94,94,94,94,94,94,94,94],"card_choices":[{"not_picked":["Sever Soul","Twin Strike"],"picked":"Anger","floor":1.0},{"not_picked":["Twin Strike","Body Slam"],"picked":"Cleave","floor":5.0},{"not_picked":["Juggernaut","Shrug It Off"],"picked":"Metallicize","floor":6.0},{"not_picked":["Clothesline","Headbutt","Flex"],"picked":"SKIP","floor":8.0},{"not_picked":["Headbutt","Flex"],"picked":"Clothesline","floor":8.0},{"not_picked":["Rage","Flex"],"picked":"Infernal Blade","floor":10.0},{"not_picked":["Twin Strike","Uppercut"],"picked":"Shrug It Off","floor":12.0},{"not_picked":["Flex","Iron Wave"],"picked":"Headbutt","floor":13.0},{"not_picked":["Iron Wave","Sever Soul"],"picked":"True Grit","floor":14.0},{"not_picked":["Feed","Reaper"],"picked":"Barricade","floor":16.0},{"not_picked":["Headbutt+1","Clothesline","Flex"],"picked":"SKIP","floor":18.0},{"not_picked":["Twin Strike","Seeing Red"],"picked":"Shrug It Off","floor":20.0},{"not_picked":["True Grit","Rampage"],"picked":"Havoc","floor":21.0},{"not_picked":["Cleave","Anger"],"picked":"Evolve","floor":23.0},{"not_picked":["Berserk","Clash"],"picked":"Whirlwind","floor":27.0},{"not_picked":["Twin Strike+1","Cleave","Carnage"],"picked":"SKIP","floor":29.0},{"not_picked":["Blood for Blood","Wild Strike","Rampage"],"picked":"SKIP","floor":30.0},{"not_picked":["Sword Boomerang","Flex+1"],"picked":"Armaments+1","floor":31.0},{"not_picked":["Bludgeon","Fiend Fire"],"picked":"Offering+1","floor":33},{"not_picked":["Twin Strike+1","Dual Wield+1"],"picked":"Shrug It Off+1","floor":35},{"not_picked":["Heavy Blade","Anger"],"picked":"Rage+1","floor":36},{"not_picked":["Blood for Blood","Intimidate+1"],"picked":"Uppercut+1","floor":39},{"not_picked":["Reckless Charge","Clash"],"picked":"Shrug It Off+1","floor":41},{"not_picked":["Headbutt+1","Armaments+1","Blood for Blood+1"],"picked":"SKIP","floor":45},{"not_picked":["Burning Pact+1","Warcry+1","Fire Breathing"],"picked":"Disarm+1","floor":47},{"not_picked":["Sword Boomerang","Shockwave+1","Corruption"],"picked":"Inflame","floor":48}],"player_experience":557886,"relics_obtained":[{"floor":6.0,"key":"Bird Faced Urn"},{"floor":9.0,"key":"Blue Candle"},{"floor":10.0,"key":"Whetstone"},{"floor":14.0,"key":"Self Forming Clay"},{"floor":19.0,"key":"Pen Nib"},{"floor":22.0,"key":"Red Mask"},{"floor":23.0,"key":"Mummified Hand"},{"floor":26.0,"key":"Bag of Marbles"},{"floor":29.0,"key":"Incense Burner"},{"floor":36,"key":"Shovel"},{"floor":40,"key":"Dream Catcher"},{"floor":41,"key":"Letter Opener"},{"floor":42,"key":"Mango"},{"floor":43,"key":"Shuriken"},{"floor":44,"key":"Happy Flower"},{"floor":45,"key":"Question Card"},{"floor":49,"key":"Ornamental Fan"}],"event_choices":[{"damage_healed":0.0,"max_hp_gain":0.0,"max_hp_loss":0.0,"gold_gain":0.0,"event_name":"Shining Light","player_choice":"Entered Light","floor":2.0,"gold_loss":0.0,"damage_taken":16.0,"cards_upgraded":["Strike_R","Strike_R"]},{"damage_healed":0.0,"max_hp_gain":0.0,"max_hp_loss":0.0,"gold_gain":75.0,"event_name":"World of Goop","player_choice":"Gather Gold","floor":3.0,"gold_loss":0.0,"damage_taken":11.0},{"damage_healed":0.0,"max_hp_gain":0.0,"max_hp_loss":0.0,"gold_gain":100.0,"event_name":"Wheel of Change","player_choice":"Gold","floor":4.0,"gold_loss":0.0,"damage_taken":0.0},{"damage_healed":0.0,"max_hp_gain":0.0,"max_hp_loss":0.0,"gold_gain":0.0,"event_name":"Masked Bandits","player_choice":"Fought Bandits","floor":22.0,"gold_loss":0.0,"damage_taken":0.0},{"damage_healed":0,"gold_gain":0,"player_choice":"Fight","damage_taken":0,"max_hp_gain":0,"max_hp_loss":0,"event_name":"Mysterious Sphere","floor":36,"gold_loss":0},{"damage_healed":0,"gold_gain":0,"player_choice":"Upgraded","damage_taken":0,"max_hp_gain":0,"max_hp_loss":0,"event_name":"Upgrade Shrine","floor":37,"gold_loss":0,"cards_upgraded":["Infernal Blade"]},{"damage_healed":0,"gold_gain":0,"player_choice":"Fight","damage_taken":0,"max_hp_gain":0,"max_hp_loss":0,"event_name":"MindBloom","floor":42,"gold_loss":0}],"is_beta":false,"boss_relics":[{"not_picked":["Empty Cage","Runic Cube"],"picked":"Ectoplasm"},{"not_picked":["Black Star","Velvet Choker"],"picked":"Black Blood"}],"items_purged_floors":[],"is_endless":false,"potions_floor_spawned":[1,5,8,12,16,21,27,31,33,39,41,42,45],"ascension_level":13}