{"gold_per_floor":[115,134,134,150,100,100,134,151,204,204,224,236,216,235,235,331,331,344,344,356,356],"floor_reached":21,"playtime":1054,"items_purged":[],"score":226,"play_id":"dee9030f-4669-4a65-8c67-11ea2d8f5fa2","local_time":"20190811182947","is_ascension_mode":true,"campfire_choices":[{"data":"Zap","floor":6,"key":"SMITH"},{"data":"Defragment","floor":10,"key":"SMITH"},{"floor":15,"key":"REST"}],"neow_cost":"NONE","seed_source_timestamp":208867898060653,"circlet_count":0,"master_deck":["Strike_B","Defend_B","Defend_B","Defend_B","Defend_B","Zap+1","Dualcast","Gash","Gash","Gash","Defragment+1","Auto Shields","Rebound","Hologram","Gash","Creative AI","Sweeping Beam+1"],"relics":["Cracked Core","Dodecahedron","Bag of Preparation","Busted Crown"],"potions_floor_usage":[11,16,16,20],"damage_taken":[{"damage":12,"enemies":"Small Slimes","floor":1,"turns":3},{"damage":4,"enemies":"Jaw Worm","floor":2,"turns":3},{"damage":4,"enemies":"2 Louse","floor":4,"turns":3},{"damage":26,"enemies":"Lagavulin","floor":7,"turns":5},{"damage":9,"enemies":"Red Slaver","floor":8,"turns":3},{"damage":0,"enemies":"Blue Slaver","floor":11,"turns":2},{"damage":15,"enemies":"Gremlin Gang","floor":12,"turns":4},{"damage":2,"enemies":"Exordium Thugs","floor":14,"turns":4},{"damage":32,"enemies":"The Guardian","floor":16,"turns":8},{"damage":20,"enemies":"Spheric Guardian","floor":18,"turns":4},{"damage":13,"enemies":"3 Byrds","floor":20,"turns":3},{"damage":57,"enemies":"Centurion and Healer","floor":21,"turns":4}],"seed_played":"-2245592826658824694","potions_obtained":[{"floor":4,"key":"Ancient Potion"},{"floor":7,"key":"Dexterity Potion"},{"floor":13,"key":"AttackPotion"},{"floor":14,"key":"Strength Potion"},{"floor":16,"key":"Explosive Potion"}],"is_trial":false,"path_per_floor":["M","M","?","M","?","R","E","M","T","R","M","M","?","M","R","B",null,"M","?","M","M"],"character_chosen":"DEFECT","items_purchased":[],"campfire_rested":1,"item_purchase_floors":[],"current_hp_per_floor":[70,66,66,62,62,62,36,27,27,27,27,12,12,10,34,2,82,62,62,49,0],"gold":356,"neow_bonus":"TEN_PERCENT_HP_BONUS","is_prod":false,"is_daily":false,"chose_seed":false,"campfire_upgraded":2,"win_rate":0,"timestamp":1565566187,"path_taken":["M","M","?","M","?","R","E","M","T","R","M","M","?","?","R","BOSS","M","?","M","?"],"build_version":"2019-07-17","purchased_purges":0,"victory":false,"max_hp_per_floor":[82,82,82,82,82,82,82,82,82,82,82,82,82,82,82,82,82,82,82,82,82],"card_choices":[{"not_picked":["Heatsinks","Coolheaded"],"picked":"Gash","floor":1},{"not_picked":["Stack","Steam"],"picked":"Gash","floor":2},{"not_picked":["Rainbow","Turbo"],"picked":"Gash","floor":4},{"not_picked":["Streamline","Cold Snap"],"picked":"Defragment","floor":7},{"not_picked":["Capacitor","Barrage"],"picked":"Auto Shields","floor":8},{"not_picked":["Hologram","Stack"],"picked":"Rebound","floor":11},{"not_picked":["Rebound","Streamline"],"picked":"Hologram","floor":12},{"not_picked":["Reinforced Body","Sunder"],"picked":"Gash","floor":14},{"not_picked":["Buffer","Hyperbeam"],"picked":"Creative AI","floor":16},{"not_picked":["Compile Driver+1"],"picked":"SKIP","floor":18},{"not_picked":[],"picked":"Sweeping Beam+1","floor":20}],"player_experience":123398,"relics_obtained":[{"floor":7,"key":"Dodecahedron"},{"floor":9,"key":"Bag of Preparation"}],"event_choices":[{"cards_removed":["Strike_B"],"damage_healed":0,"gold_gain":0,"player_choice":"Forget","damage_taken":0,"max_hp_gain":0,"max_hp_loss":0,"event_name":"Living Wall","floor":3,"gold_loss":0},{"cards_removed":["Strike_B"],"damage_healed":0,"gold_gain":0,"player_choice":"Card Removal","damage_taken":0,"max_hp_gain":0,"max_hp_loss":0,"event_name":"The Cleric","floor":5,"gold_loss":50},{"damage_healed":0,"gold_gain":0,"player_choice":"Bought 1 Potion","damage_taken":0,"max_hp_gain":0,"max_hp_loss":0,"event_name":"The Woman in Blue","floor":13,"gold_loss":0},{"cards_removed":["Strike_B"],"damage_healed":0,"gold_gain":0,"player_choice":"Offered Basic","damage_taken":0,"max_hp_gain":0,"max_hp_loss":0,"event_name":"Bonfire Elementals","floor":19,"gold_loss":0}],"is_beta":false,"boss_relics":[{"not_picked":["Black Star","Velvet Choker"],"picked":"Busted Crown"}],"items_purged_floors":[],"is_endless":false,"potions_floor_spawned":[4,7,14,16],"killed_by":"Centurion and Healer","ascension_level":2}