{"gold_per_floor":[213,29,29,44,63,63,63,125,179,212,212,224,256,275,275,379,379,396,54,54,73,92,92,125,125,125,125,125,142,142,161,161,161],"floor_reached":33,"playtime":1157,"items_purged":["Strike_R"],"score":419,"play_id":"5076d9a8-86a1-4671-9c84-1c254e36d4ed","local_time":"20190819083242","is_ascension_mode":true,"campfire_choices":[{"data":"Armaments","floor":6.0,"key":"SMITH"},{"data":"Uppercut","floor":15.0,"key":"SMITH"},{"data":"Shrug It Off","floor":23.0,"key":"SMITH"},{"data":"Battle Trance","floor":25.0,"key":"SMITH"},{"data":"Demon Form","floor":27.0,"key":"SMITH"},{"data":"Carnage","floor":30.0,"key":"SMITH"},{"data":"Spot Weakness","floor":32,"key":"SMITH"}],"neow_cost":"NONE","seed_source_timestamp":605765029195701,"circlet_count":0,"master_deck":["Strike_R","Strike_R","Strike_R","Strike_R","Defend_R","Defend_R","Defend_R","Defend_R","Bash","Cleave","Combust+1","Armaments+1","Carnage+1","Spot Weakness+1","Uppercut+1","Dual Wield","Spot Weakness","Demon Form+1","Flex+1","Shrug It Off+1","Battle Trance+1"],"special_seed":0,"relics":["Burning Blood","Happy Flower","Tiny Chest","Smiling Mask","Boot","PreservedInsect","Coffee Dripper","Oddly Smooth Stone","Ancient Tea Set","Bag of Preparation","Lantern"],"potions_floor_usage":[31,33],"damage_taken":[{"damage":1.0,"enemies":"Cultist","floor":1.0,"turns":3.0},{"damage":8.0,"enemies":"Small Slimes","floor":4.0,"turns":3.0},{"damage":6.0,"enemies":"Jaw Worm","floor":5.0,"turns":4.0},{"damage":16.0,"enemies":"Lagavulin","floor":8.0,"turns":5.0},{"damage":16.0,"enemies":"Gremlin Nob","floor":10.0,"turns":4.0},{"damage":9.0,"enemies":"Looter","floor":12.0,"turns":3.0},{"damage":17.0,"enemies":"3 Sentries","floor":13.0,"turns":4.0},{"damage":5.0,"enemies":"2 Fungi Beasts","floor":14.0,"turns":3.0},{"damage":2.0,"enemies":"Slime Boss","floor":16.0,"turns":6.0},{"damage":18.0,"enemies":"Spheric Guardian","floor":18.0,"turns":4.0},{"damage":17.0,"enemies":"Shell Parasite","floor":21.0,"turns":4.0},{"damage":7.0,"enemies":"3 Cultists","floor":22.0,"turns":4.0},{"damage":30.0,"enemies":"Gremlin Leader","floor":24.0,"turns":4.0},{"damage":28.0,"enemies":"Snecko","floor":29.0,"turns":4.0},{"damage":6,"enemies":"Sentry and Sphere","floor":31,"turns":3},{"damage":27,"enemies":"Champ","floor":33,"turns":3}],"seed_played":"-3058487911180018171","potions_obtained":[{"floor":3.0,"key":"EssenceOfSteel"},{"floor":3.0,"key":"LiquidBronze"},{"floor":3.0,"key":"SteroidPotion"},{"floor":10.0,"key":"Ancient Potion"},{"floor":13.0,"key":"Block Potion"},{"floor":16.0,"key":"Regen Potion"},{"floor":21.0,"key":"SkillPotion"},{"floor":29.0,"key":"Fire Potion"},{"floor":31,"key":"Swift Potion"}],"is_trial":false,"path_per_floor":["M","$","?","M","M","R","$","E","T","E","?","M","E","M","R","B",null,"M","$","?","M","M","R","E","R","T","R","?","M","R","M","R","B"],"character_chosen":"IRONCLAD","items_purchased":["Happy Flower","Combust","Oddly Smooth Stone","Ancient Tea Set"],"campfire_rested":0,"item_purchase_floors":[2,2,19,19],"current_hp_per_floor":[80,80,80,78,78,78,78,68,68,58,58,55,44,45,45,49,72,60,60,60,49,48,48,33,33,33,33,33,11,11,11,11,0],"gold":161,"neow_bonus":"HUNDRED_GOLD","is_prod":false,"is_daily":false,"chose_seed":false,"campfire_upgraded":7,"win_rate":0,"timestamp":1566221562,"path_taken":["M","$","?","?","M","R","?","E","T","E","?","M","E","?","R","BOSS","M","$","?","M","M","R","E","R","T","R","?","M","R","M","R","BOSS"],"build_version":"2019-07-17","purchased_purges":1,"victory":false,"max_hp_per_floor":[80,80,80,80,80,80,80,80,80,80,80,80,80,80,80,80,80,80,80,80,80,80,80,80,80,80,80,80,80,80,80,80,80],"card_choices":[{"not_picked":["Iron Wave","Headbutt"],"picked":"Cleave","floor":1.0},{"not_picked":["Headbutt","Shrug It Off"],"picked":"Armaments","floor":4.0},{"not_picked":["Rupture","Power Through"],"picked":"Carnage","floor":5.0},{"not_picked":["Warcry","Burning Pact","Sentinel"],"picked":"SKIP","floor":8.0},{"not_picked":["Body Slam","Warcry"],"picked":"Spot Weakness","floor":10.0},{"not_picked":["Anger","Cleave"],"picked":"Uppercut","floor":12.0},{"not_picked":["Twin Strike","Barricade"],"picked":"Dual Wield","floor":13.0},{"not_picked":["Pommel Strike","Uppercut"],"picked":"Spot Weakness","floor":14.0},{"not_picked":["Reaper","Fiend Fire"],"picked":"Demon Form","floor":16.0},{"not_picked":["Rupture","Intimidate"],"picked":"Flex+1","floor":18.0},{"not_picked":["Spot Weakness","Rage"],"picked":"Battle Trance","floor":21.0},{"not_picked":["Armaments","Searing Blow","Havoc"],"picked":"SKIP","floor":22.0},{"not_picked":["Cleave","Twin Strike","Body Slam+1"],"picked":"SKIP","floor":24.0},{"not_picked":["Twin Strike","Clothesline","Anger"],"picked":"SKIP","floor":29.0},{"not_picked":["Hemokinesis","Body Slam","Metallicize"],"picked":"SKIP","floor":31}],"player_experience":173651,"relics_obtained":[{"floor":8.0,"key":"Tiny Chest"},{"floor":9.0,"key":"Smiling Mask"},{"floor":10.0,"key":"Boot"},{"floor":13.0,"key":"PreservedInsect"},{"floor":24.0,"key":"Bag of Preparation"},{"floor":26.0,"key":"Lantern"}],"event_choices":[{"damage_healed":0.0,"max_hp_gain":0.0,"max_hp_loss":0.0,"gold_gain":0.0,"event_name":"Lab","player_choice":"Got Potions","floor":3.0,"gold_loss":0.0,"damage_taken":0.0},{"damage_healed":0.0,"max_hp_gain":0.0,"max_hp_loss":0.0,"gold_gain":0.0,"event_name":"Living Wall","player_choice":"Grow","floor":11.0,"gold_loss":0.0,"damage_taken":0.0,"cards_upgraded":["Combust"]},{"damage_healed":0.0,"max_hp_gain":0.0,"max_hp_loss":0.0,"gold_gain":0.0,"event_name":"The Library","player_choice":"Read","floor":20.0,"gold_loss":0.0,"damage_taken":0.0,"cards_obtained":["Shrug It Off"]},{"damage_healed":0.0,"max_hp_gain":0.0,"max_hp_loss":0.0,"gold_gain":0.0,"event_name":"Ghosts","player_choice":"Ignored","floor":28.0,"gold_loss":0.0,"damage_taken":0.0}],"is_beta":false,"boss_relics":[{"not_picked":["Runic Dome","White Beast Statue"],"picked":"Coffee Dripper"}],"items_purged_floors":[19],"is_endless":false,"potions_floor_spawned":[5,10,13,16,21,29,31],"killed_by":"Champ","ascension_level":5}