{"gold_per_floor":[10,10,22,39,53,53,31,31,31,49,49,77,93,123,123,222,222,234,249,268,114,114,139,49,84,84,140,94,94,107,107,107,210,210,227,127,150,150,0,0,0,10,60,160,160,192,208,220,220,220],"floor_reached":51,"playtime":3124,"items_purged":["Strike_B","Defend_B"],"score":743,"play_id":"4b5f6951-2ce0-4c93-be1c-c79275e6e0c0","local_time":"20190716214432","is_ascension_mode":false,"campfire_choices":[{"data":"Hologram","floor":6,"key":"SMITH"},{"data":"Zap","floor":8,"key":"SMITH"},{"data":"Dualcast","floor":11,"key":"SMITH"},{"floor":15,"key":"REST"},{"data":"Beam Cell","floor":29,"key":"SMITH"},{"floor":32,"key":"REST"},{"data":"Reboot","floor":40,"key":"SMITH"},{"floor":49,"key":"REST"}],"neow_cost":"NO_GOLD","seed_source_timestamp":681002033834828,"circlet_count":0,"master_deck":["Defend_B+1","Zap+1","Dualcast+1","Rebound","Hologram+1","Scrape","Scrape","Steam","Gash","Reboot+1","BootSequence","Reboot","Hologram","Sweeping Beam+1","Melter","Sweeping Beam","Beam Cell+1","Beam Cell","Gash","Gash","Reboot","All For One","Hologram+1","Core Surge","Stack+1","Secret Weapon"],"relics":["FrozenCore","Orichalcum","Ornamental Fan","Thread and Needle","Nuclear Battery","PreservedInsect","Ancient Tea Set","Juzu Bracelet","Tiny Chest","Regal Pillow","Red Mask","Happy Flower","Girya","Pen Nib"],"potions_floor_usage":[16],"damage_taken":[{"damage":0,"enemies":"2 Louse","floor":1,"turns":2},{"damage":1,"enemies":"Cultist","floor":3,"turns":3},{"damage":3,"enemies":"Small Slimes","floor":4,"turns":3},{"damage":12,"enemies":"2 Fungi Beasts","floor":5,"turns":2},{"damage":5,"enemies":"Exordium Thugs","floor":10,"turns":4},{"damage":7,"enemies":"3 Sentries","floor":12,"turns":6},{"damage":3,"enemies":"Red Slaver","floor":13,"turns":2},{"damage":36,"enemies":"Gremlin Nob","floor":14,"turns":4},{"damage":7,"enemies":"Hexaghost","floor":16,"turns":9},{"damage":0,"enemies":"3 Byrds","floor":18,"turns":3},{"damage":0,"enemies":"2 Thieves","floor":19,"turns":4},{"damage":8,"enemies":"Cultist and Chosen","floor":20,"turns":6},{"damage":8,"enemies":"Slavers","floor":23,"turns":5},{"damage":5,"enemies":"Gremlin Leader","floor":25,"turns":4},{"damage":6,"enemies":"Book of Stabbing","floor":27,"turns":3},{"damage":0,"enemies":"Chosen and Byrds","floor":30,"turns":3},{"damage":12,"enemies":"Champ","floor":33,"turns":6},{"damage":0,"enemies":"Orb Walker","floor":35,"turns":3},{"damage":9,"enemies":"3 Shapes","floor":42,"turns":4},{"damage":4,"enemies":"Mind Bloom Boss Battle","floor":44,"turns":3},{"damage":14,"enemies":"Reptomancer","floor":46,"turns":3},{"damage":0,"enemies":"Spire Growth","floor":47,"turns":2},{"damage":0,"enemies":"Jaw Worm Horde","floor":48,"turns":2},{"damage":46,"enemies":"Awakened One","floor":50,"turns":7}],"seed_played":"3680801798787466981","potions_obtained":[{"floor":2,"key":"FocusPotion"},{"floor":2,"key":"Fire Potion"},{"floor":2,"key":"GamblersBrew"},{"floor":5,"key":"SkillPotion"},{"floor":18,"key":"Poison Potion"}],"is_trial":false,"path_per_floor":["M","?","M","M","M","R","$","R","T","M","R","E","M","E","R","B",null,"M","M","M","$","?","E","?","E","T","E","$","R","M","?","R","B",null,"M","$","T","?","?","R","$","M","T","?","?","E","M","M","R","B",null],"character_chosen":"DEFECT","items_purchased":["Steam","Melter","Gash"],"campfire_rested":3,"item_purchase_floors":[7,21,28],"current_hp_per_floor":[75,75,74,71,59,59,59,59,59,54,54,47,44,8,30,23,75,75,75,67,67,67,59,59,54,54,48,48,48,48,41,63,51,75,75,75,75,75,75,75,75,66,66,62,62,48,48,48,75,29],"gold":220,"neow_bonus":"REMOVE_TWO","is_prod":false,"is_daily":false,"chose_seed":false,"campfire_upgraded":5,"win_rate":0.0,"timestamp":1563338672,"path_taken":["M","?","?","?","M","R","$","R","T","M","R","E","M","E","R","BOSS","M","?","M","$","?","E","?","E","T","E","$","R","M","?","R","BOSS","M","$","?","?","?","R","$","M","T","?","?","E","M","M","R","BOSS"],"build_version":"2019-07-05","purchased_purges":2,"victory":true,"max_hp_per_floor":[75,75,75,75,75,75,75,75,75,75,75,75,75,75,75,75,75,75,75,75,75,75,75,75,75,75,75,75,75,75,75,75,75,75,75,75,75,75,75,75,75,75,75,75,75,75,75,75,75,75],"card_choices":[{"not_picked":["Conserve Battery","Melter"],"picked":"Rebound","floor":1},{"not_picked":["Heatsinks","Compile Driver"],"picked":"Hologram","floor":3},{"not_picked":["Heatsinks","Coolheaded"],"picked":"Scrape","floor":4},{"not_picked":["Chill","Rebound"],"picked":"Scrape","floor":5},{"not_picked":["Barrage","Sweeping Beam","Storm"],"picked":"SKIP","floor":10},{"not_picked":["Go for the Eyes","Conserve Battery"],"picked":"Gash","floor":12},{"not_picked":["Stack","Glacier"],"picked":"Reboot","floor":13},{"not_picked":["Turbo","Redo"],"picked":"BootSequence","floor":14},{"not_picked":["Machine Learning","Electrodynamics"],"picked":"Reboot","floor":16},{"not_picked":["Compile Driver","Barrage","Heatsinks+1"],"picked":"SKIP","floor":18},{"not_picked":["Recycle+1","Doom and Gloom"],"picked":"Hologram","floor":19},{"not_picked":["Cold Snap+1","Coolheaded+1"],"picked":"Sweeping Beam+1","floor":20},{"not_picked":["Machine Learning","Streamline"],"picked":"Beam Cell","floor":23},{"not_picked":["Chill","Creative AI"],"picked":"Beam Cell","floor":25},{"not_picked":["Leap","Streamline"],"picked":"Gash","floor":27},{"not_picked":["BootSequence","Barrage"],"picked":"Reboot","floor":30},{"not_picked":["Meteor Strike","Core Surge"],"picked":"All For One","floor":33},{"not_picked":["Undo","Compile Driver+1"],"picked":"Hologram+1","floor":35},{"not_picked":["Leap+1","Cold Snap","Rebound+1"],"picked":"SKIP","floor":42},{"not_picked":["Hologram","Rebound+1"],"picked":"Stack+1","floor":44},{"not_picked":["Transmutation","Metamorphosis"],"picked":"Secret Weapon","floor":45},{"not_picked":["Stack+1","White Noise","Redo"],"picked":"SKIP","floor":46},{"not_picked":["Compile Driver","Ball Lightning+1","Conserve Battery"],"picked":"SKIP","floor":47},{"not_picked":["Conserve Battery","Turbo+1","Barrage"],"picked":"SKIP","floor":48}],"player_experience":142060,"relics_obtained":[{"floor":9,"key":"Orichalcum"},{"floor":12,"key":"Ornamental Fan"},{"floor":14,"key":"Thread and Needle"},{"floor":23,"key":"PreservedInsect"},{"floor":25,"key":"Ancient Tea Set"},{"floor":26,"key":"Juzu Bracelet"},{"floor":27,"key":"Tiny Chest"},{"floor":37,"key":"Regal Pillow"},{"floor":43,"key":"Happy Flower"},{"floor":44,"key":"Girya"},{"floor":46,"key":"Pen Nib"}],"event_choices":[{"damage_healed":0,"gold_gain":0,"player_choice":"Got Potions","damage_taken":0,"max_hp_gain":0,"max_hp_loss":0,"event_name":"Lab","floor":2,"gold_loss":0},{"damage_healed":0,"gold_gain":0,"cards_transformed":["Defend_B","Strike_B"],"player_choice":"Became Test Subject","damage_taken":0,"max_hp_gain":0,"max_hp_loss":0,"event_name":"Drug Dealer","floor":22,"gold_loss":0,"cards_obtained":["Sweeping Beam","Amplify"]},{"cards_removed":["Amplify"],"damage_healed":0,"gold_gain":0,"player_choice":"Upgrade and Remove","damage_taken":0,"max_hp_gain":0,"max_hp_loss":0,"event_name":"Designer","floor":24,"gold_loss":90,"cards_upgraded":["Defend_B"]},{"damage_healed":0,"gold_gain":0,"player_choice":"","damage_taken":7,"max_hp_gain":0,"max_hp_loss":0,"event_name":"Knowing Skull","floor":31,"potions_obtained":[],"gold_loss":0,"cards_obtained":[]},{"damage_healed":0,"gold_gain":0,"cards_transformed":["Strike_B"],"player_choice":"Transformed","damage_taken":0,"max_hp_gain":0,"max_hp_loss":0,"event_name":"Transmorgrifier","floor":38,"gold_loss":0,"cards_obtained":["Core Surge"]},{"damage_healed":0,"gold_gain":0,"player_choice":"Paid","damage_taken":0,"relics_obtained":["Red Mask"],"max_hp_gain":0,"max_hp_loss":0,"event_name":"Tomb of Lord Red Mask","floor":39,"gold_loss":150},{"damage_healed":0,"gold_gain":0,"player_choice":"Fight","damage_taken":0,"max_hp_gain":0,"max_hp_loss":0,"event_name":"MindBloom","floor":44,"gold_loss":0},{"damage_healed":0,"gold_gain":0,"player_choice":"Memory 1","damage_taken":0,"max_hp_gain":0,"max_hp_loss":0,"event_name":"SensoryStone","floor":45,"gold_loss":0}],"is_beta":false,"boss_relics":[{"not_picked":["Busted Crown","Runic Dome"],"picked":"Nuclear Battery"},{"not_picked":["Sozu","White Beast Statue"],"picked":"FrozenCore"}],"items_purged_floors":[21,36],"is_endless":false,"potions_floor_spawned":[3,4,5,13,14,18,20,25,33,35,47,48],"ascension_level":0}