{"gold_per_floor":[119,132,150,49,64,92,92,112,112,112,136,150,185,185],"floor_reached":14,"playtime":969,"items_purged":["Strike_G"],"score":102,"play_id":"b385c910-b701-48e4-bc3f-cd166c76d5b6","local_time":"20190529171927","is_ascension_mode":false,"campfire_choices":[{"floor":7,"key":"DIG"},{"data":"Catalyst","floor":10,"key":"SMITH"}],"neow_cost":"NONE","seed_source_timestamp":895605803592577,"circlet_count":0,"master_deck":["Defend_G","Defend_G","Defend_G","Defend_G","Defend_G","Strike_G","Strike_G","Strike_G","Strike_G","Survivor","Neutralize","Finisher","Well Laid Plans","Poisoned Stab","Deadly Poison","Endless Agony","Catalyst+1","Flying Knee","PiercingWail","Night Terror"],"relics":["Ring of the Snake","Shovel","Juzu Bracelet","Happy Flower","Odd Mushroom","Pantograph"],"potions_floor_usage":[11],"damage_taken":[{"damage":0,"enemies":"Cultist","floor":1,"turns":4},{"damage":5,"enemies":"2 Louse","floor":2,"turns":2},{"damage":2,"enemies":"Small Slimes","floor":3,"turns":3},{"damage":0,"enemies":"Blue Slaver","floor":5,"turns":4},{"damage":18,"enemies":"3 Sentries","floor":6,"turns":8},{"damage":6,"enemies":"2 Fungi Beasts","floor":8,"turns":3},{"damage":6,"enemies":"The Mushroom Lair","floor":11,"turns":4},{"damage":3,"enemies":"3 Louse","floor":12,"turns":2},{"damage":18,"enemies":"Lagavulin","floor":13,"turns":4},{"damage":20,"enemies":"Gremlin Gang","floor":14,"turns":4}],"seed_played":"8748935639150843421","potions_obtained":[{"floor":2,"key":"SteroidPotion"},{"floor":6,"key":"SkillPotion"},{"floor":12,"key":"EntropicBrew"},{"floor":13,"key":"Energy Potion"}],"is_trial":false,"path_per_floor":["M","M","M","$","M","E","R","M","T","R","?","M","E","M"],"character_chosen":"THE_SILENT","items_purchased":["Deadly Poison"],"campfire_rested":0,"item_purchase_floors":[4],"current_hp_per_floor":[77,72,70,70,70,52,52,46,46,46,40,37,19,0],"gold":185,"neow_bonus":"TEN_PERCENT_HP_BONUS","is_prod":false,"is_daily":false,"chose_seed":false,"campfire_upgraded":1,"win_rate":0.0,"timestamp":1559168367,"path_taken":["M","M","M","$","M","E","R","M","T","R","?","M","E","M"],"build_version":"2019-01-23","purchased_purges":1,"victory":false,"max_hp_per_floor":[77,77,77,77,77,77,77,77,77,77,77,77,77,77],"card_choices":[{"not_picked":["Acrobatics","Dagger Spray"],"picked":"Finisher","floor":1},{"not_picked":["Masterful Stab","Endless Agony"],"picked":"Well Laid Plans","floor":2},{"not_picked":["Flying Knee","Blur"],"picked":"Poisoned Stab","floor":3},{"not_picked":["Backflip","Riddle With Holes"],"picked":"Endless Agony","floor":5},{"not_picked":["Dagger Throw","Acrobatics"],"picked":"Catalyst","floor":6},{"not_picked":["Backstab","Escape Plan"],"picked":"Flying Knee","floor":8},{"not_picked":["Deadly Poison","Underhanded Strike"],"picked":"PiercingWail","floor":11},{"not_picked":["Slice","Masterful Stab"],"picked":"Night Terror","floor":12},{"not_picked":["Prepared","Flechettes","Riddle With Holes"],"picked":"SKIP","floor":13}],"player_experience":18000,"relics_obtained":[{"floor":6,"key":"Shovel"},{"floor":7,"key":"Juzu Bracelet"},{"floor":9,"key":"Happy Flower"},{"floor":11,"key":"Odd Mushroom"},{"floor":13,"key":"Pantograph"}],"event_choices":[{"damage_healed":0,"gold_gain":0,"player_choice":"Fought Mushrooms","damage_taken":0,"max_hp_gain":0,"max_hp_loss":0,"event_name":"Mushrooms","floor":11,"gold_loss":0}],"is_beta":false,"boss_relics":[],"items_purged_floors":[4],"is_endless":false,"potions_floor_spawned":[2,6,12,13],"killed_by":"Gremlin Gang","ascension_level":0}