{"gold_per_floor":[109,109,129,144,144,185,185,225,225,150,150,150],"floor_reached":12,"playtime":589,"items_purged":["Regret"],"score":108,"play_id":"9b2a457c-2d6d-4196-a31c-4d118a71f88f","local_time":"20181204140512","is_ascension_mode":true,"campfire_choices":[],"neow_cost":"TEN_PERCENT_HP_LOSS","seed_source_timestamp":931659038330990,"circlet_count":0,"master_deck":["Strike_R","Strike_R","Strike_R","Defend_R","Defend_R","Defend_R","Bash","Metallicize","Flex","Flex","Demon Form+1"],"relics":["Burning Blood","Golden Idol","Anchor","Unceasing Top","PreservedInsect","Frozen Egg 2"],"potions_floor_usage":[6,6,8],"damage_taken":[{"damage":0,"enemies":"Small Slimes","floor":1,"turns":3},{"damage":0,"enemies":"2 Louse","floor":3,"turns":3},{"damage":7,"enemies":"Cultist","floor":4,"turns":6},{"damage":19,"enemies":"Gremlin Nob","floor":6,"turns":4},{"damage":47,"enemies":"Lagavulin","floor":8,"turns":8},{"damage":18,"enemies":"3 Sentries","floor":12,"turns":6}],"seed_played":"8835907468097908590","potions_obtained":[{"floor":3,"key":"Poison Potion"},{"floor":4,"key":"Explosive Potion"},{"floor":6,"key":"SkillPotion"}],"is_trial":false,"path_per_floor":["M","?","M","M","?","E","?","E","T","$","?","E"],"character_chosen":"IRONCLAD","items_purchased":[],"campfire_rested":0,"item_purchase_floors":[],"current_hp_per_floor":[72,65,71,70,67,54,54,13,13,13,13,0],"gold":150,"neow_bonus":"REMOVE_TWO","is_prod":false,"is_daily":false,"chose_seed":false,"campfire_upgraded":0,"win_rate":0,"timestamp":1543910712,"path_taken":["M","?","M","M","?","E","?","E","T","$","?","E"],"build_version":"2018-11-15","purchased_purges":1,"victory":false,"max_hp_per_floor":[72,72,72,72,67,67,67,67,67,67,67,67],"card_choices":[{"not_picked":["Shrug It Off","True Grit"],"picked":"Metallicize","floor":1},{"not_picked":["Wild Strike","True Grit"],"picked":"Flex","floor":3},{"not_picked":["Combust","Perfected Strike","Dark Embrace"],"picked":"SKIP","floor":4},{"not_picked":["Wild Strike","Battle Trance"],"picked":"Flex","floor":6},{"not_picked":["Warcry","Inflame"],"picked":"Demon Form","floor":8}],"player_experience":178805,"relics_obtained":[{"floor":6,"key":"Anchor"},{"floor":8,"key":"PreservedInsect"},{"floor":9,"key":"Frozen Egg 2"}],"event_choices":[{"cards_removed":["Defend_R"],"damage_healed":0,"gold_gain":0,"player_choice":"Card Removal","damage_taken":7,"max_hp_gain":0,"max_hp_loss":0,"event_name":"Golden Wing","floor":2,"gold_loss":0},{"damage_healed":0,"gold_gain":0,"player_choice":"Lose Max HP","damage_taken":0,"relics_obtained":["Golden Idol"],"max_hp_gain":0,"max_hp_loss":5,"event_name":"Golden Idol","floor":5,"gold_loss":0},{"damage_healed":0,"gold_gain":0,"player_choice":"Box","damage_taken":0,"relics_obtained":["Unceasing Top"],"max_hp_gain":0,"max_hp_loss":0,"event_name":"Big Fish","floor":7,"gold_loss":0,"cards_obtained":["Regret"]},{"damage_healed":0,"gold_gain":0,"player_choice":"Grow","damage_taken":0,"max_hp_gain":0,"max_hp_loss":0,"event_name":"Living Wall","floor":11,"gold_loss":0,"cards_upgraded":["Demon Form"]}],"is_beta":false,"boss_relics":[],"items_purged_floors":[10],"is_endless":false,"potions_floor_spawned":[3,4,6],"killed_by":"3 Sentries","ascension_level":5}