{"gold_per_floor":[118,132,132,146,157,191,191,206,206,206,33,33,33,333,333,333],"floor_reached":16,"playtime":526,"items_purged":["Strike_R"],"score":100,"play_id":"b2be9f28-ee95-4aa3-bb72-39c873e157f8","local_time":"20181120230931","is_ascension_mode":false,"campfire_choices":[{"data":"Metallicize","floor":7,"key":"SMITH"},{"data":"Brutality","floor":10,"key":"SMITH"},{"data":"Finesse","floor":12,"key":"SMITH"},{"data":"Shrug It Off","floor":15,"key":"SMITH"}],"neow_cost":"NONE","seed_source_timestamp":597543008043056,"circlet_count":0,"master_deck":["Strike_R","Strike_R","Strike_R","Strike_R","Defend_R","Defend_R","Defend_R","Defend_R","Bash+1","Evolve","Metallicize+1","Shrug It Off+1","Brutality+1","Finesse+1"],"relics":["Burning Blood","Meat on the Bone","Paper Frog","Old Coin"],"potions_floor_usage":[6,16,16],"damage_taken":[{"damage":8,"enemies":"Jaw Worm","floor":1,"turns":3},{"damage":5,"enemies":"Cultist","floor":2,"turns":4},{"damage":10,"enemies":"Small Slimes","floor":4,"turns":3},{"damage":10,"enemies":"Blue Slaver","floor":5,"turns":6},{"damage":22,"enemies":"Gremlin Nob","floor":6,"turns":5},{"damage":17,"enemies":"Gremlin Gang","floor":8,"turns":7},{"damage":64,"enemies":"Slime Boss","floor":16,"turns":12}],"seed_played":"-1253856466001397951","potions_obtained":[{"floor":1,"key":"BloodPotion"},{"floor":3,"key":"Weak Potion"},{"floor":3,"key":"Dexterity Potion"},{"floor":5,"key":"AttackPotion"},{"floor":6,"key":"EssenceOfSteel"}],"is_trial":false,"path_per_floor":["M","M","?","M","M","E","R","M","T","R","$","R","$","?","R","B"],"character_chosen":"IRONCLAD","items_purchased":["Finesse"],"campfire_rested":0,"item_purchase_floors":[11],"current_hp_per_floor":[78,79,79,75,71,55,55,56,56,56,56,56,56,56,56,0],"gold":333,"neow_bonus":"UPGRADE_CARD","is_prod":false,"is_daily":false,"chose_seed":false,"campfire_upgraded":4,"win_rate":0,"timestamp":1542773371,"path_taken":["M","M","?","?","M","E","R","M","T","R","$","R","$","?","R","BOSS"],"build_version":"2018-11-15","purchased_purges":1,"victory":false,"max_hp_per_floor":[80,80,80,80,80,80,80,80,80,80,80,80,80,80,80,80],"card_choices":[{"not_picked":["Clothesline","Dropkick"],"picked":"Evolve","floor":1},{"not_picked":["Carnage","Flex","Twin Strike"],"picked":"SKIP","floor":2},{"not_picked":["Carnage","Reckless Charge"],"picked":"Metallicize","floor":4},{"not_picked":["Armaments","Anger"],"picked":"Shrug It Off","floor":5},{"not_picked":["Cleave","Fire Breathing"],"picked":"Brutality","floor":6},{"not_picked":["Inflame","Havoc","Heavy Blade"],"picked":"SKIP","floor":8}],"player_experience":139723,"relics_obtained":[{"floor":6,"key":"Meat on the Bone"},{"floor":9,"key":"Paper Frog"}],"event_choices":[{"damage_healed":0,"gold_gain":0,"player_choice":"Got Potions","damage_taken":0,"max_hp_gain":0,"max_hp_loss":0,"event_name":"Lab","floor":3,"gold_loss":0},{"damage_healed":0,"gold_gain":0,"player_choice":"Gave Potion","damage_taken":0,"relics_obtained":["Old Coin"],"max_hp_gain":0,"max_hp_loss":0,"event_name":"WeMeetAgain","floor":14,"gold_loss":0}],"is_beta":false,"boss_relics":[],"items_purged_floors":[11],"is_endless":false,"potions_floor_spawned":[1,5,6],"killed_by":"Slime Boss","ascension_level":0}