{"gold_per_floor":[112,112,112,37,60,103,103,137,137,190,220,255,267,300,312,324],"floor_reached":16,"playtime":501,"items_purged":["Strike_R"],"score":247,"play_id":"2c832cda-3175-462d-af67-bc0fe0cbed22","local_time":"20190714003914","is_ascension_mode":true,"campfire_choices":[{"data":"Bash","floor":7,"key":"SMITH"},{"floor":13,"key":"REST"},{"floor":15,"key":"REST"}],"neow_cost":"NONE","seed_source_timestamp":91662756883975,"circlet_count":0,"master_deck":["AscendersBane","Strike_R","Strike_R","Strike_R","Defend_R","Defend_R","Defend_R","Defend_R","Bash+1","Whirlwind","Anger","Clothesline","Clothesline","Barricade","Limit Break"],"relics":["Burning Blood","NeowsBlessing","Golden Idol","Dodecahedron","Prayer Wheel","MawBank","Sundial"],"potions_floor_usage":[10,12,16],"damage_taken":[{"damage":0,"enemies":"2 Louse","floor":1,"turns":1},{"damage":0,"enemies":"Small Slimes","floor":5,"turns":1},{"damage":0,"enemies":"Gremlin Nob","floor":6,"turns":1},{"damage":35,"enemies":"3 Sentries","floor":8,"turns":6},{"damage":30,"enemies":"Lagavulin","floor":10,"turns":5},{"damage":2,"enemies":"Jaw Worm","floor":11,"turns":4},{"damage":9,"enemies":"Red Slaver","floor":12,"turns":2},{"damage":19,"enemies":"3 Louse","floor":14,"turns":3},{"damage":43,"enemies":"Slime Boss","floor":16,"turns":10}],"seed_played":"8595646341049701609","potions_obtained":[{"floor":1,"key":"SneckoOil"},{"floor":8,"key":"AttackPotion"},{"floor":10,"key":"Ancient Potion"},{"floor":12,"key":"Energy Potion"}],"is_trial":false,"path_per_floor":["M","?","?","$","M","E","R","E","T","E","M","M","R","M","R","B"],"character_chosen":"IRONCLAD","items_purchased":[],"campfire_rested":2,"item_purchase_floors":[],"current_hp_per_floor":[74,56,49,49,55,61,61,32,32,8,12,9,31,18,40,0],"gold":324,"neow_bonus":"THREE_ENEMY_KILL","is_prod":false,"is_daily":false,"chose_seed":false,"campfire_upgraded":1,"win_rate":0,"timestamp":1563079154,"path_taken":["M","?","?","$","M","E","R","E","T","E","M","M","R","M","R","BOSS"],"build_version":"2019-07-05","purchased_purges":1,"victory":false,"max_hp_per_floor":[75,75,75,75,75,75,75,75,75,75,75,75,75,75,75,75],"card_choices":[{"not_picked":["Pommel Strike","Intimidate"],"picked":"Whirlwind","floor":1},{"not_picked":["Corruption","Second Wind","Sentinel"],"picked":"SKIP","floor":5},{"not_picked":["Headbutt","Flex","Sword Boomerang"],"picked":"SKIP","floor":6},{"not_picked":["Fire Breathing","Sword Boomerang"],"picked":"Anger","floor":8},{"not_picked":["Body Slam","Blood for Blood","Iron Wave"],"picked":"SKIP","floor":10},{"not_picked":["Second Wind","Power Through"],"picked":"Clothesline","floor":11},{"not_picked":["Sever Soul","Headbutt","Pummel"],"picked":"SKIP","floor":11},{"not_picked":["Warcry","Flex"],"picked":"Clothesline","floor":12},{"not_picked":["Sever Soul","Anger"],"picked":"Barricade","floor":12},{"not_picked":["Body Slam","Sentinel"],"picked":"Limit Break","floor":14},{"not_picked":["Blood for Blood","Body Slam","Ghostly Armor"],"picked":"SKIP","floor":14}],"player_experience":691288,"relics_obtained":[{"floor":6,"key":"Dodecahedron"},{"floor":8,"key":"Prayer Wheel"},{"floor":9,"key":"MawBank"},{"floor":10,"key":"Sundial"}],"event_choices":[{"damage_healed":0,"gold_gain":0,"player_choice":"Take Damage","damage_taken":18,"relics_obtained":["Golden Idol"],"max_hp_gain":0,"max_hp_loss":0,"event_name":"Golden Idol","floor":2,"gold_loss":0},{"cards_removed":["Strike_R"],"damage_healed":0,"gold_gain":0,"player_choice":"Card Removal","damage_taken":7,"max_hp_gain":0,"max_hp_loss":0,"event_name":"Golden Wing","floor":3,"gold_loss":0}],"is_beta":false,"boss_relics":[],"items_purged_floors":[4],"is_endless":false,"potions_floor_spawned":[1,8,10,12],"killed_by":"Slime Boss","ascension_level":14}