{"gold_per_floor":[110,110,110,136,136,170,185,185,209,31,31,57,73,73],"floor_reached":14,"playtime":718,"items_purged":[],"score":146,"play_id":"7e7b3f18-cb78-47b2-8cca-6cb7a7d33c9a","local_time":"20190529170247","is_ascension_mode":false,"campfire_choices":[{"data":"Dodge and Roll","floor":8,"key":"SMITH"},{"data":"Chrysalis","floor":11,"key":"SMITH"}],"neow_cost":"NONE","seed_source_timestamp":894856494938683,"circlet_count":0,"master_deck":["Defend_G","Defend_G","Defend_G","Defend_G","Defend_G","Strike_G","Strike_G+1","Strike_G","Strike_G","Strike_G+1","Survivor","Neutralize+1","Footwork","Finisher","Dodge and Roll+1","Chrysalis+1","Poisoned Stab","Backstab"],"relics":["Ring of the Snake","NeowsBlessing","Regal Pillow","Bronze Scales","Oddly Smooth Stone","Potion Belt","Ancient Tea Set"],"potions_floor_usage":[],"damage_taken":[{"damage":0,"enemies":"Small Slimes","floor":1,"turns":1},{"damage":0,"enemies":"3 Sentries","floor":6,"turns":1},{"damage":0,"enemies":"2 Louse","floor":7,"turns":1},{"damage":0,"enemies":"Lagavulin","floor":12,"turns":7},{"damage":1,"enemies":"Jaw Worm","floor":13,"turns":3},{"damage":59,"enemies":"Gremlin Nob","floor":14,"turns":5}],"seed_played":"6652169273027139424","potions_obtained":[{"floor":6,"key":"SteroidPotion"},{"floor":12,"key":"EssenceOfSteel"}],"is_trial":false,"path_per_floor":["M","?","?","T","?","E","M","R","T","$","R","E","M","E"],"character_chosen":"THE_SILENT","items_purchased":["Chrysalis"],"campfire_rested":0,"item_purchase_floors":[10],"current_hp_per_floor":[70,70,67,67,53,53,53,53,53,53,53,53,52,0],"gold":73,"neow_bonus":"THREE_ENEMY_KILL","is_prod":false,"is_daily":false,"chose_seed":false,"campfire_upgraded":2,"win_rate":0.0,"timestamp":1559167367,"path_taken":["M","?","?","?","?","E","M","R","T","$","R","E","M","E"],"build_version":"2019-01-23","purchased_purges":0,"victory":false,"max_hp_per_floor":[70,70,70,70,70,70,70,70,70,70,70,70,70,70],"card_choices":[{"not_picked":["Outmaneuver","Deadly Poison"],"picked":"Footwork","floor":1},{"not_picked":["Deflect","Backflip"],"picked":"Finisher","floor":6},{"not_picked":["PiercingWail","Bane"],"picked":"Dodge and Roll","floor":7},{"not_picked":["Deflect","Distraction"],"picked":"Poisoned Stab","floor":12},{"not_picked":["Underhanded Strike","A Thousand Cuts"],"picked":"Backstab","floor":13}],"player_experience":17282,"relics_obtained":[{"floor":4,"key":"Bronze Scales"},{"floor":6,"key":"Oddly Smooth Stone"},{"floor":9,"key":"Potion Belt"},{"floor":12,"key":"Ancient Tea Set"}],"event_choices":[{"damage_healed":0,"gold_gain":0,"player_choice":"Grow","damage_taken":0,"max_hp_gain":0,"max_hp_loss":0,"event_name":"Living Wall","floor":2,"gold_loss":0,"cards_upgraded":["Neutralize"]},{"damage_healed":0,"gold_gain":0,"player_choice":"Success","damage_taken":3,"relics_obtained":["Regal Pillow"],"max_hp_gain":0,"max_hp_loss":0,"event_name":"Scrap Ooze","floor":3,"gold_loss":0},{"damage_healed":0,"gold_gain":0,"player_choice":"Entered Light","damage_taken":14,"max_hp_gain":0,"max_hp_loss":0,"event_name":"Shining Light","floor":5,"gold_loss":0,"cards_upgraded":["Strike_G","Strike_G"]}],"is_beta":false,"boss_relics":[],"items_purged_floors":[],"is_endless":false,"potions_floor_spawned":[6,12],"killed_by":"Gremlin Nob","ascension_level":0}