{"gold_per_floor":[109,109,120,70,89,89,107,107,107,107,7,35,35,50,50,147,197,209,109,109,82,82,82,82,7,81,81,59,85,102,125,125,225,225,245,258,258,278,278,278,297,247,273,285,311,323,297,332,332,332],"floor_reached":50,"playtime":2926,"items_purged":["Strike_R","Strike_R","Strike_R+1"],"score":513,"play_id":"a3fd8c6b-d76c-4f83-8017-0d25910b17a5","local_time":"20190727161025","is_ascension_mode":true,"campfire_choices":[{"data":"Bash","floor":6,"key":"SMITH"},{"data":"Disarm","floor":8,"key":"SMITH"},{"floor":10,"key":"REST"},{"floor":15,"key":"REST"},{"floor":23,"key":"REST"},{"floor":27,"key":"REST"},{"floor":32,"key":"REST"},{"data":"Armaments","floor":40,"key":"SMITH"},{"floor":44,"key":"REST"},{"data":"Offering","floor":46,"key":"SMITH"},{"data":"Body Slam","floor":49,"key":"SMITH"}],"neow_cost":"PERCENT_DAMAGE","seed_source_timestamp":194630038046842,"circlet_count":0,"master_deck":["Bash+1","Disarm+1","Body Slam+1","Pommel Strike","Reaper","Armaments+1","Clothesline","Reckless Charge","Shrug It Off","Shrug It Off","Inflame+1","Offering+1","Madness","Madness","Spot Weakness+1","Metallicize+1","Dual Wield"],"relics":["Black Blood","Ancient Tea Set","Frozen Egg 2","Tiny House","Sundial","Oddly Smooth Stone","Smiling Mask","MawBank","Shuriken"],"potions_floor_usage":[33,33,41,41,41],"damage_taken":[{"damage":0,"enemies":"Small Slimes","floor":1,"turns":3},{"damage":2,"enemies":"2 Louse","floor":3,"turns":4},{"damage":13,"enemies":"Jaw Worm","floor":5,"turns":4},{"damage":7,"enemies":"3 Louse","floor":7,"turns":4},{"damage":51,"enemies":"Lagavulin","floor":12,"turns":7},{"damage":13,"enemies":"2 Fungi Beasts","floor":14,"turns":4},{"damage":53,"enemies":"Hexaghost","floor":16,"turns":12},{"damage":66,"enemies":"Spheric Guardian","floor":18,"turns":7},{"damage":40,"enemies":"2 Thieves","floor":21,"turns":5},{"damage":21,"enemies":"Cultist and Chosen","floor":30,"turns":7},{"damage":92,"enemies":"Collector","floor":33,"turns":15},{"damage":27,"enemies":"Orb Walker","floor":35,"turns":4},{"damage":58,"enemies":"3 Shapes","floor":36,"turns":4},{"damage":9,"enemies":"Spire Growth","floor":38,"turns":4},{"damage":52,"enemies":"Sphere and 2 Shapes","floor":41,"turns":7},{"damage":15,"enemies":"Maw","floor":45,"turns":8},{"damage":22,"enemies":"Nemesis","floor":48,"turns":7},{"damage":112,"enemies":"Donu and Deca","floor":50,"turns":6}],"seed_played":"4538331074149354838","potions_obtained":[{"floor":7,"key":"Weak Potion"},{"floor":14,"key":"Strength Potion"},{"floor":16,"key":"Poison Potion"},{"floor":17,"key":"AttackPotion"},{"floor":36,"key":"Block Potion"},{"floor":38,"key":"Regen Potion"}],"is_trial":false,"path_per_floor":["M","?","M","?","M","R","M","R","T","R","$","E","?","M","R","B",null,"M","$","?","M","?","R","?","?","T","R","$","T","M","T","R","B",null,"M","M","?","M","?","R","M","$","T","R","M","R","$","E","R","B"],"character_chosen":"IRONCLAD","items_purchased":["Body Slam","Shrug It Off","Dual Wield"],"campfire_rested":6,"item_purchase_floors":[11,28,47],"current_hp_per_floor":[62,62,66,66,59,59,58,58,58,80,80,35,40,33,58,11,90,34,34,34,8,8,35,35,35,35,62,62,62,47,47,74,10,90,73,39,39,40,29,29,16,16,16,43,60,60,60,90,90,0],"gold":332,"neow_bonus":"REMOVE_TWO","is_prod":false,"is_daily":false,"chose_seed":false,"campfire_upgraded":5,"win_rate":0,"timestamp":1564269025,"path_taken":["M","?","M","?","M","R","M","R","T","R","$","E","?","M","R","BOSS","M","$","?","M","?","R","?","?","T","R","$","?","M","?","R","BOSS","M","M","?","M","?","R","M","?","T","R","M","R","$","E","R","BOSS"],"build_version":"2019-07-17","purchased_purges":3,"victory":false,"max_hp_per_floor":[80,80,80,80,80,80,80,80,80,80,80,80,85,85,85,85,90,90,90,90,90,90,90,90,90,90,90,90,90,90,90,90,90,90,90,90,90,90,90,90,90,90,90,90,90,90,90,90,90,90],"card_choices":[{"not_picked":["Wild Strike","Cleave","Corruption"],"picked":"SKIP","floor":1},{"not_picked":["Heavy Blade","Evolve","Corruption"],"picked":"SKIP","floor":3},{"not_picked":["Immolate","Rupture","Dropkick"],"picked":"SKIP","floor":5},{"not_picked":["True Grit","Pommel Strike"],"picked":"Disarm","floor":7},{"not_picked":["Feel No Pain","Cleave"],"picked":"Pommel Strike","floor":12},{"not_picked":["Cleave","Wild Strike","Sword Boomerang"],"picked":"SKIP","floor":14},{"not_picked":["Juggernaut+1","Immolate"],"picked":"Reaper","floor":16},{"not_picked":["Headbutt","Body Slam"],"picked":"Armaments","floor":17},{"not_picked":["Thunderclap+1","Heavy Blade"],"picked":"Clothesline","floor":18},{"not_picked":["Dropkick","Clash"],"picked":"Shrug It Off","floor":21},{"not_picked":["Havoc+1","Rampage+1"],"picked":"Inflame+1","floor":30},{"not_picked":["Reaper","Feed"],"picked":"Offering","floor":33},{"not_picked":["Carnage","Uppercut"],"picked":"Sentinel","floor":35},{"not_picked":["Pummel","Twin Strike+1","Rampage+1"],"picked":"SKIP","floor":36},{"not_picked":["Warcry","Corruption+1","Thunderclap+1"],"picked":"SKIP","floor":38},{"not_picked":["Havoc","Twin Strike+1"],"picked":"Spot Weakness+1","floor":41},{"not_picked":["Thunderclap+1","Armaments+1"],"picked":"Metallicize+1","floor":45},{"not_picked":["Flex","Cleave+1","Perfected Strike"],"picked":"SKIP","floor":48}],"player_experience":233172,"relics_obtained":[{"floor":9,"key":"Ancient Tea Set"},{"floor":12,"key":"Frozen Egg 2"},{"floor":26,"key":"Sundial"},{"floor":29,"key":"Oddly Smooth Stone"},{"floor":31,"key":"Smiling Mask"},{"floor":43,"key":"MawBank"},{"floor":48,"key":"Shuriken"}],"event_choices":[{"cards_removed":["Strike_R"],"damage_healed":0,"gold_gain":0,"player_choice":"Forget","damage_taken":0,"max_hp_gain":0,"max_hp_loss":0,"event_name":"Living Wall","floor":2,"gold_loss":0},{"cards_removed":["Defend_R"],"damage_healed":0,"gold_gain":0,"player_choice":"Card Removal","damage_taken":0,"max_hp_gain":0,"max_hp_loss":0,"event_name":"The Cleric","floor":4,"gold_loss":50},{"damage_healed":0,"gold_gain":0,"player_choice":"Donut","damage_taken":0,"max_hp_gain":5,"max_hp_loss":0,"event_name":"Big Fish","floor":13,"gold_loss":0},{"damage_healed":0,"gold_gain":0,"player_choice":"Read","damage_taken":0,"max_hp_gain":0,"max_hp_loss":0,"event_name":"The Library","floor":20,"gold_loss":0,"cards_obtained":["Reckless Charge"]},{"damage_healed":0,"gold_gain":0,"player_choice":"Ignored","damage_taken":0,"max_hp_gain":0,"max_hp_loss":0,"event_name":"Cursed Tome","floor":22,"gold_loss":0},{"cards_removed":["Defend_R"],"damage_healed":0,"gold_gain":0,"player_choice":"Elegance","damage_taken":0,"max_hp_gain":0,"max_hp_loss":0,"event_name":"Back to Basics","floor":24,"gold_loss":0},{"cards_removed":["Defend_R"],"damage_healed":0,"gold_gain":0,"player_choice":"Gave Gold","damage_taken":0,"max_hp_gain":0,"max_hp_loss":0,"event_name":"Beggar","floor":25,"gold_loss":75},{"cards_removed":["Sentinel"],"damage_healed":0,"gold_gain":0,"player_choice":"Removed Skill","damage_taken":0,"max_hp_gain":0,"max_hp_loss":0,"event_name":"Falling","floor":37,"gold_loss":0},{"damage_healed":0,"gold_gain":0,"player_choice":"Embrace Madness","damage_taken":11,"max_hp_gain":0,"max_hp_loss":0,"event_name":"Winding Halls","floor":39,"gold_loss":0,"cards_obtained":["Madness","Madness"]}],"is_beta":false,"boss_relics":[{"not_picked":["Runic Dome","Empty Cage"],"picked":"Tiny House"},{"not_picked":["Eternal Feather","Pandora\u0027s Box"],"picked":"Black Blood"}],"items_purged_floors":[11,19,42],"is_endless":false,"potions_floor_spawned":[7,14,16,18,36,38],"killed_by":"Donu and Deca","ascension_level":2}