{"gold_per_floor":[114,114,57,132,148,183,183,212,212,212,224,224,252,275,275,349,349,361,377,133,150,150,150,50,50,76,89,101,128,3,63,63,135,135,145,145,0,0,16,343,343,356,381,411,411,411],"floor_reached":46,"playtime":2510,"items_purged":["Strike_G","Strike_G","Strike_G"],"score":1189,"play_id":"e625f414-38f9-4343-a9fd-b77324297efd","local_time":"20190817213949","is_ascension_mode":true,"campfire_choices":[{"floor":7.0,"key":"REST"},{"floor":10.0,"key":"REST"},{"floor":15.0,"key":"REST"},{"data":"Wraith Form v2","floor":23.0,"key":"SMITH"},{"data":"Burst","floor":25.0,"key":"SMITH"},{"data":"Noxious Fumes","floor":32.0,"key":"SMITH"},{"data":"Crippling Poison","floor":41.0,"key":"SMITH"}],"neow_cost":"NONE","seed_source_timestamp":67318178444800,"circlet_count":0,"master_deck":["AscendersBane","Strike_G+1","Defend_G","Defend_G","Defend_G","Defend_G","Survivor","Neutralize","Burst+1","Caltrops","Sucker Punch","Noxious Fumes+1","Die Die Die+1","Wraith Form v2+1","Corpse Explosion","Bane","Deadly Poison","PiercingWail","Noxious Fumes","Deadly Poison","Backstab","Leg Sweep","Adrenaline","Crippling Poison+1","Night Terror"],"special_seed":0,"relics":["Ring of the Snake","Bottled Lightning","PreservedInsect","Singing Bowl","Whetstone","Art of War","Runic Pyramid","Strawberry","Dream Catcher","Tiny Chest","HoveringKite","Red Mask","Old Coin","Oddly Smooth Stone","Incense Burner"],"potions_floor_usage":[],"damage_taken":[{"damage":1.0,"enemies":"Cultist","floor":1.0,"turns":5.0},{"damage":1.0,"enemies":"Small Slimes","floor":5.0,"turns":5.0},{"damage":24.0,"enemies":"Gremlin Nob","floor":6.0,"turns":4.0},{"damage":36.0,"enemies":"3 Sentries","floor":8.0,"turns":9.0},{"damage":0.0,"enemies":"2 Louse","floor":11.0,"turns":2.0},{"damage":20.0,"enemies":"Lagavulin","floor":13.0,"turns":6.0},{"damage":33.0,"enemies":"The Guardian","floor":16.0,"turns":14.0},{"damage":18.0,"enemies":"Shell Parasite","floor":18.0,"turns":7.0},{"damage":4.0,"enemies":"2 Thieves","floor":19.0,"turns":3.0},{"damage":8.0,"enemies":"Snecko","floor":21.0,"turns":5.0},{"damage":3.0,"enemies":"Centurion and Healer","floor":27.0,"turns":4.0},{"damage":7.0,"enemies":"Chosen and Byrds","floor":28.0,"turns":4.0},{"damage":13.0,"enemies":"Book of Stabbing","floor":29.0,"turns":6.0},{"damage":0.0,"enemies":"Gremlin Leader","floor":31.0,"turns":3.0},{"damage":22.0,"enemies":"Champ","floor":33.0,"turns":13.0},{"damage":13.0,"enemies":"3 Shapes","floor":35.0,"turns":4.0},{"damage":3.0,"enemies":"Orb Walker","floor":39.0,"turns":4.0},{"damage":1.0,"enemies":"Nemesis","floor":40.0,"turns":7.0},{"damage":46.0,"enemies":"Transient","floor":42.0,"turns":6.0},{"damage":5.0,"enemies":"Reptomancer","floor":44.0,"turns":6.0},{"damage":0,"enemies":"Awakened One","floor":46,"turns":1}],"seed_played":"2735525125476265865","potions_obtained":[{"floor":1.0,"key":"Swift Potion"},{"floor":8.0,"key":"Swift Potion"},{"floor":11.0,"key":"SteroidPotion"},{"floor":13.0,"key":"GhostInAJar"},{"floor":18.0,"key":"Weak Potion"},{"floor":27.0,"key":"Strength Potion"},{"floor":33.0,"key":"SteroidPotion"},{"floor":40.0,"key":"SpeedPotion"}],"is_trial":false,"path_per_floor":["M","?","$","?","M","E","R","E","T","R","M","?","E","T","R","B",null,"M","M","$","M","?","R","$","R","T","M","M","E","$","E","R","B",null,"M","?","?","?","M","E","R","M","T","E","?","B"],"character_chosen":"THE_SILENT","items_purchased":["SteroidPotion","PiercingWail","Noxious Fumes","Deadly Poison"],"campfire_rested":3,"item_purchase_floors":[3,20,20,20],"current_hp_per_floor":[58,58,58,47,46,22,41,5,5,24,26,48,28,28,48,15,55,37,33,33,25,68,68,68,68,75,72,67,56,56,58,58,36,70,59,59,59,59,56,57,57,13,13,8,8,8],"gold":411,"neow_bonus":"ONE_RANDOM_RARE_CARD","is_prod":false,"is_daily":false,"chose_seed":false,"campfire_upgraded":4,"win_rate":0,"timestamp":1566070789,"path_taken":["M","?","$","?","M","E","R","E","T","R","M","?","E","?","R","BOSS","M","M","$","M","?","R","$","R","T","?","M","E","?","E","R","BOSS","M","?","?","?","?","E","R","M","T","E","?","BOSS"],"build_version":"2019-07-17","purchased_purges":3,"victory":false,"max_hp_per_floor":[66,66,66,66,66,66,66,66,66,66,68,68,68,68,68,68,68,68,68,68,68,68,68,68,68,75,75,77,79,79,81,81,81,81,83,79,79,79,79,81,81,83,83,83,83,83],"card_choices":[{"not_picked":["Underhanded Strike","Quick Slash"],"picked":"Caltrops","floor":1.0},{"not_picked":["Outmaneuver","Concentrate"],"picked":"Sucker Punch","floor":5.0},{"not_picked":["Infinite Blades","Cloak And Dagger"],"picked":"Noxious Fumes","floor":6.0},{"not_picked":["Sucker Punch","Underhanded Strike"],"picked":"Die Die Die","floor":8.0},{"not_picked":["Riddle With Holes","Prepared","Sucker Punch"],"picked":"Singing Bowl","floor":11.0},{"not_picked":["Escape Plan","Doppelganger"],"picked":"Wraith Form v2","floor":13.0},{"not_picked":["A Thousand Cuts","Night Terror"],"picked":"Corpse Explosion","floor":16.0},{"not_picked":["Sucker Punch","Setup"],"picked":"Bane","floor":18.0},{"not_picked":["Well Laid Plans","Acrobatics"],"picked":"Deadly Poison","floor":19.0},{"not_picked":["Riddle With Holes","Expertise"],"picked":"Backstab","floor":21.0},{"not_picked":["Endless Agony","Calculated Gamble"],"picked":"Leg Sweep","floor":27.0},{"not_picked":["Cloak And Dagger","Prepared","Bane"],"picked":"Singing Bowl","floor":28.0},{"not_picked":["Accuracy","Dagger Spray","Eviscerate"],"picked":"Singing Bowl","floor":29.0},{"not_picked":["Prepared","Finisher","Sucker Punch"],"picked":"Singing Bowl","floor":31.0},{"not_picked":["Glass Knife","Malaise"],"picked":"Adrenaline","floor":33.0},{"not_picked":["Dagger Spray","Flechettes","Flying Knee+1"],"picked":"Singing Bowl","floor":35.0},{"not_picked":["Heel Hook+1","Riddle With Holes"],"picked":"Crippling Poison","floor":39.0},{"not_picked":["Heel Hook","Quick Slash","Prepared"],"picked":"Singing Bowl","floor":40.0},{"not_picked":["Acrobatics","Well Laid Plans","Cloak And Dagger+1"],"picked":"Singing Bowl","floor":42.0},{"not_picked":["Poisoned Stab","Bane"],"picked":"Night Terror","floor":44.0}],"player_experience":1105847,"relics_obtained":[{"floor":6.0,"key":"Bottled Lightning"},{"floor":8.0,"key":"PreservedInsect"},{"floor":9.0,"key":"Singing Bowl"},{"floor":13.0,"key":"Whetstone"},{"floor":14.0,"key":"Art of War"},{"floor":26.0,"key":"Strawberry"},{"floor":29.0,"key":"Dream Catcher"},{"floor":31.0,"key":"Tiny Chest"},{"floor":40.0,"key":"Old Coin"},{"floor":43.0,"key":"Oddly Smooth Stone"},{"floor":44.0,"key":"Incense Burner"}],"event_choices":[{"cards_removed":["Strike_G"],"damage_healed":0.0,"max_hp_gain":0.0,"max_hp_loss":0.0,"gold_gain":0.0,"event_name":"Living Wall","player_choice":"Forget","floor":2.0,"gold_loss":0.0,"damage_taken":0.0},{"damage_healed":0.0,"max_hp_gain":0.0,"max_hp_loss":0.0,"gold_gain":75.0,"event_name":"World of Goop","player_choice":"Gather Gold","floor":4.0,"gold_loss":0.0,"damage_taken":11.0},{"damage_healed":22.0,"max_hp_gain":0.0,"max_hp_loss":0.0,"gold_gain":0.0,"event_name":"Big Fish","player_choice":"Banana","floor":12.0,"gold_loss":0.0,"damage_taken":0.0},{"damage_healed":43.0,"max_hp_gain":0.0,"max_hp_loss":0.0,"gold_gain":0.0,"event_name":"Wheel of Change","player_choice":"Full Heal","floor":22.0,"gold_loss":0.0,"damage_taken":0.0},{"damage_healed":0.0,"max_hp_gain":0.0,"max_hp_loss":4.0,"gold_gain":0.0,"event_name":"Winding Halls","player_choice":"Max HP","floor":36.0,"gold_loss":0.0,"damage_taken":0.0},{"damage_healed":0.0,"max_hp_gain":0.0,"max_hp_loss":0.0,"gold_gain":0.0,"event_name":"Tomb of Lord Red Mask","player_choice":"Paid","floor":37.0,"gold_loss":145.0,"damage_taken":0.0,"relics_obtained":["Red Mask"]},{"cards_removed":["Defend_G"],"damage_healed":0.0,"max_hp_gain":0.0,"max_hp_loss":0.0,"gold_gain":0.0,"event_name":"Purifier","player_choice":"Purged","floor":38.0,"gold_loss":0.0,"damage_taken":0.0},{"damage_healed":0.0,"max_hp_gain":0.0,"max_hp_loss":0.0,"gold_gain":0.0,"event_name":"SecretPortal","player_choice":"Took Portal","floor":45.0,"gold_loss":0.0,"damage_taken":0.0}],"is_beta":false,"boss_relics":[{"not_picked":["Ectoplasm","Pandora\u0027s Box"],"picked":"Runic Pyramid"},{"not_picked":["Snecko Eye","Runic Dome"],"picked":"HoveringKite"}],"items_purged_floors":[20,24,30],"is_endless":false,"potions_floor_spawned":[1,8,11,13,18,27,29,33,35,40],"killed_by":"Awakened One","ascension_level":20}