{"gold_per_floor":[112,62,75,92,92,121,135,135,158,46,46,76,76,76,76,179,179,191,201,218,317,329,329,356,366,366,266,266,281,298,309,309,414,414,428,428,444,444,461,493,493,220,300,331,5,21,21,41,41,41],"floor_reached":51,"playtime":5203,"items_purged":["Strike_B","Strike_B","Defend_B","Parasite"],"score":689,"play_id":"940d4ec1-bc8a-4313-b2cb-47fe9cd5f5c7","local_time":"20190814061346","is_ascension_mode":false,"campfire_choices":[{"data":"Glacier","floor":8,"key":"SMITH"},{"data":"Chill","floor":11,"key":"SMITH"},{"data":"Barrage","floor":13,"key":"SMITH"},{"data":"Genetic Algorithm","floor":15,"key":"SMITH"},{"data":"Capacitor","floor":23,"key":"SMITH"},{"data":"Force Field","floor":28,"key":"SMITH"},{"data":"Biased Cognition","floor":32,"key":"SMITH"},{"data":"Defragment","floor":47,"key":"SMITH"},{"data":"Defragment","floor":49,"key":"SMITH"}],"neow_cost":"NONE","seed_source_timestamp":1094565168571300,"circlet_count":0,"master_deck":["Defend_B","Defend_B","Zap","Dualcast","Gash","Chill+1","Barrage+1","Glacier+1","FTL","Genetic Algorithm+1","Biased Cognition+1","Capacitor+1","Force Field+1","Self Repair","Go for the Eyes+1","Barrage+1","White Noise+1","Gash","Gash+1","Barrage+1","Recycle+1","Defragment+1","Defragment+1","Seek+1"],"relics":["Velvet Choker","Potion Belt","Bag of Marbles","Blood Vial","Runic Pyramid","Toxic Egg 2","Pantograph","Eternal Feather","Bottled Lightning","Lantern","Singing Bowl","Bag of Preparation"],"potions_floor_usage":[16,40,44,44,50,50],"damage_taken":[{"damage":1,"enemies":"2 Louse","floor":1,"turns":3},{"damage":7,"enemies":"Small Slimes","floor":3,"turns":4},{"damage":0,"enemies":"Cultist","floor":4,"turns":5},{"damage":8,"enemies":"3 Sentries","floor":6,"turns":10},{"damage":0,"enemies":"2 Fungi Beasts","floor":7,"turns":4},{"damage":8,"enemies":"Lagavulin","floor":12,"turns":8},{"damage":6,"enemies":"Hexaghost","floor":16,"turns":11},{"damage":1,"enemies":"3 Byrds","floor":18,"turns":5},{"damage":0,"enemies":"Shell Parasite","floor":19,"turns":6},{"damage":0,"enemies":"Centurion and Healer","floor":20,"turns":6},{"damage":10,"enemies":"Snake Plant","floor":22,"turns":5},{"damage":2,"enemies":"Book of Stabbing","floor":24,"turns":7},{"damage":19,"enemies":"Sentry and Sphere","floor":25,"turns":6},{"damage":4,"enemies":"Shelled Parasite and Fungi","floor":29,"turns":6},{"damage":0,"enemies":"Snake Plant","floor":30,"turns":6},{"damage":4,"enemies":"Centurion and Healer","floor":31,"turns":6},{"damage":25,"enemies":"Automaton","floor":33,"turns":9},{"damage":3,"enemies":"Orb Walker","floor":35,"turns":5},{"damage":0,"enemies":"3 Darklings","floor":37,"turns":6},{"damage":23,"enemies":"Writhing Mass","floor":39,"turns":8},{"damage":58,"enemies":"Reptomancer","floor":40,"turns":8},{"damage":2,"enemies":"Giant Head","floor":44,"turns":10},{"damage":0,"enemies":"Spire Growth","floor":46,"turns":6},{"damage":0,"enemies":"Maw","floor":48,"turns":7},{"damage":1,"enemies":"Awakened One","floor":50,"turns":11}],"seed_played":"4244639649379734341","potions_obtained":[{"floor":3,"key":"SteroidPotion"},{"floor":6,"key":"AttackPotion"},{"floor":25,"key":"SteroidPotion"},{"floor":29,"key":"PowerPotion"},{"floor":30,"key":"FocusPotion"},{"floor":35,"key":"Energy Potion"},{"floor":37,"key":"Weak Potion"}],"is_trial":false,"path_per_floor":["M","?","M","M","?","E","M","R","T","$","R","E","R","?","R","B",null,"M","M","M","?","M","R","E","M","T","$","R","M","M","M","R","B",null,"M","?","M","?","M","E","?","$","T","E","$","M","R","M","R","B",null],"character_chosen":"DEFECT","items_purchased":["FTL","Lantern","Defragment","PowerPotion","Fire Potion"],"campfire_rested":0,"item_purchase_floors":[10,42,45,45,45],"current_hp_per_floor":[74,74,67,67,60,52,52,52,52,52,52,44,44,44,44,40,75,74,75,75,75,72,72,75,63,63,63,63,68,75,75,75,57,75,75,75,75,75,59,10,10,10,10,17,17,26,38,47,59,72],"gold":41,"neow_bonus":"BOSS_RELIC","is_prod":false,"is_daily":false,"chose_seed":false,"campfire_upgraded":9,"win_rate":0.0,"timestamp":1565788426,"path_taken":["M","?","M","M","?","E","M","R","T","$","R","E","R","?","R","BOSS","M","M","M","?","M","R","E","M","T","$","R","M","M","M","R","BOSS","M","?","M","?","M","E","?","$","T","E","$","?","R","M","R","BOSS"],"build_version":"2019-07-17","purchased_purges":4,"victory":true,"max_hp_per_floor":[75,75,75,75,75,75,75,75,75,75,75,75,75,75,75,75,75,75,75,75,75,75,75,75,75,75,75,75,75,75,75,75,75,75,75,75,75,75,75,75,75,75,75,75,72,72,72,72,72,72],"card_choices":[{"not_picked":["Streamline","Steam Power"],"picked":"Gash","floor":1},{"not_picked":["Scrape","Aggregate"],"picked":"Chill","floor":3},{"not_picked":["Static Discharge","Turbo","Compile Driver"],"picked":"SKIP","floor":4},{"not_picked":["Stack","Leap"],"picked":"Barrage","floor":6},{"not_picked":["Chaos","Reinforced Body"],"picked":"Glacier","floor":7},{"not_picked":["BootSequence","Leap"],"picked":"Genetic Algorithm","floor":12},{"not_picked":["Amplify","Multi-Cast"],"picked":"Biased Cognition","floor":16},{"not_picked":["Beam Cell","Gash"],"picked":"Capacitor","floor":18},{"not_picked":["Turbo","Beam Cell"],"picked":"Force Field","floor":19},{"not_picked":["Consume","Streamline"],"picked":"Self Repair","floor":20},{"not_picked":["Steam","Chaos+1"],"picked":"Go for the Eyes+1","floor":22},{"not_picked":["Meteor Strike","Reinforced Body"],"picked":"Barrage+1","floor":24},{"not_picked":["Leap+1","Self Repair"],"picked":"White Noise+1","floor":25},{"not_picked":["Self Repair+1","Coolheaded+1"],"picked":"Gash","floor":29},{"not_picked":["Stack+1","Compile Driver+1","Chaos+1"],"picked":"SKIP","floor":30},{"not_picked":["Genetic Algorithm+1","Sunder","Beam Cell+1"],"picked":"SKIP","floor":31},{"not_picked":["Storm+1","Compile Driver+1"],"picked":"Gash+1","floor":35},{"not_picked":["BootSequence+1","Skim+1","Go for the Eyes+1"],"picked":"SKIP","floor":37},{"not_picked":["Rip and Tear","Stack+1","Gash+1"],"picked":"SKIP","floor":39},{"not_picked":["Machine Learning","Go for the Eyes"],"picked":"Barrage","floor":40},{"not_picked":["Coolheaded+1","Undo+1"],"picked":"Recycle+1","floor":44},{"not_picked":["Tempest+1","Streamline+1"],"picked":"Defragment","floor":46},{"not_picked":["Reinforced Body+1","Aggregate+1"],"picked":"Seek+1","floor":48}],"player_experience":101655,"relics_obtained":[{"floor":6,"key":"Potion Belt"},{"floor":9,"key":"Bag of Marbles"},{"floor":12,"key":"Blood Vial"},{"floor":24,"key":"Toxic Egg 2"},{"floor":26,"key":"Pantograph"},{"floor":40,"key":"Bottled Lightning"},{"floor":43,"key":"Singing Bowl"},{"floor":44,"key":"Bag of Preparation"}],"event_choices":[{"cards_removed":["Strike_B"],"damage_healed":0,"gold_gain":0,"player_choice":"Card Removal","damage_taken":0,"max_hp_gain":0,"max_hp_loss":0,"event_name":"The Cleric","floor":2,"gold_loss":50},{"cards_removed":["Strike_B"],"damage_healed":0,"gold_gain":0,"player_choice":"Card Removal","damage_taken":7,"max_hp_gain":0,"max_hp_loss":0,"event_name":"Golden Wing","floor":5,"gold_loss":0},{"damage_healed":0,"gold_gain":0,"player_choice":"Ignored","damage_taken":0,"max_hp_gain":0,"max_hp_loss":0,"event_name":"NoteForYourself","floor":14,"gold_loss":0},{"damage_healed":0,"gold_gain":99,"player_choice":"Stole From Cult","damage_taken":0,"max_hp_gain":0,"max_hp_loss":0,"event_name":"Nest","floor":21,"gold_loss":0},{"damage_healed":0,"gold_gain":0,"player_choice":"Memory 1","damage_taken":0,"max_hp_gain":0,"max_hp_loss":0,"event_name":"SensoryStone","floor":36,"gold_loss":0},{"cards_removed":["Defend_B"],"damage_healed":0,"gold_gain":0,"player_choice":"Removed Skill","damage_taken":0,"max_hp_gain":0,"max_hp_loss":0,"event_name":"Falling","floor":38,"gold_loss":0},{"damage_healed":0,"gold_gain":0,"player_choice":"Forge","damage_taken":0,"max_hp_gain":0,"max_hp_loss":0,"event_name":"Accursed Blacksmith","floor":41,"gold_loss":0,"cards_upgraded":["Barrage"]}],"is_beta":false,"boss_relics":[{"not_picked":["Snecko Eye","Sozu"],"picked":"Runic Pyramid"},{"not_picked":["Cursed Key","Calling Bell"],"picked":"Eternal Feather"}],"items_purged_floors":[10,27,42,45],"is_endless":false,"potions_floor_spawned":[3,6,18,20,25,29,30,35,37,39],"ascension_level":0}