{"gold_per_floor":[12,12,26,26,101,128,128,142,142,161,178,190,76,91,91,190,190,209,209,236,254,272,272,305,315,315,326,359,146,164,39,39,39],"floor_reached":33,"playtime":2424,"items_purged":["Strike_R"],"score":316,"play_id":"1a4cb598-74a0-45c7-aaa4-14f4e6056f47","local_time":"20181213182252","is_ascension_mode":false,"campfire_choices":[{"floor":7,"key":"REST"},{"data":"Evolve","floor":15,"key":"SMITH"},{"data":"True Grit","floor":23,"key":"SMITH"},{"floor":32,"key":"REST"}],"neow_cost":"NO_GOLD","seed_source_timestamp":1722886747018925,"circlet_count":0,"master_deck":["Strike_R","Strike_R","Strike_R","Strike_R","Defend_R","Defend_R","Defend_R","Defend_R","Bash","Flame Barrier+1","Pommel Strike","Reckless Charge","Cleave","Flex","Headbutt","Headbutt","Evolve+1","Clash","Limit Break","Spot Weakness","True Grit+1","Anger","Power Through","Thunderclap+1","Shame","Heavy Blade","Reckless Charge","Disarm","Iron Wave","Shrug It Off+1","Battle Trance+1","Corruption+1","Panache+1","Sword Boomerang","Flash of Steel","Feel No Pain+1"],"relics":["Burning Blood","Thread and Needle","Du-Vu Doll","Incense Burner","Orrery","Red Skull","Red Mask","Charon\u0027s Ashes","Toxic Egg 2","Frozen Egg 2"],"potions_floor_usage":[6,12,18,21,24,24,33],"damage_taken":[{"damage":11,"enemies":"Small Slimes","floor":1,"turns":4},{"damage":4,"enemies":"Jaw Worm","floor":3,"turns":4},{"damage":58,"enemies":"Lagavulin","floor":6,"turns":11},{"damage":0,"enemies":"2 Louse","floor":8,"turns":4},{"damage":0,"enemies":"2 Fungi Beasts","floor":10,"turns":3},{"damage":0,"enemies":"3 Louse","floor":11,"turns":3},{"damage":0,"enemies":"Lots of Slimes","floor":12,"turns":3},{"damage":8,"enemies":"Looter","floor":14,"turns":3},{"damage":25,"enemies":"Slime Boss","floor":16,"turns":12},{"damage":19,"enemies":"2 Thieves","floor":18,"turns":4},{"damage":21,"enemies":"Masked Bandits","floor":20,"turns":5},{"damage":1,"enemies":"Spheric Guardian","floor":21,"turns":4},{"damage":11,"enemies":"Centurion and Healer","floor":22,"turns":7},{"damage":9,"enemies":"Gremlin Leader","floor":24,"turns":7},{"damage":37,"enemies":"3 Cultists","floor":25,"turns":6},{"damage":6,"enemies":"Snecko","floor":27,"turns":5},{"damage":9,"enemies":"Slavers","floor":28,"turns":5},{"damage":21,"enemies":"Centurion and Healer","floor":30,"turns":5},{"damage":45,"enemies":"Collector","floor":33,"turns":7}],"seed_played":"973878890459768453","potions_obtained":[{"floor":1,"key":"SpeedPotion"},{"floor":10,"key":"Regen Potion"},{"floor":11,"key":"Block Potion"},{"floor":16,"key":"SteroidPotion"},{"floor":18,"key":"Dexterity Potion"},{"floor":22,"key":"Poison Potion"},{"floor":28,"key":"Ancient Potion"},{"floor":30,"key":"Poison Potion"}],"is_trial":false,"path_per_floor":["M","?","M","?","?","E","R","M","T","M","M","M","$","M","R","B",null,"M","?","?","M","M","R","E","M","T","M","E","$","M","$","R","B"],"character_chosen":"IRONCLAD","items_purchased":["Evolve","Corruption+1","Panache+1","Flash of Steel","Feel No Pain+1"],"campfire_rested":2,"item_purchase_floors":[13,29,29,31,31],"current_hp_per_floor":[75,75,77,77,66,14,38,44,44,50,56,62,62,60,60,41,80,67,67,52,57,52,52,64,33,33,33,30,30,15,15,39,0],"gold":39,"neow_bonus":"ONE_RARE_RELIC","is_prod":false,"is_daily":false,"chose_seed":false,"campfire_upgraded":2,"win_rate":0,"timestamp":1544703772,"path_taken":["M","?","M","?","?","E","R","M","T","M","M","M","$","M","R","BOSS","M","?","?","M","M","R","E","M","T","M","E","$","M","$","R","BOSS"],"build_version":"2018-12-06","purchased_purges":1,"victory":false,"max_hp_per_floor":[80,80,80,80,80,80,80,80,80,80,80,80,80,80,80,80,80,80,80,80,80,80,80,80,80,80,80,80,80,80,80,80,80],"card_choices":[{"not_picked":["Heavy Blade","Havoc"],"picked":"Flame Barrier","floor":1},{"not_picked":["Entrench","Sever Soul"],"picked":"Pommel Strike","floor":3},{"not_picked":["Thunderclap","Fiend Fire"],"picked":"Reckless Charge","floor":6},{"not_picked":["Body Slam","Spot Weakness"],"picked":"Cleave","floor":8},{"not_picked":["Rupture","Power Through"],"picked":"Flex","floor":10},{"not_picked":["Entrench","Anger"],"picked":"Headbutt","floor":11},{"not_picked":["Whirlwind","Cleave"],"picked":"Headbutt","floor":12},{"not_picked":["Sentinel","Iron Wave"],"picked":"Clash","floor":14},{"not_picked":["Exhume","Impervious"],"picked":"Limit Break","floor":16},{"not_picked":["Seeing Red","Thunderclap"],"picked":"Spot Weakness","floor":17},{"not_picked":["Wild Strike","Sword Boomerang"],"picked":"True Grit","floor":17},{"not_picked":["Shockwave","Dual Wield"],"picked":"Anger","floor":17},{"not_picked":["Pommel Strike","Perfected Strike"],"picked":"Power Through","floor":17},{"not_picked":["Dark Embrace","Entrench"],"picked":"Thunderclap+1","floor":18},{"not_picked":["Warcry+1","Twin Strike"],"picked":"Heavy Blade","floor":20},{"not_picked":["Pommel Strike","Inflame+1"],"picked":"Reckless Charge","floor":21},{"not_picked":["Anger","True Grit"],"picked":"Disarm","floor":22},{"not_picked":["Cleave","Spot Weakness","Clash"],"picked":"SKIP","floor":24},{"not_picked":["Cleave","Spot Weakness","Clash"],"picked":"SKIP","floor":24},{"not_picked":["Cleave","Spot Weakness","Clash"],"picked":"SKIP","floor":24},{"not_picked":["Thunderclap+1","Perfected Strike+1"],"picked":"Iron Wave","floor":25},{"not_picked":["Feed","Anger"],"picked":"Shrug It Off+1","floor":27},{"not_picked":["Bludgeon","Headbutt"],"picked":"Battle Trance+1","floor":28},{"not_picked":["Disarm+1","Anger"],"picked":"Sword Boomerang","floor":30}],"player_experience":239406,"relics_obtained":[{"floor":6,"key":"Du-Vu Doll"},{"floor":9,"key":"Incense Burner"},{"floor":20,"key":"Red Mask"},{"floor":24,"key":"Charon\u0027s Ashes"},{"floor":26,"key":"Toxic Egg 2"},{"floor":28,"key":"Frozen Egg 2"}],"event_choices":[{"damage_healed":0,"gold_gain":0,"player_choice":"Grow","damage_taken":0,"max_hp_gain":0,"max_hp_loss":0,"event_name":"Living Wall","floor":2,"gold_loss":0,"cards_upgraded":["Flame Barrier"]},{"damage_healed":0,"gold_gain":0,"player_choice":"Leave","damage_taken":0,"max_hp_gain":0,"max_hp_loss":0,"event_name":"The Cleric","floor":4,"gold_loss":0},{"damage_healed":0,"gold_gain":75,"player_choice":"Gather Gold","damage_taken":11,"max_hp_gain":0,"max_hp_loss":0,"event_name":"World of Goop","floor":5,"gold_loss":0},{"damage_healed":0,"gold_gain":0,"player_choice":"Stole Relic","damage_taken":0,"relics_obtained":["Red Skull"],"max_hp_gain":0,"max_hp_loss":0,"event_name":"Addict","floor":19,"gold_loss":0,"cards_obtained":["Shame"]},{"damage_healed":0,"gold_gain":0,"player_choice":"Fought Bandits","damage_taken":0,"max_hp_gain":0,"max_hp_loss":0,"event_name":"Masked Bandits","floor":20,"gold_loss":0}],"is_beta":false,"boss_relics":[{"not_picked":["Coffee Dripper","Runic Cube"],"picked":"Orrery"}],"items_purged_floors":[13],"is_endless":false,"potions_floor_spawned":[1,10,11,16,18,22,28,30],"killed_by":"Collector","ascension_level":0}