{"gold_per_floor":[110,185,185,209,232,232,268,268,268,311,335,349,349,349,349,468,468,491,491,491,491,491],"floor_reached":22,"playtime":828,"items_purged":[],"score":265,"play_id":"54f91a2c-df18-445f-92f8-7afdf246d12d","local_time":"20190405230401","is_ascension_mode":true,"campfire_choices":[{"data":"Ball Lightning","floor":6,"key":"SMITH"},{"floor":13,"key":"REST"},{"data":"Zap","floor":15,"key":"SMITH"}],"neow_cost":"NONE","seed_source_timestamp":1114243817957589,"circlet_count":0,"master_deck":["Strike_B","Strike_B","Strike_B","Strike_B","Defend_B","Defend_B","Defend_B","Defend_B","Zap+1","Dualcast","Ball Lightning+1","Auto Shields","Undo","Sweeping Beam","Consume","Hologram","Cold Snap","Fission","Coolheaded","Glacier","Coolheaded","Ghostly","Ghostly","Ghostly","Ghostly","Ghostly","Ghostly"],"relics":["Cracked Core","PreservedInsect","Golden Idol","Shuriken","Blue Candle","Omamori","Orrery"],"potions_floor_usage":[16,22],"damage_taken":[{"damage":2,"enemies":"2 Louse","floor":1,"turns":2},{"damage":8,"enemies":"Small Slimes","floor":4,"turns":3},{"damage":1,"enemies":"Cultist","floor":5,"turns":3},{"damage":29,"enemies":"Gremlin Nob","floor":7,"turns":4},{"damage":4,"enemies":"Lagavulin","floor":10,"turns":7},{"damage":0,"enemies":"3 Louse","floor":11,"turns":2},{"damage":5,"enemies":"Blue Slaver","floor":12,"turns":3},{"damage":30,"enemies":"Hexaghost","floor":16,"turns":10},{"damage":13,"enemies":"Shell Parasite","floor":18,"turns":10},{"damage":30,"enemies":"Colosseum Slavers","floor":19,"turns":8},{"damage":20,"enemies":"3 Byrds","floor":22,"turns":6}],"seed_played":"5476080262765604508","potions_obtained":[{"floor":10,"key":"GamblersBrew"},{"floor":11,"key":"Block Potion"},{"floor":16,"key":"AttackPotion"}],"is_trial":false,"path_per_floor":["M","?","?","M","M","R","E","?","T","E","M","M","R","?","R","B",null,"M","?","?","?","M"],"character_chosen":"DEFECT","items_purchased":[],"campfire_rested":1,"item_purchase_floors":[],"current_hp_per_floor":[73,62,62,54,53,53,24,24,24,20,20,15,37,42,42,12,63,50,20,20,20,0],"gold":491,"neow_bonus":"RANDOM_COMMON_RELIC","is_prod":false,"is_daily":false,"chose_seed":false,"campfire_upgraded":2,"win_rate":0,"timestamp":1554519841,"path_taken":["M","?","?","M","M","R","E","?","T","E","M","?","R","?","R","BOSS","M","?","?","?","M"],"build_version":"2019-01-23","purchased_purges":0,"victory":false,"max_hp_per_floor":[75,75,75,75,75,75,75,75,75,75,75,75,75,80,80,80,80,80,80,40,40,40],"card_choices":[{"not_picked":["Cold Snap","Stack"],"picked":"Ball Lightning","floor":1},{"not_picked":["Scrape","Redo"],"picked":"Auto Shields","floor":4},{"not_picked":["Steam","Leap"],"picked":"Undo","floor":5},{"not_picked":["Hyperbeam","Heatsinks"],"picked":"Sweeping Beam","floor":7},{"not_picked":["Hologram","Steam"],"picked":"Consume","floor":10},{"not_picked":["Undo","Rebound"],"picked":"Hologram","floor":11},{"not_picked":["Compile Driver","Rebound"],"picked":"Cold Snap","floor":12},{"not_picked":["All For One","Seek"],"picked":"Fission","floor":16},{"not_picked":["Scrape","Go for the Eyes"],"picked":"Coolheaded","floor":17},{"not_picked":["Sweeping Beam","Blizzard"],"picked":"Glacier","floor":17},{"not_picked":["Rebound","White Noise"],"picked":"Coolheaded","floor":18}],"player_experience":371889,"relics_obtained":[{"floor":7,"key":"Shuriken"},{"floor":9,"key":"Blue Candle"},{"floor":10,"key":"Omamori"}],"event_choices":[{"damage_healed":0,"gold_gain":75,"player_choice":"Gather Gold","damage_taken":11,"max_hp_gain":0,"max_hp_loss":0,"event_name":"World of Goop","floor":2,"gold_loss":0},{"damage_healed":0,"gold_gain":0,"player_choice":"Take Wound","damage_taken":0,"relics_obtained":["Golden Idol"],"max_hp_gain":0,"max_hp_loss":0,"event_name":"Golden Idol","floor":3,"gold_loss":0,"cards_obtained":["Injury"]},{"cards_removed":["Injury"],"damage_healed":0,"gold_gain":0,"player_choice":"Purged","damage_taken":0,"max_hp_gain":0,"max_hp_loss":0,"event_name":"Purifier","floor":8,"gold_loss":0},{"damage_healed":0,"gold_gain":0,"player_choice":"Donut","damage_taken":0,"max_hp_gain":5,"max_hp_loss":0,"event_name":"Big Fish","floor":14,"gold_loss":0},{"damage_healed":0,"gold_gain":0,"player_choice":"Fight","damage_taken":0,"max_hp_gain":0,"max_hp_loss":0,"event_name":"Colosseum","floor":19,"gold_loss":0},{"damage_healed":0,"gold_gain":0,"player_choice":"Fled From Nobs","damage_taken":0,"max_hp_gain":0,"max_hp_loss":0,"event_name":"Colosseum","floor":19,"gold_loss":0},{"damage_healed":0,"gold_gain":0,"player_choice":"Became a Ghost","damage_taken":0,"max_hp_gain":0,"max_hp_loss":40,"event_name":"Ghosts","floor":20,"gold_loss":0,"cards_obtained":["Ghostly","Ghostly","Ghostly","Ghostly","Ghostly"]},{"damage_healed":0,"gold_gain":0,"player_choice":"Copied","damage_taken":0,"max_hp_gain":0,"max_hp_loss":0,"event_name":"Duplicator","floor":21,"gold_loss":0,"cards_obtained":["Ghostly"]}],"is_beta":false,"boss_relics":[{"not_picked":["Ectoplasm","Lizard Tail"],"picked":"Orrery"}],"items_purged_floors":[],"is_endless":false,"potions_floor_spawned":[10,11,16,19],"killed_by":"3 Byrds","ascension_level":5}