{"gold_per_floor":[109,109,109,39,54,54,54,84,84,103,203,103,129,139,139,214,214,228,228,28,28,28,28,59,70,70,70],"floor_reached":27,"playtime":1024,"items_purged":["Strike_B"],"score":416,"play_id":"c3eb5793-116b-4f87-ae59-579b04db9abe","local_time":"20190703183838","is_ascension_mode":true,"campfire_choices":[{"floor":6.0,"key":"REST"},{"data":"Loop","floor":15.0,"key":"SMITH"},{"data":"Shame","floor":23.0,"key":"PURGE"}],"neow_cost":"PERCENT_DAMAGE","seed_source_timestamp":1116591368938067,"circlet_count":0,"master_deck":["AscendersBane","Strike_B","Strike_B","Strike_B","Defend_B+1","Defend_B+1","Defend_B","Defend_B","Zap","Dualcast","Electrodynamics","Steam","Loop+1","Sweeping Beam","Self Repair","Go for the Eyes","Leap","Ball Lightning","Creative AI","Consume","Coolheaded","Barrage","Compile Driver","Darkness","BootSequence","Biased Cognition"],"special_seed":0,"relics":["Cracked Core","Centennial Puzzle","Shuriken","Peace Pipe","Singing Bowl","Pear","Orrery","Medical Kit","The Courier","MutagenicStrength","Dream Catcher","Blue Candle"],"potions_floor_usage":[27,27],"damage_taken":[{"damage":4.0,"enemies":"2 Louse","floor":1.0,"turns":2.0},{"damage":0.0,"enemies":"Small Slimes","floor":5.0,"turns":3.0},{"damage":34.0,"enemies":"Gremlin Nob","floor":8.0,"turns":4.0},{"damage":6.0,"enemies":"Jaw Worm","floor":10.0,"turns":3.0},{"damage":6.0,"enemies":"Lagavulin","floor":13.0,"turns":6.0},{"damage":1.0,"enemies":"2 Fungi Beasts","floor":14.0,"turns":4.0},{"damage":25.0,"enemies":"Hexaghost","floor":16.0,"turns":11.0},{"damage":12.0,"enemies":"Chosen","floor":18.0,"turns":5.0},{"damage":25,"enemies":"Slavers","floor":24,"turns":4},{"damage":12,"enemies":"2 Thieves","floor":25,"turns":2},{"damage":36,"enemies":"Book of Stabbing","floor":27,"turns":4}],"seed_played":"8855216361342872261","potions_obtained":[{"floor":8.0,"key":"Weak Potion"},{"floor":10.0,"key":"SkillPotion"},{"floor":16.0,"key":"FearPotion"},{"floor":24,"key":"SpeedPotion"},{"floor":25,"key":"LiquidBronze"}],"is_trial":false,"path_per_floor":["M","?","?","$","M","R","T","E","T","M","?","$","E","M","R","B",null,"M","?","$","?","?","R","E","M","T","E"],"character_chosen":"DEFECT","items_purchased":["Loop","Leap","Medical Kit"],"campfire_rested":1,"item_purchase_floors":[4,12,20],"current_hp_per_floor":[46,31,19,19,19,41,41,7,7,8,8,8,21,27,27,9,70,65,65,65,65,65,65,40,30,30,0],"gold":70,"neow_bonus":"THREE_RARE_CARDS","is_prod":false,"is_daily":false,"chose_seed":false,"campfire_upgraded":1,"win_rate":0,"timestamp":1562197118,"path_taken":["M","?","?","$","M","R","?","E","T","M","?","$","E","?","R","BOSS","M","?","$","?","?","R","E","M","T","E"],"build_version":"2019-07-01","purchased_purges":1,"victory":false,"max_hp_per_floor":[75,75,75,75,75,75,75,75,75,75,75,75,87,87,87,87,89,89,89,89,89,89,89,89,91,91,91],"card_choices":[{"not_picked":["Machine Learning","Echo Form"],"picked":"Electrodynamics","floor":0.0},{"not_picked":["Compile Driver","Scrape"],"picked":"Steam","floor":1.0},{"not_picked":["Steam","Reboot"],"picked":"Sweeping Beam","floor":5.0},{"not_picked":["Rebound","Gash"],"picked":"Self Repair","floor":8.0},{"not_picked":["Conserve Battery","Redo"],"picked":"Go for the Eyes","floor":10.0},{"not_picked":["Steam Power","Steam","Redo"],"picked":"Singing Bowl","floor":13.0},{"not_picked":["Reboot","Cold Snap"],"picked":"Ball Lightning","floor":14.0},{"not_picked":["Machine Learning","Reboot"],"picked":"Creative AI","floor":16.0},{"not_picked":["Redo","Streamline","Rebound"],"picked":"Singing Bowl","floor":17.0},{"not_picked":["Streamline","Turbo"],"picked":"Consume","floor":17.0},{"not_picked":["Redo","Beam Cell"],"picked":"Coolheaded","floor":17.0},{"not_picked":["Gash","Electrodynamics"],"picked":"Barrage","floor":17.0},{"not_picked":["Self Repair","Recycle"],"picked":"Compile Driver","floor":17.0},{"not_picked":["Conserve Battery","Streamline"],"picked":"Darkness","floor":18.0},{"not_picked":["Skim","Gash"],"picked":"Biased Cognition","floor":24},{"not_picked":["Aggregate","Force Field","Heatsinks+1"],"picked":"Singing Bowl","floor":25}],"player_experience":330591,"relics_obtained":[{"floor":7.0,"key":"Shuriken"},{"floor":8.0,"key":"Peace Pipe"},{"floor":9.0,"key":"Singing Bowl"},{"floor":13.0,"key":"Pear"},{"floor":24,"key":"Dream Catcher"},{"floor":26,"key":"Blue Candle"}],"event_choices":[{"damage_healed":0.0,"max_hp_gain":0.0,"max_hp_loss":0.0,"gold_gain":0.0,"event_name":"Shining Light","player_choice":"Entered Light","floor":2.0,"gold_loss":0.0,"damage_taken":15.0,"cards_upgraded":["Defend_B","Defend_B"]},{"damage_healed":0.0,"max_hp_gain":0.0,"max_hp_loss":0.0,"gold_gain":0.0,"event_name":"Scrap Ooze","player_choice":"Success","floor":3.0,"gold_loss":0.0,"damage_taken":12.0,"relics_obtained":["Centennial Puzzle"]},{"damage_healed":0.0,"max_hp_gain":0.0,"max_hp_loss":0.0,"gold_gain":100.0,"event_name":"Wheel of Change","player_choice":"Gold","floor":11.0,"gold_loss":0.0,"damage_taken":0.0},{"damage_healed":0.0,"max_hp_gain":0.0,"max_hp_loss":0.0,"gold_gain":0.0,"event_name":"The Library","player_choice":"Read","floor":19.0,"gold_loss":0.0,"damage_taken":0.0,"cards_obtained":["BootSequence"]},{"damage_healed":0.0,"max_hp_gain":0.0,"max_hp_loss":0.0,"gold_gain":0.0,"event_name":"Addict","player_choice":"Stole Relic","floor":21.0,"gold_loss":0.0,"damage_taken":0.0,"relics_obtained":["The Courier"],"cards_obtained":["Shame"]},{"damage_healed":0.0,"max_hp_gain":0.0,"max_hp_loss":0.0,"gold_gain":0.0,"event_name":"Drug Dealer","player_choice":"Inject Mutagens","floor":22.0,"gold_loss":0.0,"damage_taken":0.0,"relics_obtained":["MutagenicStrength"]}],"is_beta":false,"boss_relics":[{"not_picked":["Coffee Dripper","Nuclear Battery"],"picked":"Orrery"}],"items_purged_floors":[12],"is_endless":false,"potions_floor_spawned":[8,10,16,24,25],"killed_by":"Book of Stabbing","ascension_level":13}