{"gold_per_floor":[110,130,144,144,211,211,225,256,256,272,24,24,74,124,124,223,223,239,289,58,108,184,202,202,217,217,28,3,53,103,68,68,142,142,158,178,228,278,328,328,355,355,426,439,537,537,477,493,493,493],"floor_reached":50,"playtime":4563,"items_purged":["Strike_G"],"score":909,"play_id":"5b138216-1437-4c44-94ab-6bfbf3700678","local_time":"20190816223256","is_ascension_mode":true,"campfire_choices":[{"data":"Neutralize","floor":6.0,"key":"SMITH"},{"floor":12.0,"key":"REST"},{"floor":15.0,"key":"REST"},{"data":"After Image","floor":24.0,"key":"SMITH"},{"data":"Bouncing Flask","floor":32.0,"key":"SMITH"},{"data":"Catalyst","floor":40,"key":"SMITH"},{"data":"Leg Sweep","floor":42,"key":"SMITH"},{"data":"Cloak And Dagger","floor":46,"key":"SMITH"},{"data":"Blur","floor":49,"key":"SMITH"}],"neow_cost":"NONE","seed_source_timestamp":0,"circlet_count":0,"master_deck":["AscendersBane","Defend_G+1","Defend_G+1","Defend_G+1","Defend_G+1","Defend_G+1","Survivor","Neutralize+1","Flying Knee","Well Laid Plans","Bouncing Flask+1","Slice+1","Night Terror","Dagger Spray","After Image+1","Corpse Explosion","PiercingWail","Escape Plan","Cloak And Dagger+1","A Thousand Cuts+1","Poisoned Stab+1","Eviscerate+1","Quick Slash+1","Leg Sweep+1","Catalyst+1","Madness","Grand Finale","Masterful Stab","Caltrops+1","Blur+1"],"special_seed":0,"relics":["Ring of the Snake","NeowsBlessing","SsserpentHead","Ginger","Mummified Hand","Regal Pillow","Ornamental Fan","Bloody Idol","Runic Dome","Juzu Bracelet","Enchiridion","Oddly Smooth Stone","Torii","Frozen Egg 2","Paper Crane","Mercury Hourglass","Astrolabe","Potion Belt","Molten Egg 2","Nunchaku"],"potions_floor_usage":[50,50,50,50],"damage_taken":[{"damage":0.0,"enemies":"Cultist","floor":1.0,"turns":1.0},{"damage":0.0,"enemies":"2 Louse","floor":2.0,"turns":1.0},{"damage":0.0,"enemies":"Jaw Worm","floor":3.0,"turns":1.0},{"damage":11.0,"enemies":"Large Slime","floor":5.0,"turns":7.0},{"damage":4.0,"enemies":"Blue Slaver","floor":7.0,"turns":4.0},{"damage":18.0,"enemies":"3 Sentries","floor":8.0,"turns":12.0},{"damage":11.0,"enemies":"Looter","floor":10.0,"turns":4.0},{"damage":17.0,"enemies":"Hexaghost","floor":16.0,"turns":11.0},{"damage":23.0,"enemies":"Spheric Guardian","floor":18.0,"turns":6.0},{"damage":12.0,"enemies":"Chosen","floor":23.0,"turns":5.0},{"damage":1.0,"enemies":"Shelled Parasite and Fungi","floor":25.0,"turns":7.0},{"damage":7,"enemies":"Champ","floor":33,"turns":15},{"damage":3,"enemies":"3 Darklings","floor":35,"turns":4},{"damage":0,"enemies":"Orb Walker","floor":36,"turns":4},{"damage":0,"enemies":"Giant Head","floor":41,"turns":7},{"damage":2,"enemies":"Spire Growth","floor":44,"turns":5},{"damage":20,"enemies":"2 Orb Walkers","floor":45,"turns":5},{"damage":8,"enemies":"Maw","floor":48,"turns":6},{"damage":54,"enemies":"Donu and Deca","floor":50,"turns":6}],"seed_played":"-7055748126645169507","potions_obtained":[{"floor":1.0,"key":"SpeedPotion"},{"floor":7.0,"key":"Weak Potion"},{"floor":8.0,"key":"AttackPotion"},{"floor":33,"key":"LiquidBronze"},{"floor":44,"key":"SkillPotion"},{"floor":45,"key":"Fire Potion"},{"floor":48,"key":"Poison Potion"}],"is_trial":false,"path_per_floor":["M","M","M","?","M","R","M","E","T","M","$","R","?","?","R","B",null,"M","?","$","?","T","M","R","M","T","$","?","?","?","?","R","B",null,"M","M","?","?","?","R","E","R","T","M","?","R","?","M","R","B"],"character_chosen":"THE_SILENT","items_purchased":["Regal Pillow","After Image","Juzu Bracelet","Frozen Egg 2"],"campfire_rested":2,"item_purchase_floors":[11,11,20,27],"current_hp_per_floor":[59,59,59,59,48,48,44,26,26,15,15,49,38,15,49,32,58,35,35,35,19,29,22,22,26,26,31,36,41,46,51,51,49,62,64,66,66,54,59,59,64,64,66,66,51,51,56,53,53,0],"gold":493,"neow_bonus":"THREE_ENEMY_KILL","is_prod":false,"is_daily":false,"chose_seed":false,"campfire_upgraded":7,"win_rate":0,"timestamp":1566019976,"path_taken":["M","?","M","?","?","R","M","E","T","M","?","R","?","?","R","BOSS","M","?","$","?","?","M","R","M","T","?","?","?","?","?","R","BOSS","M","M","?","?","?","R","E","R","T","M","?","R","?","M","R","BOSS"],"build_version":"2019-07-17","purchased_purges":1,"victory":false,"max_hp_per_floor":[66,66,66,66,66,66,66,66,66,66,66,66,66,66,66,66,66,66,66,66,66,66,66,66,66,66,66,66,66,66,66,66,66,66,66,66,66,66,66,66,66,66,66,66,66,66,66,66,66,66],"card_choices":[{"not_picked":["Predator","Accuracy"],"picked":"Flying Knee","floor":1.0},{"not_picked":["Escape Plan","Terror"],"picked":"Well Laid Plans","floor":2.0},{"not_picked":["Prepared","PiercingWail"],"picked":"Bouncing Flask","floor":3.0},{"not_picked":["Flying Knee","Bane"],"picked":"Slice","floor":5.0},{"not_picked":["Well Laid Plans","Prepared","Underhanded Strike"],"picked":"SKIP","floor":7.0},{"not_picked":["Well Laid Plans","Prepared","Underhanded Strike"],"picked":"SKIP","floor":7.0},{"not_picked":["Dodge and Roll","Bane"],"picked":"Night Terror","floor":8.0},{"not_picked":["Blade Dance","Quick Slash"],"picked":"Dagger Spray","floor":10.0},{"not_picked":["Venomology","Unload"],"picked":"Corpse Explosion","floor":16.0},{"not_picked":["Expertise+1","Acrobatics"],"picked":"PiercingWail","floor":18.0},{"not_picked":["Deadly Poison","Predator"],"picked":"Escape Plan","floor":23.0},{"not_picked":["Deflect","Bane"],"picked":"Cloak And Dagger","floor":25.0},{"not_picked":["Tools of the Trade+1","Phantasmal Killer"],"picked":"A Thousand Cuts+1","floor":33},{"not_picked":["Flying Knee+1","Backflip+1"],"picked":"Leg Sweep","floor":35},{"not_picked":["Predator","Bane"],"picked":"Catalyst","floor":36},{"not_picked":["Prepared","Flying Knee+1","Deadly Poison"],"picked":"SKIP","floor":41},{"not_picked":["Slice+1","Crippling Poison","Flying Knee+1"],"picked":"SKIP","floor":44},{"not_picked":["Skewer+1","Prepared"],"picked":"Caltrops+1","floor":45},{"not_picked":["Dagger Throw+1","Concentrate+1"],"picked":"Blur","floor":48}],"player_experience":580467,"relics_obtained":[{"floor":8.0,"key":"Ginger"},{"floor":9.0,"key":"Mummified Hand"},{"floor":21.0,"key":"Enchiridion"},{"floor":22.0,"key":"Oddly Smooth Stone"},{"floor":26.0,"key":"Torii"},{"floor":41,"key":"Potion Belt"},{"floor":43,"key":"Molten Egg 2"},{"floor":45,"key":"Nunchaku"}],"event_choices":[{"damage_healed":0.0,"max_hp_gain":0.0,"max_hp_loss":0.0,"gold_gain":0.0,"event_name":"FaceTrader","player_choice":"Trade","floor":4.0,"gold_loss":0.0,"damage_taken":0.0,"relics_obtained":["SsserpentHead"]},{"damage_healed":0.0,"max_hp_gain":0.0,"max_hp_loss":0.0,"gold_gain":0.0,"event_name":"Scrap Ooze","player_choice":"Success","floor":13.0,"gold_loss":0.0,"damage_taken":11.0,"relics_obtained":["Ornamental Fan"]},{"damage_healed":0.0,"max_hp_gain":0.0,"max_hp_loss":0.0,"gold_gain":0.0,"event_name":"Golden Idol","player_choice":"Take Damage","floor":14.0,"gold_loss":0.0,"damage_taken":23.0,"relics_obtained":["Golden Idol"]},{"damage_healed":0.0,"max_hp_gain":0.0,"max_hp_loss":0.0,"gold_gain":0.0,"event_name":"Forgotten Altar","player_choice":"Gave Idol","floor":19.0,"relics_lost":["Golden Idol"],"gold_loss":0.0,"damage_taken":0.0,"relics_obtained":["Bloody Idol"]},{"damage_healed":0.0,"max_hp_gain":0.0,"max_hp_loss":0.0,"gold_gain":0.0,"event_name":"Cursed Tome","player_choice":"Obtained Book","floor":21.0,"gold_loss":0.0,"damage_taken":21.0},{"cards_removed":["Strike_G"],"damage_healed":0.0,"max_hp_gain":0.0,"max_hp_loss":0.0,"gold_gain":0.0,"event_name":"Beggar","player_choice":"Gave Gold","floor":28.0,"gold_loss":75.0,"damage_taken":0.0},{"damage_healed":0.0,"max_hp_gain":0.0,"max_hp_loss":0.0,"gold_gain":0.0,"event_name":"The Mausoleum","player_choice":"Opened","floor":29.0,"gold_loss":0.0,"damage_taken":0.0,"relics_obtained":["Paper Crane"],"cards_obtained":["Writhe"]},{"damage_healed":0.0,"max_hp_gain":0.0,"max_hp_loss":0.0,"gold_gain":0.0,"event_name":"Back to Basics","player_choice":"Simplicity","floor":30.0,"gold_loss":0.0,"damage_taken":0.0,"cards_upgraded":["Strike_G","Strike_G","Strike_G","Defend_G","Defend_G","Defend_G","Defend_G","Defend_G"]},{"damage_healed":0.0,"max_hp_gain":0.0,"max_hp_loss":0.0,"gold_gain":0.0,"event_name":"Addict","player_choice":"Obtained Relic","floor":31.0,"gold_loss":85.0,"damage_taken":0.0,"relics_obtained":["Mercury Hourglass"]},{"cards_removed":["Writhe"],"damage_healed":0,"gold_gain":0,"player_choice":"Purged","damage_taken":0,"max_hp_gain":0,"max_hp_loss":0,"event_name":"Purifier","floor":37,"gold_loss":0},{"damage_healed":0,"gold_gain":0,"player_choice":"Embrace Madness","damage_taken":12,"max_hp_gain":0,"max_hp_loss":0,"event_name":"Winding Halls","floor":38,"gold_loss":0,"cards_obtained":["Madness","Madness"]},{"damage_healed":0,"gold_gain":0,"player_choice":"2 cards matched","damage_taken":0,"max_hp_gain":0,"max_hp_loss":0,"event_name":"Match and Keep!","floor":39,"gold_loss":0,"cards_obtained":["Grand Finale","Masterful Stab"]},{"damage_healed":0,"gold_gain":0,"player_choice":"2 cards matched","damage_taken":0,"max_hp_gain":0,"max_hp_loss":0,"event_name":"Match and Keep!","floor":39,"gold_loss":0,"cards_obtained":["Grand Finale","Masterful Stab"]},{"damage_healed":0,"gold_gain":0,"player_choice":"Fight","damage_taken":0,"max_hp_gain":0,"max_hp_loss":0,"event_name":"Mysterious Sphere","floor":45,"gold_loss":0},{"cards_removed":["Madness"],"damage_healed":0,"gold_gain":0,"player_choice":"Upgrade and Remove","damage_taken":0,"max_hp_gain":0,"max_hp_loss":0,"event_name":"Designer","floor":47,"gold_loss":110,"cards_upgraded":["Slice"]}],"is_beta":false,"boss_relics":[{"not_picked":["Velvet Choker","Fusion Hammer"],"picked":"Runic Dome"},{"not_picked":["Eternal Feather","White Beast Statue"],"picked":"Astrolabe"}],"items_purged_floors":[20],"is_endless":false,"potions_floor_spawned":[1,7,8,33,44,45,48],"killed_by":"Donu and Deca","ascension_level":15}