{"gold_per_floor":[212,212,231,30,48,48,83,95,107,150,162,208,238,250,262,379,391,420,532,558,595,625,663,675,713,725,190,206,206,216,233,233,333,333,347,347,347,33,133,168,178,210,210,238,238,148,160,188,188,188,188,188,3,37,37],"floor_reached":55,"playtime":3307,"items_purged":["Strike_R","Strike_R"],"score":1193,"play_id":"a9785c31-ca2e-4b19-8c5f-2932138fb378","local_time":"20190327001207","is_ascension_mode":true,"campfire_choices":[{"data":"Armaments","floor":6,"key":"SMITH"},{"data":"Bash","floor":8,"key":"SMITH"},{"floor":11,"key":"REST"},{"floor":15,"key":"REST"},{"floor":24,"key":"REST"},{"floor":29,"key":"RECALL"},{"floor":32,"key":"REST"},{"floor":45,"key":"REST"},{"floor":49,"key":"REST"},{"floor":52,"key":"DIG"}],"neow_cost":"NONE","seed_source_timestamp":251840288140112,"circlet_count":0,"master_deck":["Strike_R+1","Strike_R+1","Strike_R+1","Defend_R","Defend_R+1","Defend_R+1","Defend_R","Bash+1","Armaments+1","Perfected Strike","Shrug It Off+1","Perfected Strike","Disarm","Perfected Strike","Double Tap+1","Battle Trance","Clothesline","Brutality","Thunderclap","Metallicize","Uppercut","Demon Form","True Grit","Feed","Offering+1","True Grit+1","Feel No Pain","Burning Pact+1","Shrug It Off+1","Shrug It Off+1","Exhume+1","Rage+1","Metallicize","Inflame","Entrench+1","Body Slam+1","Ghostly Armor+1","Warcry+1","Heavy Blade+1","Headbutt","Rupture+1","Body Slam","Havoc+1","Havoc+1"],"relics":["Burning Blood","Letter Opener","Whetstone","MawBank","Ornamental Fan","Champion Belt","Dream Catcher","Fusion Hammer","Dead Branch","Mercury Hourglass","Lantern","The Courier","Kunai","Toxic Egg 2","Toy Ornithopter","Snecko Eye","War Paint","Incense Burner","Strawberry","Orichalcum","Shovel","Darkstone Periapt","Shuriken","OrangePellets","Gambling Chip"],"potions_floor_usage":[12,19,19,19,19,25,25,25,42,50,55],"damage_taken":[{"damage":18,"enemies":"Small Slimes","floor":1,"turns":6},{"damage":1,"enemies":"Cultist","floor":3,"turns":3},{"damage":0,"enemies":"Jaw Worm","floor":5,"turns":3},{"damage":24,"enemies":"Lagavulin","floor":7,"turns":7},{"damage":8,"enemies":"Gremlin Nob","floor":10,"turns":3},{"damage":20,"enemies":"3 Sentries","floor":12,"turns":5},{"damage":20,"enemies":"Exordium Thugs","floor":13,"turns":4},{"damage":34,"enemies":"Hexaghost","floor":16,"turns":8},{"damage":8,"enemies":"Chosen","floor":18,"turns":3},{"damage":15,"enemies":"Colosseum Slavers","floor":19,"turns":4},{"damage":0,"enemies":"Colosseum Nobs","floor":19,"turns":2},{"damage":7,"enemies":"Shell Parasite","floor":20,"turns":6},{"damage":11,"enemies":"Centurion and Healer","floor":22,"turns":4},{"damage":10,"enemies":"Gremlin Leader","floor":23,"turns":6},{"damage":13,"enemies":"Book of Stabbing","floor":25,"turns":4},{"damage":0,"enemies":"Chosen and Byrds","floor":28,"turns":5},{"damage":12,"enemies":"Snake Plant","floor":30,"turns":5},{"damage":9,"enemies":"3 Cultists","floor":31,"turns":5},{"damage":41,"enemies":"Automaton","floor":33,"turns":11},{"damage":28,"enemies":"3 Darklings","floor":35,"turns":5},{"damage":12,"enemies":"Mind Bloom Boss Battle","floor":39,"turns":4},{"damage":11,"enemies":"Giant Head","floor":40,"turns":8},{"damage":0,"enemies":"3 Shapes","floor":41,"turns":5},{"damage":20,"enemies":"Reptomancer","floor":42,"turns":7},{"damage":39,"enemies":"Giant Head","floor":44,"turns":7},{"damage":22,"enemies":"Transient","floor":47,"turns":5},{"damage":9,"enemies":"Nemesis","floor":48,"turns":9},{"damage":7,"enemies":"Awakened One","floor":50,"turns":6},{"damage":49,"enemies":"Shield and Spear","floor":54,"turns":6},{"damage":65,"enemies":"The Heart","floor":55,"turns":6}],"seed_played":"-5586143380836574487","potions_obtained":[{"floor":5,"key":"AttackPotion"},{"floor":12,"key":"EntropicBrew"},{"floor":13,"key":"SteroidPotion"},{"floor":19,"key":"SmokeBomb"},{"floor":23,"key":"EntropicBrew"},{"floor":25,"key":"SteroidPotion"},{"floor":35,"key":"Poison Potion"},{"floor":42,"key":"SteroidPotion"},{"floor":54,"key":"Fire Potion"}],"is_trial":false,"path_per_floor":["M","?","M","$","M","R","E","R","T","E","R","E","M","?","R","B",null,"M","?","M","T","M","E","R","E","T","$","M","R","M","M","R","B",null,"M","?","?","$","?","E","M","E","T","E","R","?","M","E","R","B",null,"R","$","E","B"],"character_chosen":"IRONCLAD","items_purchased":["Shrug It Off","Whetstone","Offering+1","True Grit+1","Feel No Pain","Burning Pact+1","Shrug It Off+1","Toy Ornithopter","War Paint","Metallicize","Inflame","OrangePellets","Havoc+1"],"campfire_rested":6,"item_purchase_floors":[4,4,27,27,27,27,27,27,38,38,38,53,53],"current_hp_per_floor":[60,60,65,65,71,71,53,53,53,51,75,61,47,31,55,27,67,65,62,61,61,56,52,76,69,69,69,78,78,75,75,89,54,80,58,58,58,58,55,57,66,57,57,27,58,58,42,39,70,77,100,100,100,57,0],"gold":37,"neow_bonus":"HUNDRED_GOLD","is_prod":false,"is_daily":false,"chose_seed":false,"campfire_upgraded":2,"win_rate":0,"timestamp":1553659927,"path_taken":["M","?","?","$","M","R","E","R","T","E","R","E","?","?","R","BOSS","M","?","M","?","M","E","R","E","T","$","M","R","M","M","R","BOSS","M","?","?","$","?","E","M","E","T","E","R","?","M","E","R","BOSS","R","$","E","BOSS"],"build_version":"2019-01-23","purchased_purges":2,"victory":false,"max_hp_per_floor":[80,80,80,80,80,80,80,80,80,80,80,80,80,80,80,80,80,80,80,80,80,80,80,80,80,80,80,83,83,86,89,89,89,89,89,89,89,89,92,99,102,102,102,105,105,105,105,105,105,108,108,108,108,108,108],"card_choices":[{"not_picked":["Havoc","Anger"],"picked":"Armaments","floor":1},{"not_picked":["Armaments","Rampage"],"picked":"Perfected Strike","floor":3},{"not_picked":["Warcry","Dark Embrace"],"picked":"Perfected Strike","floor":5},{"not_picked":["Intimidate","Seeing Red"],"picked":"Disarm","floor":7},{"not_picked":["Reckless Charge","Warcry"],"picked":"Perfected Strike","floor":10},{"not_picked":["Heavy Blade","Iron Wave"],"picked":"Double Tap","floor":12},{"not_picked":["Iron Wave","Uppercut"],"picked":"Battle Trance","floor":13},{"not_picked":["Heavy Blade","Anger"],"picked":"Clothesline","floor":15},{"not_picked":["Double Tap","Juggernaut"],"picked":"Brutality","floor":16},{"not_picked":["Fire Breathing","Evolve+1"],"picked":"Thunderclap","floor":18},{"not_picked":["Twin Strike","Heavy Blade"],"picked":"Metallicize","floor":19},{"not_picked":["Body Slam","Flex"],"picked":"Wild Strike+1","floor":20},{"not_picked":["Iron Wave","Warcry"],"picked":"Uppercut","floor":22},{"not_picked":["Flame Barrier+1","Shockwave"],"picked":"Demon Form","floor":23},{"not_picked":["Iron Wave+1","Pummel"],"picked":"True Grit","floor":24},{"not_picked":["Clash","Headbutt"],"picked":"Feed","floor":25},{"not_picked":["Dropkick","Warcry+1","Fire Breathing"],"picked":"SKIP","floor":28},{"not_picked":["Second Wind+1","True Grit+1","Flex+1"],"picked":"SKIP","floor":30},{"not_picked":["Clothesline","Headbutt+1"],"picked":"Shrug It Off+1","floor":31},{"not_picked":["Juggernaut","Bludgeon"],"picked":"Exhume+1","floor":33},{"not_picked":["Intimidate+1","Thunderclap"],"picked":"Rage+1","floor":35},{"not_picked":["Power Through+1","Headbutt"],"picked":"Entrench+1","floor":39},{"not_picked":["Armaments+1","Battle Trance+1"],"picked":"Body Slam+1","floor":40},{"not_picked":["Rampage+1","Warcry+1","Dropkick+1"],"picked":"SKIP","floor":41},{"not_picked":["Battle Trance+1","Cleave+1"],"picked":"Ghostly Armor+1","floor":42},{"not_picked":["Twin Strike","Flex+1"],"picked":"Warcry+1","floor":44},{"not_picked":["Brutality","Flame Barrier+1"],"picked":"Heavy Blade+1","floor":45},{"not_picked":["Carnage","Cleave+1"],"picked":"Headbutt","floor":47},{"not_picked":["Second Wind+1","Battle Trance+1"],"picked":"Rupture+1","floor":48},{"not_picked":["Flex+1","Twin Strike"],"picked":"Body Slam","floor":49},{"not_picked":["Battle Trance+1","Exhume+1"],"picked":"Havoc+1","floor":54}],"player_experience":347497,"relics_obtained":[{"floor":2,"key":"Letter Opener"},{"floor":7,"key":"MawBank"},{"floor":9,"key":"Ornamental Fan"},{"floor":10,"key":"Champion Belt"},{"floor":12,"key":"Dream Catcher"},{"floor":19,"key":"Dead Branch"},{"floor":19,"key":"Mercury Hourglass"},{"floor":21,"key":"Lantern"},{"floor":23,"key":"The Courier"},{"floor":25,"key":"Kunai"},{"floor":26,"key":"Toxic Egg 2"},{"floor":39,"key":"Incense Burner"},{"floor":40,"key":"Strawberry"},{"floor":42,"key":"Orichalcum"},{"floor":44,"key":"Shovel"},{"floor":48,"key":"Darkstone Periapt"},{"floor":52,"key":"Shuriken"},{"floor":54,"key":"Gambling Chip"}],"event_choices":[{"damage_healed":0,"gold_gain":0,"player_choice":"Relic","damage_taken":0,"max_hp_gain":0,"max_hp_loss":0,"event_name":"Wheel of Change","floor":2,"gold_loss":0},{"damage_healed":0,"gold_gain":0,"player_choice":"Entered Light","damage_taken":16,"max_hp_gain":0,"max_hp_loss":0,"event_name":"Shining Light","floor":14,"gold_loss":0,"cards_upgraded":["Strike_R","Defend_R"]},{"damage_healed":0,"gold_gain":0,"player_choice":"Fight","damage_taken":0,"max_hp_gain":0,"max_hp_loss":0,"event_name":"Colosseum","floor":19,"gold_loss":0},{"damage_healed":0,"gold_gain":0,"player_choice":"Fought Nobs","damage_taken":0,"max_hp_gain":0,"max_hp_loss":0,"event_name":"Colosseum","floor":19,"gold_loss":0},{"damage_healed":0,"gold_gain":0,"player_choice":"Ignored","damage_taken":0,"max_hp_gain":0,"max_hp_loss":0,"event_name":"Tomb of Lord Red Mask","floor":36,"gold_loss":0},{"damage_healed":0,"gold_gain":0,"player_choice":"Ignored","damage_taken":0,"max_hp_gain":0,"max_hp_loss":0,"event_name":"Mysterious Sphere","floor":37,"gold_loss":0},{"damage_healed":0,"gold_gain":0,"player_choice":"Fight","damage_taken":0,"max_hp_gain":0,"max_hp_loss":0,"event_name":"MindBloom","floor":39,"gold_loss":0},{"cards_removed":["Wild Strike"],"damage_healed":0,"gold_gain":0,"player_choice":"Upgrade and Remove","damage_taken":0,"max_hp_gain":0,"max_hp_loss":0,"event_name":"Designer","floor":46,"gold_loss":90,"cards_upgraded":["Defend_R"]}],"is_beta":false,"boss_relics":[{"not_picked":["Astrolabe","Empty Cage"],"picked":"Fusion Hammer"},{"not_picked":["Orrery","Velvet Choker"],"picked":"Snecko Eye"}],"items_purged_floors":[27,38],"is_endless":false,"potions_floor_spawned":[5,12,13,19,19,23,25,33,35,39,42,54],"killed_by":"The Heart","ascension_level":7}