{"gold_per_floor":[99,65,65,65,65,65,65,65,65,65,65,65,65,65,65,65,65,5,5,5,5,5,5,5,5],"floor_reached":25,"playtime":769,"items_purged":[],"score":365,"play_id":"564b82c0-4400-4363-b8aa-590f44329734","local_time":"20190711200359","is_ascension_mode":true,"campfire_choices":[{"floor":12,"key":"REST"},{"floor":15,"key":"REST"},{"floor":23,"key":"REST"}],"neow_cost":"NONE","seed_source_timestamp":67683004054705,"circlet_count":0,"master_deck":["AscendersBane","Strike_B","Strike_B","Strike_B","Strike_B","Defend_B","Defend_B","Defend_B","Defend_B","Zap","Dualcast","Self Repair","Loop","Ball Lightning","Doom and Gloom","Streamline+1","Machine Learning","Gash","Sunder","Amplify","Chill","Necronomicurse","Auto Shields","Cold Snap"],"relics":["Ectoplasm","Anchor","Dodecahedron","Ancient Tea Set","Unceasing Top","Ornamental Fan","Runic Pyramid","Necronomicon"],"potions_floor_usage":[11,16,24],"damage_taken":[{"damage":2,"enemies":"Jaw Worm","floor":1,"turns":3},{"damage":0,"enemies":"2 Louse","floor":4,"turns":3},{"damage":5,"enemies":"Small Slimes","floor":5,"turns":3},{"damage":25,"enemies":"3 Sentries","floor":6,"turns":6},{"damage":30,"enemies":"Gremlin Nob","floor":7,"turns":4},{"damage":8,"enemies":"Blue Slaver","floor":10,"turns":3},{"damage":20,"enemies":"Gremlin Nob","floor":11,"turns":4},{"damage":8,"enemies":"Large Slime","floor":13,"turns":6},{"damage":15,"enemies":"3 Sentries","floor":14,"turns":6},{"damage":31,"enemies":"Hexaghost","floor":16,"turns":8},{"damage":25,"enemies":"2 Thieves","floor":18,"turns":4},{"damage":18,"enemies":"Shell Parasite","floor":21,"turns":5},{"damage":12,"enemies":"Sentry and Sphere","floor":24,"turns":5},{"damage":51,"enemies":"Book of Stabbing","floor":25,"turns":5}],"seed_played":"-7052072738042537561","potions_obtained":[{"floor":1,"key":"Strength Potion"},{"floor":5,"key":"Weak Potion"},{"floor":11,"key":"LiquidBronze"},{"floor":21,"key":"EssenceOfSteel"}],"is_trial":false,"path_per_floor":["M","?","?","M","M","E","?","?","T","M","E","R","M","E","R","B",null,"M","?","?","M","?","R","M","E"],"character_chosen":"DEFECT","items_purchased":[],"campfire_rested":3,"item_purchase_floors":[],"current_hp_per_floor":[66,66,66,73,75,57,34,34,34,26,13,35,34,26,48,24,62,51,35,21,17,17,41,43,0],"gold":5,"neow_bonus":"BOSS_RELIC","is_prod":false,"is_daily":false,"chose_seed":false,"campfire_upgraded":0,"win_rate":0,"timestamp":1562889839,"path_taken":["M","?","?","M","M","E","?","?","T","M","E","R","M","E","R","BOSS","M","?","?","M","?","R","M","E"],"build_version":"2019-07-05","purchased_purges":0,"victory":false,"max_hp_per_floor":[75,75,75,75,75,75,75,75,75,75,75,75,75,75,75,75,75,75,75,80,80,80,80,80,80],"card_choices":[{"not_picked":["Streamline","Static Discharge"],"picked":"Self Repair","floor":1},{"not_picked":["Leap","Doom and Gloom"],"picked":"Loop","floor":4},{"not_picked":["Steam","BootSequence"],"picked":"Ball Lightning","floor":5},{"not_picked":["Barrage","Conserve Battery"],"picked":"Doom and Gloom","floor":6},{"not_picked":["Reprogram","Barrage"],"picked":"Streamline","floor":7},{"not_picked":["Redo","Force Field","Go for the Eyes"],"picked":"SKIP","floor":10},{"not_picked":["Heatsinks","Doom and Gloom"],"picked":"Machine Learning","floor":11},{"not_picked":["Ball Lightning","Steam"],"picked":"Gash","floor":13},{"not_picked":["Barrage","Ball Lightning"],"picked":"Sunder","floor":14},{"not_picked":["Multi-Cast","Reboot"],"picked":"Amplify","floor":16},{"not_picked":["Streamline+1","Barrage"],"picked":"Chill","floor":18},{"not_picked":["Hologram","Skim+1"],"picked":"Auto Shields","floor":21},{"not_picked":["Beam Cell","Streamline+1"],"picked":"Cold Snap","floor":24}],"player_experience":683477,"relics_obtained":[{"floor":6,"key":"Anchor"},{"floor":7,"key":"Dodecahedron"},{"floor":9,"key":"Ancient Tea Set"},{"floor":11,"key":"Unceasing Top"},{"floor":14,"key":"Ornamental Fan"},{"floor":19,"key":"Necronomicon"}],"event_choices":[{"damage_healed":0,"gold_gain":0,"player_choice":"Left Gold","damage_taken":0,"max_hp_gain":0,"max_hp_loss":0,"event_name":"World of Goop","floor":2,"gold_loss":34},{"damage_healed":0,"gold_gain":0,"player_choice":"Ignored","damage_taken":0,"max_hp_gain":0,"max_hp_loss":0,"event_name":"Golden Idol","floor":3,"gold_loss":0},{"damage_healed":0,"gold_gain":0,"player_choice":"Searched \u00271\u0027 times","damage_taken":0,"max_hp_gain":0,"max_hp_loss":0,"event_name":"Dead Adventurer","floor":7,"gold_loss":0},{"damage_healed":0,"gold_gain":0,"player_choice":"Grow","damage_taken":0,"max_hp_gain":0,"max_hp_loss":0,"event_name":"Living Wall","floor":8,"gold_loss":0,"cards_upgraded":["Streamline"]},{"damage_healed":0,"gold_gain":0,"player_choice":"Obtained Book","damage_taken":16,"max_hp_gain":0,"max_hp_loss":0,"event_name":"Cursed Tome","floor":19,"gold_loss":0},{"damage_healed":0,"gold_gain":0,"player_choice":"Shed Blood","damage_taken":19,"max_hp_gain":5,"max_hp_loss":0,"event_name":"Forgotten Altar","floor":20,"gold_loss":0},{"damage_healed":0,"gold_gain":0,"player_choice":"Ignored","damage_taken":0,"max_hp_gain":0,"max_hp_loss":0,"event_name":"The Mausoleum","floor":22,"gold_loss":0}],"is_beta":false,"boss_relics":[{"not_picked":["Black Star","Lizard Tail"],"picked":"Runic Pyramid"}],"items_purged_floors":[],"is_endless":false,"potions_floor_spawned":[1,5,10,11,14,21],"killed_by":"Book of Stabbing","ascension_level":13}