{"gold_per_floor":[109,121,144,144,158,185,185,214,237,249,261,285,185,200,200,297,297,311,134,134,59,69,95,59,70,70,90,124,124,174,199,199,298,298,309,324,47,62,73,86,86,121,121,131,145,158,158,158],"floor_reached":48,"playtime":10173,"items_purged":["Strike_B","Strike_B"],"score":773,"play_id":"394ab356-6fb1-4f8f-b350-8d2e281213ee","local_time":"20190607214858","is_ascension_mode":true,"campfire_choices":[{"data":"Coolheaded","floor":7,"key":"SMITH"},{"data":"Dualcast","floor":10,"key":"SMITH"},{"data":"Undo","floor":15,"key":"SMITH"},{"floor":29,"key":"REST"},{"floor":32,"key":"REST"},{"floor":47,"key":"REST"}],"neow_cost":"NONE","seed_source_timestamp":122160226216600,"circlet_count":0,"master_deck":["Defend_B","Defend_B","Defend_B","Zap+1","Dualcast+1","Ball Lightning","Coolheaded+1","Undo+1","Storm","Electrodynamics","Heatsinks","Bite","Bite","Bite+1","Bite+1","Bite","BootSequence+1","Static Discharge","Sunder+1","Electrodynamics","FTL+1","Seek","Scrape","Defragment","Coolheaded","Steam+1","FTL","Coolheaded+1","Force Field","Steam","Steam+1"],"relics":["Runic Dome","PreservedInsect","Oddly Smooth Stone","MawBank","Nunchaku","Fusion Hammer","Vajra","Mercury Hourglass","Ancient Tea Set","Whetstone","Sozu","Mummified Hand","Meat on the Bone"],"potions_floor_usage":[8,14,25,31],"damage_taken":[{"damage":0,"enemies":"Cultist","floor":1,"turns":3},{"damage":0,"enemies":"2 Louse","floor":2,"turns":3},{"damage":2,"enemies":"Jaw Worm","floor":5,"turns":3},{"damage":30,"enemies":"3 Sentries","floor":6,"turns":6},{"damage":11,"enemies":"Gremlin Nob","floor":8,"turns":3},{"damage":0,"enemies":"Blue Slaver","floor":12,"turns":3},{"damage":8,"enemies":"Lots of Slimes","floor":14,"turns":4},{"damage":17,"enemies":"The Guardian","floor":16,"turns":13},{"damage":0,"enemies":"Chosen","floor":18,"turns":5},{"damage":8,"enemies":"2 Thieves","floor":22,"turns":3},{"damage":37,"enemies":"Book of Stabbing","floor":23,"turns":5},{"damage":27,"enemies":"Shelled Parasite and Fungi","floor":25,"turns":4},{"damage":0,"enemies":"3 Cultists","floor":27,"turns":3},{"damage":21,"enemies":"Gremlin Leader","floor":28,"turns":5},{"damage":9,"enemies":"Slavers","floor":31,"turns":4},{"damage":68,"enemies":"Automaton","floor":33,"turns":7},{"damage":2,"enemies":"Orb Walker","floor":35,"turns":3},{"damage":11,"enemies":"3 Darklings","floor":36,"turns":3},{"damage":0,"enemies":"Jaw Worm Horde","floor":38,"turns":2},{"damage":15,"enemies":"Spire Growth","floor":39,"turns":4},{"damage":36,"enemies":"3 Darklings","floor":40,"turns":3},{"damage":23,"enemies":"Reptomancer","floor":42,"turns":4},{"damage":25,"enemies":"Transient","floor":44,"turns":5},{"damage":31,"enemies":"Writhing Mass","floor":45,"turns":4},{"damage":22,"enemies":"3 Darklings","floor":46,"turns":2},{"damage":67,"enemies":"Giant Head","floor":48,"turns":8}],"seed_played":"6315858373334943392","potions_obtained":[{"floor":1,"key":"Fire Potion"},{"floor":5,"key":"AttackPotion"},{"floor":6,"key":"Fire Potion"},{"floor":8,"key":"PowerPotion"},{"floor":14,"key":"SteroidPotion"},{"floor":25,"key":"LiquidBronze"},{"floor":31,"key":"EssenceOfSteel"}],"is_trial":false,"path_per_floor":["M","M","T","?","M","E","R","E","T","R","?","M","$","M","R","B",null,"M","$","?","?","M","E","$","M","T","M","E","R","?","E","R","B",null,"M","M","$","M","M","M","$","E","T","M","M","M","R","E"],"character_chosen":"DEFECT","items_purchased":["Undo","Heatsinks","Static Discharge","Coolheaded","Mummified Hand"],"campfire_rested":3,"item_purchase_floors":[13,19,24,37,37],"current_hp_per_floor":[68,68,68,68,68,40,40,31,31,31,28,30,30,24,24,9,59,61,61,61,61,63,44,44,27,27,33,26,48,48,45,67,23,62,70,64,64,71,66,38,38,27,27,29,21,19,41,0],"gold":158,"neow_bonus":"BOSS_RELIC","is_prod":false,"is_daily":false,"chose_seed":false,"campfire_upgraded":3,"win_rate":0,"timestamp":1559958538,"path_taken":["M","M","?","?","M","E","R","E","T","R","?","M","?","M","R","BOSS","M","?","?","?","M","E","?","?","T","M","E","R","?","E","R","BOSS","M","M","$","?","M","M","$","E","T","M","M","?","R","E"],"build_version":"2019-01-23","purchased_purges":2,"victory":false,"max_hp_per_floor":[75,75,75,75,75,75,75,75,75,75,75,75,75,75,75,75,75,75,75,75,75,75,75,75,75,75,75,75,75,75,75,75,75,75,75,75,75,75,75,75,75,75,75,75,75,75,75,75],"card_choices":[{"not_picked":["Auto Shields","BootSequence"],"picked":"Ball Lightning","floor":1},{"not_picked":["Steam","Stack","Barrage"],"picked":"SKIP","floor":2},{"not_picked":["Leap","Auto Shields","Recycle"],"picked":"SKIP","floor":5},{"not_picked":["Leap","Stack"],"picked":"Coolheaded","floor":6},{"not_picked":["Sweeping Beam","Ball Lightning","Compile Driver"],"picked":"SKIP","floor":8},{"not_picked":["Leap","Steam Power","Double Energy"],"picked":"SKIP","floor":12},{"not_picked":["Gash","Barrage"],"picked":"Storm","floor":14},{"not_picked":["Seek","Reboot"],"picked":"Electrodynamics","floor":16},{"not_picked":["Beam Cell+1","Streamline","Leap"],"picked":"SKIP","floor":18},{"not_picked":["Barrage","Gash"],"picked":"BootSequence+1","floor":22},{"not_picked":["Cold Snap","Auto Shields","Redo"],"picked":"SKIP","floor":23},{"not_picked":["Rebound","Stack"],"picked":"Sunder+1","floor":25},{"not_picked":["Stack+1","Cold Snap","Redo"],"picked":"SKIP","floor":27},{"not_picked":["White Noise","Reprogram+1"],"picked":"Electrodynamics","floor":28},{"not_picked":["Sunder","Sweeping Beam"],"picked":"FTL+1","floor":31},{"not_picked":["Core Surge","Hyperbeam"],"picked":"Seek","floor":33},{"not_picked":["Turbo","Ball Lightning"],"picked":"Scrape","floor":35},{"not_picked":["Beam Cell+1","Barrage+1"],"picked":"Defragment","floor":36},{"not_picked":["Conserve Battery+1","Sweeping Beam"],"picked":"Steam+1","floor":38},{"not_picked":["Melter","Turbo+1"],"picked":"FTL","floor":39},{"not_picked":["Lockon+1","Leap"],"picked":"Coolheaded+1","floor":40},{"not_picked":["Compile Driver","Turbo","Rainbow"],"picked":"SKIP","floor":42},{"not_picked":["Darkness","Leap+1"],"picked":"Force Field","floor":44},{"not_picked":["Streamline","Sweeping Beam+1"],"picked":"Steam","floor":45},{"not_picked":["Turbo+1","Sweeping Beam+1"],"picked":"Steam+1","floor":46}],"player_experience":585233,"relics_obtained":[{"floor":3,"key":"Blood Vial"},{"floor":6,"key":"PreservedInsect"},{"floor":8,"key":"Oddly Smooth Stone"},{"floor":9,"key":"MawBank"},{"floor":23,"key":"Vajra"},{"floor":26,"key":"Mercury Hourglass"},{"floor":28,"key":"Ancient Tea Set"},{"floor":31,"key":"Whetstone"},{"floor":42,"key":"Meat on the Bone"}],"event_choices":[{"damage_healed":0,"gold_gain":0,"player_choice":"Grow","damage_taken":0,"max_hp_gain":0,"max_hp_loss":0,"event_name":"Living Wall","floor":4,"gold_loss":0,"cards_upgraded":["Zap"]},{"damage_healed":0,"gold_gain":0,"player_choice":"Success","damage_taken":3,"relics_obtained":["Nunchaku"],"max_hp_gain":0,"max_hp_loss":0,"event_name":"Scrap Ooze","floor":11,"gold_loss":0},{"damage_healed":0,"gold_gain":0,"player_choice":"Became a vampire (Vial)","damage_taken":0,"max_hp_gain":0,"max_hp_loss":0,"event_name":"Vampires","floor":20,"relics_lost":["Blood Vial"],"gold_loss":0,"cards_obtained":["Bite","Bite","Bite","Bite","Bite"]},{"cards_removed":["Defend_B"],"damage_healed":0,"gold_gain":0,"player_choice":"Gave Gold","damage_taken":0,"max_hp_gain":0,"max_hp_loss":0,"event_name":"Beggar","floor":21,"gold_loss":75},{"damage_healed":0,"gold_gain":100,"player_choice":"Bet on Murderer","damage_taken":0,"max_hp_gain":0,"max_hp_loss":0,"event_name":"The Joust","floor":30,"gold_loss":50}],"is_beta":false,"boss_relics":[{"not_picked":["Inserter","Coffee Dripper"],"picked":"Fusion Hammer"},{"not_picked":["Black Star","Velvet Choker"],"picked":"Sozu"}],"items_purged_floors":[13,19],"is_endless":false,"potions_floor_spawned":[1,5,6,8,14,23,25,31,35,42,44,46],"killed_by":"Giant Head","ascension_level":8}