{"gold_per_floor":[115,80,80,80,94,94,115,128,128,142,156,156],"floor_reached":12,"playtime":330,"items_purged":[],"score":130,"play_id":"dbc7d2a6-353e-483f-8e3f-12a93d8c1486","local_time":"20190404230142","is_ascension_mode":true,"campfire_choices":[{"data":"Clothesline","floor":6,"key":"SMITH"}],"neow_cost":"PERCENT_DAMAGE","seed_source_timestamp":1028203317329646,"circlet_count":0,"master_deck":["AscendersBane","Strike_R","Strike_R","Strike_R","Strike_R","Strike_R","Defend_R","Defend_R","Defend_R","Defend_R","Bash","Decay","Clothesline+1","Feel No Pain","Shrug It Off","True Grit","Dark Embrace"],"relics":["Burning Blood","Regal Pillow","Odd Mushroom","Bag of Marbles"],"potions_floor_usage":[12,12],"damage_taken":[{"damage":16,"enemies":"Jaw Worm","floor":1,"turns":4},{"damage":17,"enemies":"2 Louse","floor":5,"turns":4},{"damage":42,"enemies":"The Mushroom Lair","floor":7,"turns":6},{"damage":1,"enemies":"Cultist","floor":8,"turns":3},{"damage":13,"enemies":"Looter","floor":10,"turns":4},{"damage":7,"enemies":"2 Fungi Beasts","floor":11,"turns":4},{"damage":27,"enemies":"Lagavulin","floor":12,"turns":6}],"seed_played":"-3223395119459440464","potions_obtained":[{"floor":5,"key":"Weak Potion"},{"floor":11,"key":"BloodPotion"}],"is_trial":false,"path_per_floor":["M","?","?","?","M","R","?","M","T","M","M","E"],"character_chosen":"IRONCLAD","items_purchased":[],"campfire_rested":0,"item_purchase_floors":[],"current_hp_per_floor":[57,81,69,69,58,58,22,27,27,20,19,1],"gold":156,"neow_bonus":"TWENTY_PERCENT_HP_BONUS","is_prod":false,"is_daily":false,"chose_seed":false,"campfire_upgraded":1,"win_rate":0,"timestamp":1554433302,"path_taken":["M","?","?","?","?","R","?","M","T","M","M","E"],"build_version":"2019-01-23","purchased_purges":0,"victory":false,"max_hp_per_floor":[96,96,96,96,96,96,96,96,96,96,96,96],"card_choices":[{"not_picked":["Heavy Blade","Searing Blow","Warcry"],"picked":"SKIP","floor":1},{"not_picked":["Body Slam","Thunderclap"],"picked":"Clothesline","floor":5},{"not_picked":["Heavy Blade","Body Slam"],"picked":"Feel No Pain","floor":7},{"not_picked":["Sword Boomerang","Pummel"],"picked":"Shrug It Off","floor":8},{"not_picked":["Entrench","Clothesline"],"picked":"True Grit","floor":10},{"not_picked":["Clash","Wild Strike"],"picked":"Dark Embrace","floor":11}],"player_experience":370717,"relics_obtained":[{"floor":7,"key":"Odd Mushroom"},{"floor":9,"key":"Bag of Marbles"}],"event_choices":[{"damage_healed":24,"gold_gain":0,"player_choice":"Healed","damage_taken":0,"max_hp_gain":0,"max_hp_loss":0,"event_name":"The Cleric","floor":2,"gold_loss":35},{"damage_healed":0,"gold_gain":0,"player_choice":"Success","damage_taken":12,"relics_obtained":["Regal Pillow"],"max_hp_gain":0,"max_hp_loss":0,"event_name":"Scrap Ooze","floor":3,"gold_loss":0},{"damage_healed":0,"gold_gain":0,"player_choice":"Cursed","damage_taken":0,"max_hp_gain":0,"max_hp_loss":0,"event_name":"Wheel of Change","floor":4,"gold_loss":0,"cards_obtained":["Decay"]},{"damage_healed":0,"gold_gain":0,"player_choice":"Fought Mushrooms","damage_taken":0,"max_hp_gain":0,"max_hp_loss":0,"event_name":"Mushrooms","floor":7,"gold_loss":0}],"is_beta":false,"boss_relics":[],"items_purged_floors":[],"is_endless":false,"potions_floor_spawned":[5,11],"killed_by":"Lagavulin","ascension_level":10}