{"gold_per_floor":[109,119,138,58,74,74,87,116,140,140,290,325,62,62,62,139,139,152,9,9,9,9,41,41,53,353,386,386,406,423,40,40,40],"floor_reached":33,"playtime":1601,"items_purged":["Doubt"],"score":681,"play_id":"7f90ddc1-e7a9-4dfb-8727-06ebe52a024e","local_time":"20190819151245","is_ascension_mode":true,"campfire_choices":[{"floor":6,"key":"REST"},{"data":"Sucker Punch","floor":10,"key":"SMITH"},{"floor":15,"key":"REST"},{"floor":24,"key":"REST"},{"floor":28,"key":"REST"},{"floor":32,"key":"REST"}],"neow_cost":"NONE","seed_source_timestamp":14724036284135,"circlet_count":0,"master_deck":["AscendersBane","Strike_G","Strike_G","Strike_G","Strike_G","Strike_G","Defend_G","Defend_G","Survivor","Neutralize","Footwork+1","Corpse Explosion+1","Poisoned Stab+1","Flying Knee","Poisoned Stab","Sucker Punch","Blade Dance","Sucker Punch+1","Flying Knee","Distraction","Unload","Flying Knee","Sadistic Nature+1","Venomology","Bane","Cloak And Dagger","Heel Hook","Necronomicurse","Cloak And Dagger","Deadly Poison","Dagger Spray+1","Underhanded Strike+1","Escape Plan"],"relics":["Astrolabe","FossilizedHelix","PreservedInsect","Potion Belt","Lizard Tail","MutagenicStrength","Necronomicon","Art of War","Old Coin","Question Card","Vajra","Toy Ornithopter"],"potions_floor_usage":[16,16,18,23,27,29,30,33,33,33,33],"damage_taken":[{"damage":0,"enemies":"Cultist","floor":1,"turns":4},{"damage":0,"enemies":"2 Louse","floor":2,"turns":1},{"damage":7,"enemies":"Jaw Worm","floor":3,"turns":3},{"damage":17,"enemies":"2 Fungi Beasts","floor":5,"turns":3},{"damage":9,"enemies":"Blue Slaver","floor":7,"turns":2},{"damage":10,"enemies":"3 Sentries","floor":8,"turns":2},{"damage":0,"enemies":"Gremlin Nob","floor":12,"turns":3},{"damage":0,"enemies":"Slime Boss","floor":16,"turns":7},{"damage":31,"enemies":"Shell Parasite","floor":18,"turns":5},{"damage":37,"enemies":"Book of Stabbing","floor":23,"turns":5},{"damage":0,"enemies":"Chosen","floor":25,"turns":4},{"damage":19,"enemies":"Slavers","floor":27,"turns":2},{"damage":22,"enemies":"Snake Plant","floor":29,"turns":4},{"damage":2,"enemies":"Sentry and Sphere","floor":30,"turns":4},{"damage":84,"enemies":"Champ","floor":33,"turns":13}],"seed_played":"2579735467548205593","potions_obtained":[{"floor":2,"key":"SteroidPotion"},{"floor":5,"key":"Strength Potion"},{"floor":16,"key":"Dexterity Potion"},{"floor":25,"key":"Poison Potion"},{"floor":27,"key":"SpeedPotion"},{"floor":29,"key":"GhostInAJar"}],"is_trial":false,"path_per_floor":["M","M","M","$","M","R","M","E","T","R","?","E","$","?","R","B",null,"M","$","?","?","?","E","R","M","T","E","R","M","M","$","R","B"],"character_chosen":"THE_SILENT","items_purchased":["Blade Dance","Sucker Punch","Sadistic Nature","Cloak And Dagger","Heel Hook","Vajra","Toy Ornithopter"],"campfire_rested":5,"item_purchase_floors":[4,4,13,19,19,31,31],"current_hp_per_floor":[59,59,52,52,35,54,45,35,35,35,35,35,35,35,54,54,63,32,32,32,11,24,28,47,47,47,28,47,25,23,23,42,0],"gold":40,"neow_bonus":"BOSS_RELIC","is_prod":false,"is_daily":false,"chose_seed":false,"campfire_upgraded":1,"win_rate":0,"timestamp":1566252765,"path_taken":["M","?","M","$","M","R","M","E","T","R","?","E","?","?","R","BOSS","M","$","?","?","?","E","R","M","T","E","R","M","M","$","R","BOSS"],"build_version":"2019-07-17","purchased_purges":1,"victory":false,"max_hp_per_floor":[66,66,66,66,66,66,66,66,66,66,66,66,66,66,66,66,66,66,66,66,66,66,66,66,66,66,66,66,66,66,66,66,66],"card_choices":[{"not_picked":["Caltrops","Expertise"],"picked":"Flying Knee","floor":1},{"not_picked":["Dodge and Roll","Dagger Throw"],"picked":"Poisoned Stab","floor":2},{"not_picked":["Prepared","Dodge and Roll"],"picked":"Sucker Punch","floor":3},{"not_picked":["Sucker Punch","Backflip"],"picked":"Flying Knee","floor":5},{"not_picked":["Masterful Stab","Flechettes"],"picked":"Distraction","floor":7},{"not_picked":["Tactician","Acrobatics"],"picked":"Unload","floor":8},{"not_picked":["Expertise","Reflex"],"picked":"Flying Knee","floor":12},{"not_picked":["Die Die Die","Adrenaline"],"picked":"Venomology","floor":16},{"not_picked":["Quick Slash","Prepared+1"],"picked":"Bane","floor":18},{"not_picked":["Outmaneuver","Dodge and Roll"],"picked":"Cloak And Dagger","floor":23},{"not_picked":["Slice+1","Flechettes"],"picked":"Deadly Poison","floor":25},{"not_picked":["Flying Knee+1","Acrobatics"],"picked":"Dagger Spray+1","floor":27},{"not_picked":["Outmaneuver","Blade Dance","Acrobatics"],"picked":"Underhanded Strike+1","floor":29},{"not_picked":["A Thousand Cuts","Deadly Poison","Flechettes"],"picked":"Escape Plan","floor":30}],"player_experience":700154,"relics_obtained":[{"floor":8,"key":"FossilizedHelix"},{"floor":9,"key":"PreservedInsect"},{"floor":12,"key":"Potion Belt"},{"floor":21,"key":"Necronomicon"},{"floor":23,"key":"Art of War"},{"floor":26,"key":"Old Coin"},{"floor":27,"key":"Question Card"}],"event_choices":[{"damage_healed":0,"gold_gain":150,"player_choice":"AGREE","damage_taken":0,"max_hp_gain":0,"max_hp_loss":0,"event_name":"Liars Game","floor":11,"gold_loss":0,"cards_obtained":["Doubt"]},{"damage_healed":0,"gold_gain":0,"player_choice":"Grow","damage_taken":0,"max_hp_gain":0,"max_hp_loss":0,"event_name":"Living Wall","floor":14,"gold_loss":0,"cards_upgraded":["Sadistic Nature"]},{"damage_healed":0,"gold_gain":0,"player_choice":"Inject Mutagens","damage_taken":0,"relics_obtained":["MutagenicStrength"],"max_hp_gain":0,"max_hp_loss":0,"event_name":"Drug Dealer","floor":20,"gold_loss":0},{"damage_healed":0,"gold_gain":0,"player_choice":"Obtained Book","damage_taken":21,"max_hp_gain":0,"max_hp_loss":0,"event_name":"Cursed Tome","floor":21,"gold_loss":0},{"damage_healed":13,"gold_gain":0,"player_choice":"Heal","damage_taken":0,"max_hp_gain":0,"max_hp_loss":0,"event_name":"The Library","floor":22,"gold_loss":0}],"is_beta":false,"boss_relics":[{"not_picked":["Runic Dome","Coffee Dripper"],"picked":"Lizard Tail"}],"items_purged_floors":[13],"is_endless":false,"potions_floor_spawned":[2,5,16,25,27,29],"killed_by":"Champ","ascension_level":17}