{"gold_per_floor":[111,186,202,216,391,423,423,453,453,30,30,46,46,60,60,60],"floor_reached":16,"playtime":532,"items_purged":[],"score":110,"play_id":"56f8a4e6-da3b-4828-823b-f22b6a3b7731","local_time":"20190608153237","is_ascension_mode":false,"campfire_choices":[{"floor":7,"key":"REST"},{"floor":11,"key":"REST"},{"data":"Defragment","floor":13,"key":"SMITH"},{"floor":15,"key":"REST"}],"neow_cost":"PERCENT_DAMAGE","seed_source_timestamp":99784215495650,"circlet_count":0,"master_deck":["Strike_B","Strike_B","Strike_B","Strike_B","Defend_B","Defend_B","Defend_B","Defend_B","Zap","Dualcast","Ball Lightning","Go for the Eyes","Doubt","Compile Driver","Rebound","Defragment+1","Defragment","Fusion+1","Hologram+1"],"relics":["Cracked Core","Mango","Matryoshka","Gremlin Horn","Omamori","The Courier","Toxic Egg 2","DollysMirror"],"potions_floor_usage":[6,16,16],"damage_taken":[{"damage":0,"enemies":"Cultist","floor":1,"turns":3},{"damage":2,"enemies":"Small Slimes","floor":3,"turns":3},{"damage":0,"enemies":"2 Louse","floor":4,"turns":2},{"damage":42,"enemies":"3 Sentries","floor":6,"turns":9},{"damage":29,"enemies":"Lagavulin","floor":8,"turns":7},{"damage":12,"enemies":"Looter","floor":12,"turns":4},{"damage":0,"enemies":"2 Fungi Beasts","floor":14,"turns":2},{"damage":50,"enemies":"The Guardian","floor":16,"turns":7}],"seed_played":"7949774855455137276","potions_obtained":[{"floor":1,"key":"SpeedPotion"},{"floor":12,"key":"Fire Potion"},{"floor":14,"key":"Explosive Potion"}],"is_trial":false,"path_per_floor":["M","?","M","M","?","E","R","E","T","$","R","M","R","M","R","B"],"character_chosen":"DEFECT","items_purchased":["Toxic Egg 2","Defragment","DollysMirror"],"campfire_rested":3,"item_purchase_floors":[10,10,10],"current_hp_per_floor":[68,57,55,55,55,13,39,10,10,10,36,24,24,24,50,0],"gold":60,"neow_bonus":"ONE_RARE_RELIC","is_prod":false,"is_daily":false,"chose_seed":false,"campfire_upgraded":1,"win_rate":0,"timestamp":1560025957,"path_taken":["M","?","M","M","?","E","R","E","T","$","R","M","R","M","R","BOSS"],"build_version":"2019-01-23","purchased_purges":0,"victory":false,"max_hp_per_floor":[89,89,89,89,89,89,89,89,89,89,89,89,89,89,89,89],"card_choices":[{"not_picked":["Steam Power","Aggregate","Redo"],"picked":"SKIP","floor":1},{"not_picked":["Chill","Streamline"],"picked":"Ball Lightning","floor":3},{"not_picked":["Coolheaded","Beam Cell"],"picked":"Go for the Eyes","floor":4},{"not_picked":["Undo","Steam Power"],"picked":"Compile Driver","floor":6},{"not_picked":["Barrage","Meteor Strike"],"picked":"Rebound","floor":8},{"not_picked":["Self Repair","Steam+1"],"picked":"Fusion+1","floor":12},{"not_picked":["Barrage","Redo+1"],"picked":"Hologram+1","floor":14}],"player_experience":141009,"relics_obtained":[{"floor":6,"key":"Matryoshka"},{"floor":8,"key":"Gremlin Horn"},{"floor":9,"key":"Omamori"},{"floor":9,"key":"The Courier"}],"event_choices":[{"damage_healed":0,"gold_gain":75,"player_choice":"Gather Gold","damage_taken":11,"max_hp_gain":0,"max_hp_loss":0,"event_name":"World of Goop","floor":2,"gold_loss":0},{"damage_healed":0,"gold_gain":175,"player_choice":"AGREE","damage_taken":0,"max_hp_gain":0,"max_hp_loss":0,"event_name":"Liars Game","floor":5,"gold_loss":0,"cards_obtained":["Doubt"]}],"is_beta":false,"boss_relics":[],"items_purged_floors":[],"is_endless":false,"potions_floor_spawned":[1,12,14],"killed_by":"The Guardian","ascension_level":0}