{"gold_per_floor":[20,38,50,67,67,92,92,125,125,125,154,119,119,146,158,170],"floor_reached":16,"playtime":1258,"items_purged":[],"score":230,"play_id":"d391016c-cb16-43b5-a158-47690838c421","local_time":"20190807172534","is_ascension_mode":true,"campfire_choices":[{"floor":7,"key":"REST"},{"floor":10,"key":"REST"},{"floor":15,"key":"REST"}],"neow_cost":"NO_GOLD","seed_source_timestamp":257812946593400,"circlet_count":0,"master_deck":["AscendersBane","Strike_B","Strike_B","Strike_B","Defend_B","Defend_B","Defend_B","Defend_B","Zap","Dualcast","Lockon","Rip and Tear","FTL","Turbo","Genetic Algorithm","Electrodynamics","Melter"],"special_seed":0,"relics":["Cracked Core","Thread and Needle","Darkstone Periapt","Dodecahedron","Art of War","MawBank"],"potions_floor_usage":[6,8,11,16],"damage_taken":[{"damage":0.0,"enemies":"2 Louse","floor":1.0,"turns":2.0},{"damage":0,"enemies":"Small Slimes","floor":2,"turns":2},{"damage":8,"enemies":"Jaw Worm","floor":3,"turns":3},{"damage":5,"enemies":"Red Slaver","floor":4,"turns":2},{"damage":27,"enemies":"3 Sentries","floor":6,"turns":9},{"damage":23,"enemies":"Lagavulin","floor":8,"turns":5},{"damage":22,"enemies":"3 Sentries","floor":11,"turns":6},{"damage":18,"enemies":"Lagavulin","floor":14,"turns":5},{"damage":35,"enemies":"The Guardian","floor":16,"turns":9}],"seed_played":"-8927387453618690822","potions_obtained":[{"floor":1.0,"key":"Block Potion"},{"floor":3,"key":"FocusPotion"},{"floor":8,"key":"Strength Potion"},{"floor":11,"key":"GamblersBrew"}],"is_trial":false,"path_per_floor":["M","M","M","M","?","E","R","E","T","R","E","?","?","E","R","B"],"character_chosen":"DEFECT","items_purchased":[],"campfire_rested":3,"item_purchase_floors":[],"current_hp_per_floor":[64,64,56,51,44,17,38,15,15,36,14,31,31,13,34,0],"gold":170,"neow_bonus":"ONE_RARE_RELIC","is_prod":false,"is_daily":false,"chose_seed":false,"campfire_upgraded":0,"win_rate":0,"timestamp":1565223934,"path_taken":["M","M","M","M","?","E","R","E","T","R","E","?","?","E","R","BOSS"],"build_version":"2019-07-17","purchased_purges":0,"victory":false,"max_hp_per_floor":[71,71,71,71,71,71,71,71,71,71,71,71,71,71,71,71],"card_choices":[{"not_picked":["Reinforced Body","Sweeping Beam"],"picked":"Lockon","floor":1.0},{"not_picked":["Streamline","Go for the Eyes"],"picked":"Rip and Tear","floor":2},{"not_picked":["Steam","Melter"],"picked":"FTL","floor":3},{"not_picked":["Gash","Recycle","Hologram"],"picked":"SKIP","floor":4},{"not_picked":["Reprogram","Rip and Tear"],"picked":"Turbo","floor":6},{"not_picked":["Rebound","Chaos"],"picked":"Genetic Algorithm","floor":8},{"not_picked":["Ball Lightning","Sweeping Beam"],"picked":"Electrodynamics","floor":11},{"not_picked":["Steam Power","Redo"],"picked":"Melter","floor":14}],"player_experience":546123,"relics_obtained":[{"floor":6,"key":"Darkstone Periapt"},{"floor":8,"key":"Dodecahedron"},{"floor":11,"key":"Art of War"},{"floor":14,"key":"MawBank"}],"event_choices":[{"cards_removed":["Strike_B"],"damage_healed":0,"gold_gain":0,"player_choice":"Card Removal","damage_taken":7,"max_hp_gain":0,"max_hp_loss":0,"event_name":"Golden Wing","floor":5,"gold_loss":0},{"damage_healed":17,"gold_gain":0,"player_choice":"Healed","damage_taken":0,"max_hp_gain":0,"max_hp_loss":0,"event_name":"The Cleric","floor":12,"gold_loss":35},{"damage_healed":0,"gold_gain":0,"player_choice":"Ignored","damage_taken":0,"max_hp_gain":0,"max_hp_loss":0,"event_name":"Shining Light","floor":13,"gold_loss":0}],"is_beta":false,"boss_relics":[],"items_purged_floors":[],"is_endless":false,"potions_floor_spawned":[1,3,8,11],"killed_by":"The Guardian","ascension_level":16}