{"gold_per_floor":[114,114,289,305,40,40,57,90,144,144,144,178,195,212,212,309,309,324,132,92,92,92,117,117,117,117,149,149,165,165,177,177,278,278,296,296,296,314,314,314,348,348,348,358,358],"floor_reached":45,"playtime":1591,"items_purged":["Doubt"],"score":768,"play_id":"b4d4d1b7-84ce-40d7-8fa9-b1a8d39ad6c7","local_time":"20190622173626","is_ascension_mode":true,"campfire_choices":[{"data":"Chaos","floor":6,"key":"SMITH"},{"data":"Coolheaded","floor":10,"key":"SMITH"},{"floor":15,"key":"REST"},{"floor":24,"key":"REST"},{"data":"Hyperbeam","floor":28,"key":"SMITH"},{"floor":30,"key":"REST"},{"data":"Barrage","floor":32,"key":"SMITH"},{"data":"Sunder","floor":40,"key":"SMITH"},{"floor":42,"key":"REST"}],"neow_cost":"NONE","seed_source_timestamp":161932039335813,"circlet_count":0,"master_deck":["AscendersBane","Strike_B","Defend_B","Defend_B","Defend_B","Defend_B","Zap+1","Dualcast","Steam","Chaos+1","Leap","Coolheaded+1","BootSequence","Barrage+1","Rip and Tear","Hyperbeam+1","Doom and Gloom+1","Ball Lightning","Coolheaded","Rip and Tear","Creative AI","Leap+1","Machine Learning","Sunder+1","Coolheaded+1","Ball Lightning","Stack+1","All For One","Leap+1"],"relics":["Cracked Core","Bronze Scales","Pen Nib","Ancient Tea Set","Anchor","Snecko Eye","ClockworkSouvenir","Incense Burner","Torii","Art of War","Orrery","NlothsMask","Regal Pillow"],"potions_floor_usage":[0,8,12,16,16,23,41,45],"damage_taken":[{"damage":4,"enemies":"Jaw Worm","floor":1,"turns":4},{"damage":8,"enemies":"Small Slimes","floor":4,"turns":2},{"damage":0,"enemies":"Cultist","floor":7,"turns":3},{"damage":30,"enemies":"Gremlin Nob","floor":8,"turns":6},{"damage":11,"enemies":"Lagavulin","floor":12,"turns":7},{"damage":13,"enemies":"Exordium Wildlife","floor":13,"turns":5},{"damage":0,"enemies":"Exordium Thugs","floor":14,"turns":3},{"damage":29,"enemies":"Slime Boss","floor":16,"turns":7},{"damage":0,"enemies":"Chosen","floor":18,"turns":3},{"damage":38,"enemies":"Slavers","floor":23,"turns":4},{"damage":0,"enemies":"Gremlin Leader","floor":27,"turns":4},{"damage":0,"enemies":"3 Byrds","floor":29,"turns":2},{"damage":0,"enemies":"Snake Plant","floor":31,"turns":3},{"damage":36,"enemies":"Collector","floor":33,"turns":10},{"damage":0,"enemies":"3 Shapes","floor":35,"turns":4},{"damage":0,"enemies":"Orb Walker","floor":38,"turns":2},{"damage":32,"enemies":"Giant Head","floor":41,"turns":8},{"damage":20,"enemies":"Maw","floor":44,"turns":5},{"damage":67,"enemies":"Nemesis","floor":45,"turns":5}],"seed_played":"-2852574849745497291","potions_obtained":[{"floor":0,"key":"Dexterity Potion"},{"floor":0,"key":"EssenceOfSteel"},{"floor":0,"key":"Fruit Juice"},{"floor":7,"key":"Energy Potion"},{"floor":8,"key":"Weak Potion"},{"floor":14,"key":"AttackPotion"},{"floor":18,"key":"Energy Potion"},{"floor":41,"key":"AttackPotion"},{"floor":44,"key":"Poison Potion"}],"is_trial":false,"path_per_floor":["M","?","?","M","$","R","M","E","T","R","?","E","M","M","R","B",null,"M","$","?","$","?","E","R","?","T","E","R","M","R","M","R","B",null,"M","?","$","M","?","R","E","R","T","M","E"],"character_chosen":"DEFECT","items_purchased":["Bronze Scales","Leap","ClockworkSouvenir"],"campfire_rested":4,"item_purchase_floors":[5,5,19],"current_hp_per_floor":[69,69,69,61,61,61,61,31,31,31,31,20,7,7,31,2,61,61,61,61,61,61,23,47,47,47,47,47,47,71,71,71,35,69,69,69,69,69,69,69,37,76,76,56,0],"gold":358,"neow_bonus":"THREE_SMALL_POTIONS","is_prod":false,"is_daily":false,"chose_seed":false,"campfire_upgraded":5,"win_rate":0,"timestamp":1561242986,"path_taken":["M","?","?","M","$","R","M","E","T","R","?","E","?","M","R","BOSS","M","$","?","?","?","E","R","?","T","E","R","M","R","M","R","BOSS","M","?","$","M","?","R","E","R","T","M","E"],"build_version":"2019-01-23","purchased_purges":1,"victory":false,"max_hp_per_floor":[80,80,80,80,80,80,80,80,80,80,80,80,80,80,80,80,80,80,80,80,80,80,80,80,80,80,80,80,80,80,80,80,80,80,80,80,80,80,80,80,80,80,80,80,80],"card_choices":[{"not_picked":["Recycle","Double Energy"],"picked":"Steam","floor":1},{"not_picked":["Storm","Scrape"],"picked":"Chaos","floor":4},{"not_picked":["Steam Power","Stack"],"picked":"Coolheaded","floor":7},{"not_picked":["Turbo","Meteor Strike"],"picked":"BootSequence","floor":8},{"not_picked":["Rebound","Hologram"],"picked":"Barrage","floor":12},{"not_picked":["Recycle","Storm"],"picked":"Rip and Tear","floor":13},{"not_picked":["Compile Driver","Steam","Force Field"],"picked":"SKIP","floor":14},{"not_picked":["Meteor Strike","Rainbow"],"picked":"Hyperbeam","floor":16},{"not_picked":["Scrape","Sweeping Beam"],"picked":"Doom and Gloom","floor":18},{"not_picked":["Cold Snap","Turbo+1","Stack"],"picked":"SKIP","floor":23},{"not_picked":["Beam Cell","Leap+1"],"picked":"Creative AI","floor":27},{"not_picked":["Streamline","Cold Snap","Conserve Battery"],"picked":"SKIP","floor":29},{"not_picked":["Melter+1","Gash"],"picked":"Leap+1","floor":31},{"not_picked":["Amplify","Rainbow"],"picked":"Machine Learning","floor":33},{"not_picked":["Steam+1","Coolheaded+1"],"picked":"Sunder","floor":34},{"not_picked":["Fission","Darkness"],"picked":"Coolheaded+1","floor":34},{"not_picked":["Barrage","Beam Cell"],"picked":"Ball Lightning","floor":34},{"not_picked":["Rebound","Reboot"],"picked":"Stack+1","floor":34},{"not_picked":["Coolheaded+1","Static Discharge","Turbo"],"picked":"SKIP","floor":35},{"not_picked":["Steam","Barrage","FTL"],"picked":"SKIP","floor":38},{"not_picked":["Stack+1","Heatsinks"],"picked":"All For One","floor":41},{"not_picked":["Barrage","Hologram"],"picked":"Leap+1","floor":44}],"player_experience":253107,"relics_obtained":[{"floor":8,"key":"Pen Nib"},{"floor":9,"key":"Ancient Tea Set"},{"floor":12,"key":"Anchor"},{"floor":23,"key":"Incense Burner"},{"floor":26,"key":"Torii"},{"floor":27,"key":"Art of War"},{"floor":41,"key":"Regal Pillow"}],"event_choices":[{"damage_healed":0,"gold_gain":0,"player_choice":"Grow","damage_taken":0,"max_hp_gain":0,"max_hp_loss":0,"event_name":"Living Wall","floor":2,"gold_loss":0,"cards_upgraded":["Zap"]},{"damage_healed":0,"gold_gain":175,"player_choice":"AGREE","damage_taken":0,"max_hp_gain":0,"max_hp_loss":0,"event_name":"Liars Game","floor":3,"gold_loss":0,"cards_obtained":["Doubt"]},{"damage_healed":0,"gold_gain":0,"player_choice":"Bought 0 Potions","damage_taken":0,"max_hp_gain":0,"max_hp_loss":0,"event_name":"The Woman in Blue","floor":11,"gold_loss":0},{"damage_healed":0,"gold_gain":0,"player_choice":"Upgraded Two","damage_taken":0,"max_hp_gain":0,"max_hp_loss":0,"event_name":"Designer","floor":20,"gold_loss":40,"cards_upgraded":["Strike_B","Doom and Gloom"]},{"damage_healed":0,"gold_gain":0,"player_choice":"Read","damage_taken":0,"max_hp_gain":0,"max_hp_loss":0,"event_name":"The Library","floor":22,"gold_loss":0,"cards_obtained":["Ball Lightning"]},{"damage_healed":0,"gold_gain":0,"cards_transformed":["Strike_B","Strike_B"],"player_choice":"Became Test Subject","damage_taken":0,"max_hp_gain":0,"max_hp_loss":0,"event_name":"Drug Dealer","floor":25,"gold_loss":0,"cards_obtained":["Coolheaded","Rip and Tear"]},{"cards_removed":["Strike_B"],"damage_healed":0,"gold_gain":0,"player_choice":"Removed Attack","damage_taken":0,"max_hp_gain":0,"max_hp_loss":0,"event_name":"Falling","floor":36,"gold_loss":0},{"damage_healed":0,"gold_gain":0,"player_choice":"Trade","damage_taken":0,"relics_obtained":["NlothsMask"],"max_hp_gain":0,"max_hp_loss":0,"event_name":"FaceTrader","floor":39,"gold_loss":0}],"is_beta":false,"boss_relics":[{"not_picked":["Empty Cage","Eternal Feather"],"picked":"Snecko Eye"},{"not_picked":["White Beast Statue","Nuclear Battery"],"picked":"Orrery"}],"items_purged_floors":[5],"is_endless":false,"potions_floor_spawned":[7,8,14,18,41,44],"killed_by":"Nemesis","ascension_level":10}