{"gold_per_floor":[119,38,57,69,69,79,95,110,110,143,143,218,218,230,230,334,334,346,362,362,12,12,39,55,55,78,78,78,88,114,127,127,223,223,233,287,333,85,85,85,98,98,98,114,114,114,134,35,35,35],"floor_reached":50,"playtime":5016,"items_purged":["Searing Blow"],"score":584,"play_id":"6972b1fd-8169-4d0f-acf5-d71213198167","local_time":"20181229173739","is_ascension_mode":false,"campfire_choices":[{"floor":11,"key":"RECALL"},{"floor":15,"key":"REST"},{"floor":25,"key":"REST"},{"floor":27,"key":"REST"},{"floor":32,"key":"REST"},{"floor":40,"key":"REST"},{"floor":42,"key":"REST"},{"data":"Rupture","floor":45,"key":"SMITH"},{"floor":49,"key":"REST"}],"neow_cost":"TEN_PERCENT_HP_LOSS","seed_source_timestamp":530128617470858,"circlet_count":0,"master_deck":["Bash+1","Shockwave+1","Iron Wave+1","Dropkick+1","Carnage+1","Headbutt+1","Demon Form+1","Clash+1","Juggernaut+1","Clothesline+1","Whirlwind+1","Combust+1","Barricade+1","Cleave+1","Flame Barrier+1","Shrug It Off+1","Shrug It Off+1","Rupture+1","Entrench+1","Seeing Red+1","Berserk+1","Rupture+1","Sadistic Nature+1","Rage+1","Body Slam"],"relics":["Black Blood","Mummified Hand","Singing Bowl","Pandora\u0027s Box","Self Forming Clay","Champion Belt","Matryoshka","Magic Flower","Oddly Smooth Stone","Pen Nib","Ancient Tea Set","Pear","Mark of the Bloom","Blood Vial"],"potions_floor_usage":[7,10,10,24,24,31,31,31,36,39,50,50],"damage_taken":[{"damage":11,"enemies":"Cultist","floor":1,"turns":5},{"damage":0,"enemies":"Small Slimes","floor":3,"turns":5},{"damage":0,"enemies":"2 Louse","floor":4,"turns":3},{"damage":5,"enemies":"Exordium Wildlife","floor":6,"turns":4},{"damage":8,"enemies":"Exordium Thugs","floor":7,"turns":4},{"damage":7,"enemies":"Blue Slaver","floor":8,"turns":3},{"damage":22,"enemies":"Lagavulin","floor":10,"turns":5},{"damage":23,"enemies":"Lots of Slimes","floor":14,"turns":5},{"damage":38,"enemies":"Hexaghost","floor":16,"turns":7},{"damage":10,"enemies":"Chosen","floor":18,"turns":3},{"damage":20,"enemies":"2 Thieves","floor":19,"turns":4},{"damage":39,"enemies":"Book of Stabbing","floor":23,"turns":6},{"damage":17,"enemies":"Snake Plant","floor":24,"turns":5},{"damage":10,"enemies":"Sentry and Sphere","floor":29,"turns":5},{"damage":42,"enemies":"Slavers","floor":30,"turns":5},{"damage":4,"enemies":"3 Cultists","floor":31,"turns":5},{"damage":9,"enemies":"Champ","floor":33,"turns":10},{"damage":7,"enemies":"Orb Walker","floor":35,"turns":3},{"damage":80,"enemies":"2 Orb Walkers","floor":36,"turns":5},{"damage":0,"enemies":"3 Darklings","floor":39,"turns":1},{"damage":7,"enemies":"Writhing Mass","floor":41,"turns":11},{"damage":19,"enemies":"4 Shapes","floor":44,"turns":7},{"damage":20,"enemies":"Spire Growth","floor":47,"turns":3},{"damage":84,"enemies":"Donu and Deca","floor":50,"turns":7}],"seed_played":"-4165101569009988265","potions_obtained":[{"floor":1,"key":"EssenceOfSteel"},{"floor":3,"key":"Dexterity Potion"},{"floor":8,"key":"Fire Potion"},{"floor":14,"key":"SteroidPotion"},{"floor":16,"key":"Swift Potion"},{"floor":23,"key":"Weak Potion"},{"floor":24,"key":"LiquidBronze"},{"floor":29,"key":"Energy Potion"},{"floor":31,"key":"SmokeBomb"},{"floor":33,"key":"Block Potion"},{"floor":41,"key":"Ancient Potion"},{"floor":47,"key":"Strength Potion"}],"is_trial":false,"path_per_floor":["M","$","M","M","?","M","M","M","T","E","R","?","?","M","R","B",null,"M","M","?","$","?","E","M","R","T","R","$","M","E","M","R","B",null,"M","?","T","$","M","R","M","R","T","M","R","?","M","?","R","B"],"character_chosen":"IRONCLAD","items_purchased":["Dropkick","Shrug It Off","Self Forming Clay","Sadistic Nature","Rage"],"campfire_rested":7,"item_purchase_floors":[2,21,21,38,38],"current_hp_per_floor":[67,67,72,72,72,72,70,69,69,55,55,44,44,29,51,19,76,74,62,80,80,80,47,36,60,60,80,80,78,44,46,71,68,84,84,16,16,16,31,56,66,88,98,96,96,96,76,76,76,0],"gold":35,"neow_bonus":"TRANSFORM_TWO_CARDS","is_prod":false,"is_daily":false,"chose_seed":false,"campfire_upgraded":1,"win_rate":0,"timestamp":1546083459,"path_taken":["M","?","M","M","?","M","M","?","T","E","R","?","?","M","R","BOSS","M","M","?","?","?","E","?","R","T","R","?","M","E","M","R","BOSS","M","?","?","$","?","R","M","R","T","M","R","?","M","?","R","BOSS"],"build_version":"2018-12-20","purchased_purges":1,"victory":false,"max_hp_per_floor":[72,72,72,72,72,72,72,72,72,74,74,74,74,76,76,76,76,78,80,80,80,80,80,80,80,80,80,80,82,84,84,84,84,84,84,86,86,86,86,86,88,88,98,100,100,100,100,100,100,100],"card_choices":[{"not_picked":["Shrug It Off","Havoc"],"picked":"Iron Wave","floor":1},{"not_picked":["Thunderclap","Bloodletting"],"picked":"Carnage","floor":3},{"not_picked":["Bloodletting","Thunderclap","Power Through"],"picked":"SKIP","floor":4},{"not_picked":["Sword Boomerang","Heavy Blade"],"picked":"Headbutt","floor":6},{"not_picked":["Wild Strike","Power Through"],"picked":"Demon Form","floor":7},{"not_picked":["Disarm","Armaments"],"picked":"Clash","floor":8},{"not_picked":["Armaments","Thunderclap","Havoc"],"picked":"Singing Bowl","floor":10},{"not_picked":["Anger","Fire Breathing","Shockwave"],"picked":"Singing Bowl","floor":14},{"not_picked":["Fiend Fire","Offering"],"picked":"Juggernaut","floor":16},{"not_picked":["Uppercut","Clothesline","Heavy Blade"],"picked":"Singing Bowl","floor":18},{"not_picked":["Inflame","Perfected Strike","Thunderclap+1"],"picked":"Singing Bowl","floor":19},{"not_picked":["Berserk","Impervious"],"picked":"Rupture+1","floor":23},{"not_picked":["Shrug It Off","True Grit"],"picked":"Entrench+1","floor":24},{"not_picked":["Whirlwind","Anger","Corruption"],"picked":"Singing Bowl","floor":29},{"not_picked":["Battle Trance","Dual Wield","Rupture"],"picked":"Singing Bowl","floor":30},{"not_picked":["Headbutt","Heavy Blade"],"picked":"Seeing Red+1","floor":31},{"not_picked":["Double Tap","Demon Form"],"picked":"Berserk","floor":33},{"not_picked":["Perfected Strike+1","Sever Soul"],"picked":"Rupture","floor":35},{"not_picked":["Wild Strike","Anger","Iron Wave"],"picked":"Singing Bowl","floor":36},{"not_picked":["Anger","Heavy Blade","Perfected Strike"],"picked":"Singing Bowl","floor":41},{"not_picked":["Uppercut","Sword Boomerang","Rage"],"picked":"Singing Bowl","floor":44},{"not_picked":["Entrench","Reckless Charge+1"],"picked":"Body Slam","floor":47}],"player_experience":448221,"relics_obtained":[{"floor":9,"key":"Mummified Hand"},{"floor":10,"key":"Singing Bowl"},{"floor":23,"key":"Champion Belt"},{"floor":30,"key":"Matryoshka"},{"floor":36,"key":"Magic Flower"},{"floor":37,"key":"Oddly Smooth Stone"},{"floor":37,"key":"Pen Nib"},{"floor":43,"key":"Ancient Tea Set"},{"floor":43,"key":"Pear"}],"event_choices":[{"cards_removed":["Corruption"],"damage_healed":0,"gold_gain":0,"player_choice":"Offered Uncommon","damage_taken":0,"max_hp_gain":0,"max_hp_loss":0,"event_name":"Bonfire Elementals","floor":5,"gold_loss":0},{"damage_healed":0,"gold_gain":75,"player_choice":"Gather Gold","damage_taken":11,"max_hp_gain":0,"max_hp_loss":0,"event_name":"World of Goop","floor":12,"gold_loss":0},{"damage_healed":0,"gold_gain":0,"player_choice":"Grow","damage_taken":0,"max_hp_gain":0,"max_hp_loss":0,"event_name":"Living Wall","floor":13,"gold_loss":0,"cards_upgraded":["Bash"]},{"damage_healed":26,"gold_gain":0,"player_choice":"Heal","damage_taken":0,"max_hp_gain":0,"max_hp_loss":0,"event_name":"The Library","floor":20,"gold_loss":0},{"damage_healed":0,"gold_gain":0,"player_choice":"Copied","damage_taken":0,"max_hp_gain":0,"max_hp_loss":0,"event_name":"Duplicator","floor":22,"gold_loss":0,"cards_obtained":["Shrug It Off"]},{"damage_healed":0,"gold_gain":0,"player_choice":"Fight","damage_taken":0,"max_hp_gain":0,"max_hp_loss":0,"event_name":"Mysterious Sphere","floor":36,"gold_loss":0},{"damage_healed":0,"gold_gain":0,"player_choice":"Upgrade","damage_taken":0,"relics_obtained":["Mark of the Bloom"],"max_hp_gain":0,"max_hp_loss":0,"event_name":"MindBloom","floor":46,"gold_loss":0,"cards_upgraded":["Shockwave","Iron Wave","Dropkick","Carnage","Headbutt","Demon Form","Clash","Juggernaut","Clothesline","Whirlwind","Combust","Barricade","Cleave","Flame Barrier","Shrug It Off","Shrug It Off","Berserk","Sadistic Nature","Rage"]},{"damage_healed":0,"gold_gain":0,"player_choice":"Paid Gold","damage_taken":0,"relics_obtained":["Blood Vial"],"max_hp_gain":0,"max_hp_loss":0,"event_name":"WeMeetAgain","floor":48,"gold_loss":99}],"is_beta":false,"boss_relics":[{"not_picked":["Coffee Dripper","White Beast Statue"],"picked":"Pandora\u0027s Box"},{"not_picked":["Runic Pyramid","Tiny House"],"picked":"Black Blood"}],"items_purged_floors":[21],"is_endless":false,"potions_floor_spawned":[1,3,8,14,16,23,24,29,31,33,41,47],"killed_by":"Donu and Deca","ascension_level":0}