{"gold_per_floor":[130,142,170,182,174,219,249,261,296,322,334,419,159,195,195,318,318,333,19,19,32,57,88,103,103,181,181,201,234,234,258,258,389,389,413,413,473,260,260,260,285,285,285,285,323,323],"floor_reached":46,"playtime":1556,"items_purged":["Strike_R","Strike_R"],"score":855,"play_id":"877fa6ee-58de-456b-a2cb-d40b762b09fd","local_time":"20190705215538","is_ascension_mode":true,"campfire_choices":[{"floor":8,"key":"REST"},{"data":"Battle Trance","floor":11,"key":"SMITH"},{"floor":15,"key":"REST"},{"data":"True Grit","floor":25,"key":"SMITH"},{"data":"Demon Form","floor":27,"key":"SMITH"},{"data":"Heavy Blade","floor":30,"key":"SMITH"},{"data":"Feel No Pain","floor":32,"key":"SMITH"},{"data":"Limit Break","floor":40,"key":"SMITH"},{"data":"Inflame","floor":44,"key":"SMITH"}],"neow_cost":"NONE","seed_source_timestamp":314252821773367,"circlet_count":0,"master_deck":["AscendersBane","Strike_R","Strike_R","Strike_R+1","Defend_R","Defend_R","Defend_R","Bash+1","Battle Trance+1","Clothesline+1","Battle Trance","Anger","True Grit+1","Demon Form+1","Corruption","Shockwave","Sword Boomerang","Whirlwind","Feel No Pain+1","Heavy Blade+1","Demon Form","Limit Break+1","Inflame+1","Apotheosis","Writhe","Shrug It Off","Pain","Inflame"],"relics":["Burning Blood","MawBank","Golden Idol","Bag of Marbles","Whetstone","Smiling Mask","Lantern","Oddly Smooth Stone","Snecko Eye","Self Forming Clay","Ice Cream","Kunai","Bottled Flame","Runic Pyramid","Incense Burner","WarpedTongs","Orichalcum"],"potions_floor_usage":[6,37],"damage_taken":[{"damage":4,"enemies":"2 Louse","floor":1,"turns":3},{"damage":8,"enemies":"Jaw Worm","floor":3,"turns":4},{"damage":46,"enemies":"Lagavulin","floor":6,"turns":7},{"damage":4,"enemies":"Small Slimes","floor":7,"turns":3},{"damage":9,"enemies":"Red Slaver","floor":10,"turns":4},{"damage":18,"enemies":"Gremlin Nob","floor":12,"turns":4},{"damage":22,"enemies":"3 Sentries","floor":14,"turns":7},{"damage":8,"enemies":"Hexaghost","floor":16,"turns":7},{"damage":14,"enemies":"Shell Parasite","floor":18,"turns":3},{"damage":0,"enemies":"Spheric Guardian","floor":21,"turns":3},{"damage":0,"enemies":"Chosen and Byrds","floor":22,"turns":4},{"damage":34,"enemies":"Slavers","floor":23,"turns":5},{"damage":4,"enemies":"Cultist and Chosen","floor":24,"turns":3},{"damage":0,"enemies":"Centurion and Healer","floor":28,"turns":4},{"damage":8,"enemies":"Book of Stabbing","floor":29,"turns":4},{"damage":0,"enemies":"Snecko","floor":31,"turns":3},{"damage":39,"enemies":"Collector","floor":33,"turns":5},{"damage":19,"enemies":"3 Shapes","floor":35,"turns":5},{"damage":24,"enemies":"2 Orb Walkers","floor":37,"turns":4},{"damage":17,"enemies":"Orb Walker","floor":41,"turns":4},{"damage":28,"enemies":"Nemesis","floor":45,"turns":7},{"damage":31,"enemies":"Spire Growth","floor":46,"turns":4}],"seed_played":"3850360352975918681","potions_obtained":[{"floor":1,"key":"Ancient Potion"},{"floor":5,"key":"SkillPotion"},{"floor":6,"key":"SpeedPotion"},{"floor":16,"key":"EssenceOfSteel"},{"floor":37,"key":"Energy Potion"}],"is_trial":false,"path_per_floor":["M","?","M","?","?","E","M","R","T","M","R","?","$","E","R","B",null,"M","$","?","M","M","E","M","R","T","R","M","E","R","M","R","B",null,"M","?","?","$","?","R","M","?","T","R","E","M"],"character_chosen":"IRONCLAD","items_purchased":["Anger","True Grit","Lantern","Self Forming Clay","Corruption","Apotheosis"],"campfire_rested":2,"item_purchase_floors":[13,13,13,19,19,38],"current_hp_per_floor":[74,74,72,52,52,12,14,38,38,35,35,23,23,7,31,29,67,59,59,90,90,90,62,64,64,64,64,70,68,68,74,74,41,78,65,65,47,47,70,70,59,59,59,59,37,6],"gold":323,"neow_bonus":"RANDOM_COMMON_RELIC","is_prod":false,"is_daily":false,"chose_seed":false,"campfire_upgraded":7,"win_rate":0,"timestamp":1562378138,"path_taken":["M","?","M","?","?","E","M","R","T","?","R","?","$","E","R","BOSS","M","$","?","?","M","E","M","R","T","R","M","E","R","M","R","BOSS","M","?","?","$","?","R","M","?","T","R","E","?"],"build_version":"2019-07-05","purchased_purges":2,"victory":false,"max_hp_per_floor":[80,80,80,80,80,80,80,80,80,80,80,80,80,80,80,80,80,80,80,90,90,90,90,90,90,90,90,90,90,90,90,90,90,90,90,90,90,90,90,90,90,90,90,90,90,90],"card_choices":[{"not_picked":["Dual Wield","Warcry"],"picked":"Battle Trance","floor":1},{"not_picked":["Power Through","Heavy Blade"],"picked":"Clothesline","floor":3},{"not_picked":["Clothesline","Cleave","Sentinel"],"picked":"SKIP","floor":6},{"not_picked":["Flex","Battle Trance","Sever Soul"],"picked":"SKIP","floor":7},{"not_picked":["Body Slam","Perfected Strike"],"picked":"Battle Trance","floor":10},{"not_picked":["Reckless Charge","Clash"],"picked":"Demon Form","floor":14},{"not_picked":["Demon Form","Barricade"],"picked":"Berserk","floor":16},{"not_picked":["Twin Strike","Warcry","Iron Wave"],"picked":"SKIP","floor":18},{"not_picked":["Entrench","Metallicize"],"picked":"Shockwave","floor":21},{"not_picked":["Intimidate","Second Wind"],"picked":"Sword Boomerang","floor":22},{"not_picked":["Headbutt","Rage"],"picked":"Whirlwind","floor":23},{"not_picked":["True Grit","Rampage"],"picked":"Feel No Pain","floor":24},{"not_picked":["Shrug It Off","Perfected Strike"],"picked":"Heavy Blade","floor":28},{"not_picked":["Pommel Strike","Wild Strike","Iron Wave"],"picked":"SKIP","floor":29},{"not_picked":["Flex","Armaments+1"],"picked":"Demon Form","floor":31},{"not_picked":["Fiend Fire","Berserk"],"picked":"Limit Break","floor":33},{"not_picked":["Armaments","Warcry+1","Perfected Strike"],"picked":"SKIP","floor":35},{"not_picked":["Blood for Blood","Wild Strike"],"picked":"Inflame","floor":37},{"not_picked":["Pummel","Barricade"],"picked":"Shrug It Off","floor":41},{"not_picked":["Rampage","Cleave"],"picked":"Inflame","floor":45}],"player_experience":656249,"relics_obtained":[{"floor":6,"key":"Bag of Marbles"},{"floor":9,"key":"Whetstone"},{"floor":12,"key":"Smiling Mask"},{"floor":14,"key":"Oddly Smooth Stone"},{"floor":23,"key":"Ice Cream"},{"floor":26,"key":"Kunai"},{"floor":29,"key":"Bottled Flame"},{"floor":37,"key":"Incense Burner"},{"floor":45,"key":"Orichalcum"}],"event_choices":[{"damage_healed":0,"gold_gain":0,"player_choice":"Grow","damage_taken":0,"max_hp_gain":0,"max_hp_loss":0,"event_name":"Living Wall","floor":2,"gold_loss":0,"cards_upgraded":["Bash"]},{"damage_healed":0,"gold_gain":0,"player_choice":"Take Damage","damage_taken":20,"relics_obtained":["Golden Idol"],"max_hp_gain":0,"max_hp_loss":0,"event_name":"Golden Idol","floor":4,"gold_loss":0},{"damage_healed":0,"gold_gain":0,"player_choice":"Bought 1 Potion","damage_taken":0,"max_hp_gain":0,"max_hp_loss":0,"event_name":"The Woman in Blue","floor":5,"gold_loss":0},{"damage_healed":0,"gold_gain":0,"player_choice":"Searched \u00271\u0027 times","damage_taken":0,"max_hp_gain":0,"max_hp_loss":0,"event_name":"Dead Adventurer","floor":12,"gold_loss":0},{"cards_removed":["Berserk"],"damage_healed":21,"gold_gain":0,"player_choice":"Offered Rare","damage_taken":0,"max_hp_gain":10,"max_hp_loss":0,"event_name":"Bonfire Elementals","floor":20,"gold_loss":0},{"cards_removed":["Defend_R"],"damage_healed":0,"gold_gain":0,"player_choice":"Removed Skill","damage_taken":0,"max_hp_gain":0,"max_hp_loss":0,"event_name":"Falling","floor":36,"gold_loss":0},{"damage_healed":0,"gold_gain":0,"player_choice":"Fight","damage_taken":0,"max_hp_gain":0,"max_hp_loss":0,"event_name":"Mysterious Sphere","floor":37,"gold_loss":0},{"damage_healed":23,"gold_gain":0,"player_choice":"Writhe","damage_taken":0,"max_hp_gain":0,"max_hp_loss":0,"event_name":"Winding Halls","floor":39,"gold_loss":0,"cards_obtained":["Writhe"]},{"damage_healed":0,"gold_gain":0,"player_choice":"Rummage","damage_taken":0,"relics_obtained":["WarpedTongs"],"max_hp_gain":0,"max_hp_loss":0,"event_name":"Accursed Blacksmith","floor":42,"gold_loss":0,"cards_obtained":["Pain"]}],"is_beta":false,"boss_relics":[{"not_picked":["Coffee Dripper","Lizard Tail"],"picked":"Snecko Eye"},{"not_picked":["Pandora\u0027s Box","Velvet Choker"],"picked":"Runic Pyramid"}],"items_purged_floors":[13,38],"is_endless":false,"potions_floor_spawned":[1,6,7,10,16,18,22,24,28,33,35,37,41],"killed_by":"Spire Growth","ascension_level":12}