{"gold_per_floor":[114,79,93,18,29,29,56,56,125,137,137,212,245,264,264,337,337,347,16,16,29,40,40,73,73,120,146,46,62,62,78,78,150,150,167,185,238,255,305,338,348,360,360,393,187,187,217,317,317,317,317,317,317,108,139,139],"floor_reached":57,"playtime":4215,"items_purged":["Defend_R","Strike_R","Strike_R"],"score":3030,"play_id":"Baalorlord-9f751ad4","local_time":"20190711180642","is_ascension_mode":true,"campfire_choices":[{"data":"Whirlwind","floor":6,"key":"SMITH"},{"data":"Pommel Strike","floor":8,"key":"SMITH"},{"data":"Bash","floor":11,"key":"SMITH"},{"data":"Demon Form","floor":15,"key":"SMITH"},{"data":"Armaments","floor":23,"key":"SMITH"},{"data":"Corruption","floor":25,"key":"SMITH"},{"data":"Shockwave","floor":30,"key":"SMITH"},{"data":"Sword Boomerang","floor":32,"key":"SMITH"},{"floor":46,"key":"RECALL"},{"data":"Offering","floor":49,"key":"SMITH"},{"data":"Dual Wield","floor":53,"key":"SMITH"}],"neow_cost":"PERCENT_DAMAGE","seed_source_timestamp":289649389751600,"circlet_count":0,"master_deck":["AscendersBane","Strike_R","Strike_R","Strike_R","Defend_R","Defend_R","Defend_R","Bash+1","Pommel Strike+1","Power Through","Whirlwind+1","Anger","True Grit","Clothesline","Demon Form+1","Impervious","Spot Weakness+1","Shockwave+1","Armaments+1","Corruption+1","Dropkick+1","Dark Embrace","Seeing Red","Sentinel","Sword Boomerang+1","Offering+1","Flame Barrier+1","Dual Wield+1","Shrug It Off","Impervious","Dark Embrace+1","Second Wind","Feel No Pain+1","Demon Form+1","Offering+1"],"relics":["Burning Blood","Thread and Needle","Red Skull","Pear","Mercury Hourglass","Runic Pyramid","Chemical X","Frozen Egg 2","PreservedInsect","Mummified Hand","Sozu","Gambling Chip","Bird Faced Urn","War Paint","Happy Flower","Ginger","DollysMirror","Torii"],"potions_floor_usage":[7,18,24,27,55,56],"damage_taken":[{"damage":0,"enemies":"2 Louse","floor":1,"turns":3},{"damage":3,"enemies":"Small Slimes","floor":3,"turns":4},{"damage":3,"enemies":"Jaw Worm","floor":5,"turns":4},{"damage":14,"enemies":"Gremlin Nob","floor":7,"turns":4},{"damage":2,"enemies":"Looter","floor":10,"turns":3},{"damage":14,"enemies":"3 Sentries","floor":13,"turns":5},{"damage":5,"enemies":"Lots of Slimes","floor":14,"turns":3},{"damage":34,"enemies":"Slime Boss","floor":16,"turns":8},{"damage":28,"enemies":"3 Byrds","floor":18,"turns":5},{"damage":12,"enemies":"2 Thieves","floor":21,"turns":3},{"damage":0,"enemies":"Snecko","floor":22,"turns":4},{"damage":17,"enemies":"Gremlin Leader","floor":24,"turns":6},{"damage":7,"enemies":"Book of Stabbing","floor":27,"turns":3},{"damage":0,"enemies":"Shelled Parasite and Fungi","floor":29,"turns":2},{"damage":0,"enemies":"Snake Plant","floor":31,"turns":4},{"damage":29,"enemies":"Automaton","floor":33,"turns":6},{"damage":0,"enemies":"Orb Walker","floor":35,"turns":3},{"damage":3,"enemies":"3 Shapes","floor":36,"turns":8},{"damage":6,"enemies":"2 Orb Walkers","floor":37,"turns":3},{"damage":6,"enemies":"Transient","floor":38,"turns":6},{"damage":6,"enemies":"Reptomancer","floor":40,"turns":2},{"damage":0,"enemies":"3 Darklings","floor":41,"turns":2},{"damage":0,"enemies":"Maw","floor":42,"turns":4},{"damage":6,"enemies":"Nemesis","floor":44,"turns":5},{"damage":0,"enemies":"Reptomancer","floor":47,"turns":3},{"damage":6,"enemies":"Mind Bloom Boss Battle","floor":48,"turns":3},{"damage":7,"enemies":"Awakened One","floor":50,"turns":6},{"damage":6,"enemies":"Donu and Deca","floor":51,"turns":4},{"damage":34,"enemies":"Shield and Spear","floor":55,"turns":3},{"damage":46,"enemies":"The Heart","floor":56,"turns":7}],"seed_played":"-8259223811413746710","potions_obtained":[{"floor":3,"key":"FearPotion"},{"floor":5,"key":"SkillPotion"},{"floor":10,"key":"Ancient Potion"},{"floor":21,"key":"FearPotion"},{"floor":22,"key":"AttackPotion"},{"floor":24,"key":"GamblersBrew"},{"floor":27,"key":"Weak Potion"},{"floor":33,"key":"Block Potion"}],"is_trial":false,"path_per_floor":["M","?","M","$","M","R","E","R","T","M","R","?","E","M","R","B",null,"M","$","?","M","M","R","E","R","T","E","$","M","R","M","R","B",null,"M","M","?","M","?","E","M","M","T","E","$","R","E","?","R","B","B",null,"R","$","E","B",null],"character_chosen":"IRONCLAD","items_purchased":["Chemical X","Shockwave","Armaments","Feel No Pain+1","DollysMirror"],"campfire_rested":0,"item_purchase_floors":[19,19,19,45,54],"current_hp_per_floor":[56,74,75,75,75,75,67,67,77,81,81,70,62,63,63,35,73,51,51,51,45,51,51,40,40,40,39,39,45,45,51,51,28,71,77,80,80,80,80,80,85,85,85,85,85,85,85,85,85,85,85,85,85,85,61,37],"gold":139,"neow_bonus":"ONE_RARE_RELIC","is_prod":false,"is_daily":false,"chose_seed":false,"campfire_upgraded":10,"win_rate":0,"timestamp":1562882802,"path_taken":["M","?","M","$","M","R","E","R","T","M","R","?","E","M","R","BOSS","M","$","?","M","M","R","E","R","T","E","$","M","R","M","R","BOSS","M","M","?","M","?","E","?","?","T","E","?","R","E","?","R","BOSS","BOSS","R","$","E","BOSS"],"build_version":"2019-07-05","purchased_purges":3,"victory":true,"max_hp_per_floor":[75,75,75,75,75,75,75,75,85,85,85,85,85,85,85,85,85,85,85,85,85,85,85,85,85,85,85,85,85,85,85,85,85,85,85,85,85,85,85,85,85,85,85,85,85,85,85,85,85,85,85,85,85,85,85,85],"card_choices":[{"not_picked":["Thunderclap","Sentinel"],"picked":"Pommel Strike","floor":1},{"not_picked":["Wild Strike","Entrench"],"picked":"Power Through","floor":3},{"not_picked":["Pommel Strike","Battle Trance"],"picked":"Whirlwind","floor":5},{"not_picked":["Thunderclap","Cleave"],"picked":"Anger","floor":7},{"not_picked":["Thunderclap","Iron Wave"],"picked":"True Grit","floor":10},{"not_picked":["Corruption","Anger"],"picked":"Clothesline","floor":13},{"not_picked":["Armaments","Clash"],"picked":"Demon Form","floor":14},{"not_picked":["Demon Form","Fiend Fire"],"picked":"Impervious","floor":16},{"not_picked":["Clash","Perfected Strike"],"picked":"Spot Weakness","floor":18},{"not_picked":["Seeing Red","Thunderclap"],"picked":"Dropkick+1","floor":21},{"not_picked":["Uppercut","Heavy Blade"],"picked":"Dark Embrace","floor":22},{"not_picked":["Iron Wave","Clothesline+1"],"picked":"Seeing Red","floor":24},{"not_picked":["Cleave+1","Carnage","Spot Weakness"],"picked":"SKIP","floor":27},{"not_picked":["Armaments","Rage"],"picked":"Sentinel","floor":29},{"not_picked":["Clash","Intimidate"],"picked":"Sword Boomerang","floor":31},{"not_picked":["Double Tap","Limit Break"],"picked":"Offering","floor":33},{"not_picked":["Sword Boomerang","Headbutt"],"picked":"Flame Barrier","floor":35},{"not_picked":["Flex","Cleave","Berserk+1"],"picked":"SKIP","floor":36},{"not_picked":["Thunderclap","Power Through"],"picked":"Dual Wield","floor":37},{"not_picked":["Carnage+1","Anger"],"picked":"Shrug It Off","floor":38},{"not_picked":["Clothesline+1","Body Slam"],"picked":"Impervious","floor":40},{"not_picked":["Clothesline","Havoc","Anger"],"picked":"SKIP","floor":41},{"not_picked":["Clothesline","Havoc","Anger"],"picked":"SKIP","floor":41},{"not_picked":["Wild Strike","Body Slam"],"picked":"Dark Embrace+1","floor":42},{"not_picked":["Infernal Blade+1","Sword Boomerang"],"picked":"Second Wind","floor":44},{"not_picked":["True Grit+1","Cleave"],"picked":"Demon Form+1","floor":47},{"not_picked":["Immolate","Sentinel+1","Flex+1"],"picked":"SKIP","floor":55}],"player_experience":2247692,"relics_obtained":[{"floor":7,"key":"Red Skull"},{"floor":9,"key":"Pear"},{"floor":13,"key":"Mercury Hourglass"},{"floor":24,"key":"Frozen Egg 2"},{"floor":26,"key":"PreservedInsect"},{"floor":27,"key":"Mummified Hand"},{"floor":37,"key":"Gambling Chip"},{"floor":40,"key":"Bird Faced Urn"},{"floor":44,"key":"War Paint"},{"floor":47,"key":"Happy Flower"},{"floor":48,"key":"Ginger"},{"floor":55,"key":"Torii"}],"event_choices":[{"damage_healed":18,"gold_gain":0,"player_choice":"Healed","damage_taken":0,"max_hp_gain":0,"max_hp_loss":0,"event_name":"The Cleric","floor":2,"gold_loss":35},{"damage_healed":0,"gold_gain":75,"player_choice":"Gather Gold","damage_taken":11,"max_hp_gain":0,"max_hp_loss":0,"event_name":"World of Goop","floor":12,"gold_loss":0},{"damage_healed":0,"gold_gain":0,"player_choice":"Read","damage_taken":0,"max_hp_gain":0,"max_hp_loss":0,"event_name":"The Library","floor":20,"gold_loss":0,"cards_obtained":["Corruption"]},{"damage_healed":0,"gold_gain":0,"player_choice":"Fight","damage_taken":0,"max_hp_gain":0,"max_hp_loss":0,"event_name":"Mysterious Sphere","floor":37,"gold_loss":0},{"damage_healed":0,"gold_gain":50,"player_choice":"Pray","damage_taken":0,"max_hp_gain":0,"max_hp_loss":0,"event_name":"Golden Shrine","floor":39,"gold_loss":0},{"damage_healed":0,"gold_gain":0,"player_choice":"Fight","damage_taken":0,"max_hp_gain":0,"max_hp_loss":0,"event_name":"MindBloom","floor":48,"gold_loss":0}],"is_beta":false,"boss_relics":[{"not_picked":["Empty Cage","Eternal Feather"],"picked":"Runic Pyramid"},{"not_picked":["Black Blood","Philosopher\u0027s Stone"],"picked":"Sozu"}],"items_purged_floors":[4,28,45],"is_endless":false,"potions_floor_spawned":[3,5,10,21,22,24,27,33,36,40,47,48],"ascension_level":20}