{"gold_per_floor":[110,127,52,52,64,96,96,74,74,86,103,103,117,117,117,212,212,227,240,104,104,29,29,29],"floor_reached":24,"playtime":1001,"items_purged":["Defend_G","Defend_G"],"score":241,"play_id":"98eb5405-cde0-4028-853b-4e236959322f","local_time":"20190727190306","is_ascension_mode":true,"campfire_choices":[{"floor":7,"key":"REST"},{"floor":12,"key":"REST"},{"floor":15,"key":"REST"},{"data":"Poisoned Stab","floor":23,"key":"SMITH"}],"neow_cost":"NONE","seed_source_timestamp":204467147831282,"circlet_count":0,"master_deck":["Strike_G","Strike_G","Strike_G","Defend_G","Defend_G","Defend_G","Survivor","Neutralize","Poisoned Stab","Underhanded Strike","Cloak And Dagger","Poisoned Stab+1","Footwork","Backstab","Noxious Fumes","Bullet Time","Dagger Throw+1","Accuracy","Footwork","Ghostly","Ghostly","Ghostly","Ghostly","Ghostly"],"relics":["Ring of the Snake","NeowsBlessing","Blue Candle","Ancient Tea Set","Black Star"],"potions_floor_usage":[16],"damage_taken":[{"damage":0,"enemies":"2 Louse","floor":1,"turns":1},{"damage":0,"enemies":"Cultist","floor":2,"turns":1},{"damage":0,"enemies":"Jaw Worm","floor":5,"turns":1},{"damage":48,"enemies":"Lagavulin","floor":6,"turns":9},{"damage":4,"enemies":"3 Louse","floor":10,"turns":4},{"damage":34,"enemies":"Exordium Thugs","floor":11,"turns":6},{"damage":1,"enemies":"Blue Slaver","floor":13,"turns":3},{"damage":36,"enemies":"The Guardian","floor":16,"turns":9},{"damage":20,"enemies":"Chosen","floor":18,"turns":7},{"damage":27,"enemies":"Shell Parasite","floor":19,"turns":7},{"damage":36,"enemies":"Shelled Parasite and Fungi","floor":24,"turns":5}],"seed_played":"56379371393368407","potions_obtained":[{"floor":2,"key":"FearPotion"},{"floor":6,"key":"AttackPotion"},{"floor":11,"key":"SteroidPotion"},{"floor":18,"key":"Ancient Potion"}],"is_trial":false,"path_per_floor":["M","M","$","?","M","E","R","$","T","M","M","R","M","?","R","B",null,"M","M","$","?","?","R","M"],"character_chosen":"THE_SILENT","items_purchased":["Poisoned Stab","Footwork"],"campfire_rested":3,"item_purchase_floors":[8,20],"current_hp_per_floor":[70,70,70,70,70,22,43,43,43,39,5,26,25,48,69,33,70,50,23,23,23,23,23,0],"gold":29,"neow_bonus":"THREE_ENEMY_KILL","is_prod":false,"is_daily":false,"chose_seed":false,"campfire_upgraded":1,"win_rate":0,"timestamp":1564279386,"path_taken":["M","M","$","?","M","E","R","$","T","M","M","R","?","?","R","BOSS","M","M","$","?","?","R","M"],"build_version":"2019-07-17","purchased_purges":2,"victory":false,"max_hp_per_floor":[70,70,70,70,70,70,70,70,70,70,70,70,70,70,70,70,70,70,70,70,35,35,35,35],"card_choices":[{"not_picked":["Underhanded Strike","Endless Agony"],"picked":"Poisoned Stab","floor":1},{"not_picked":["PiercingWail","Tactician"],"picked":"Underhanded Strike","floor":2},{"not_picked":["Dagger Spray","Calculated Gamble"],"picked":"Cloak And Dagger","floor":5},{"not_picked":["Bane","Eviscerate","Slice"],"picked":"SKIP","floor":6},{"not_picked":["Sucker Punch","Dagger Throw"],"picked":"Footwork","floor":10},{"not_picked":["Caltrops","Noxious Fumes"],"picked":"Backstab","floor":11},{"not_picked":["Cloak And Dagger","Outmaneuver"],"picked":"Noxious Fumes","floor":13},{"not_picked":["Die Die Die","Malaise"],"picked":"Bullet Time","floor":16},{"not_picked":["Escape Plan","Setup+1"],"picked":"Dagger Throw+1","floor":18},{"not_picked":["Slice","Underhanded Strike"],"picked":"Accuracy","floor":19}],"player_experience":240659,"relics_obtained":[{"floor":6,"key":"Blue Candle"},{"floor":9,"key":"Ancient Tea Set"}],"event_choices":[{"cards_removed":["Strike_G"],"damage_healed":0,"gold_gain":0,"player_choice":"Purged","damage_taken":0,"max_hp_gain":0,"max_hp_loss":0,"event_name":"Purifier","floor":4,"gold_loss":0},{"damage_healed":23,"gold_gain":0,"player_choice":"Banana","damage_taken":0,"max_hp_gain":0,"max_hp_loss":0,"event_name":"Big Fish","floor":14,"gold_loss":0},{"damage_healed":0,"gold_gain":0,"player_choice":"Became a Ghost","damage_taken":0,"max_hp_gain":0,"max_hp_loss":35,"event_name":"Ghosts","floor":21,"gold_loss":0,"cards_obtained":["Ghostly","Ghostly","Ghostly","Ghostly","Ghostly"]},{"cards_removed":["Strike_G"],"damage_healed":0,"gold_gain":0,"player_choice":"Gave Gold","damage_taken":0,"max_hp_gain":0,"max_hp_loss":0,"event_name":"Beggar","floor":22,"gold_loss":75}],"is_beta":false,"boss_relics":[{"not_picked":["Fusion Hammer","Busted Crown"],"picked":"Black Star"}],"items_purged_floors":[3,20],"is_endless":false,"potions_floor_spawned":[2,6,11,13,18],"killed_by":"Shelled Parasite and Fungi","ascension_level":2}