{"gold_per_floor":[114,289,301,226,226,253,268,268],"floor_reached":8,"playtime":1069,"items_purged":["Doubt"],"score":87,"play_id":"d813dfa5-1ded-4e1e-a96d-3ee4217cca3c","local_time":"20190804200801","is_ascension_mode":true,"campfire_choices":[],"neow_cost":"NONE","seed_source_timestamp":0,"circlet_count":0,"master_deck":["AscendersBane","Strike_G","Strike_G","Strike_G","Strike_G","Strike_G","Defend_G","Defend_G","Defend_G","Defend_G","Defend_G","Survivor","Neutralize","Masterful Stab","Dagger Throw","Tactician","Well Laid Plans"],"special_seed":0,"relics":["Black Star","FaceOfCleric","Blood Vial","Ancient Tea Set"],"potions_floor_usage":[6,6],"damage_taken":[{"damage":0.0,"enemies":"2 Louse","floor":1.0,"turns":4.0},{"damage":4.0,"enemies":"Jaw Worm","floor":3.0,"turns":6.0},{"damage":31,"enemies":"Lagavulin","floor":6,"turns":10},{"damage":6,"enemies":"Cultist","floor":7,"turns":4},{"damage":43,"enemies":"Gremlin Nob","floor":8,"turns":5}],"seed_played":"-2549260265769582338","potions_obtained":[{"floor":1.0,"key":"Energy Potion"},{"floor":3.0,"key":"Weak Potion"}],"is_trial":false,"path_per_floor":["M","?","M","$","?","E","M","E"],"character_chosen":"THE_SILENT","items_purchased":[],"campfire_rested":0,"item_purchase_floors":[],"current_hp_per_floor":[63,63,59,59,59,29,26,0],"gold":268,"neow_bonus":"BOSS_RELIC","is_prod":false,"is_daily":false,"chose_seed":false,"campfire_upgraded":0,"win_rate":0,"timestamp":1564974481,"path_taken":["M","?","M","$","?","E","M","E"],"build_version":"2019-07-17","purchased_purges":1,"victory":false,"max_hp_per_floor":[70,70,70,70,70,71,72,72],"card_choices":[{"not_picked":["Escape Plan","Flying Knee"],"picked":"Masterful Stab","floor":1.0},{"not_picked":["Masterful Stab","Distraction"],"picked":"Dagger Throw","floor":3.0},{"not_picked":["Sucker Punch","Bane"],"picked":"Tactician","floor":6},{"not_picked":["PiercingWail","Deflect"],"picked":"Well Laid Plans","floor":7}],"player_experience":497868,"relics_obtained":[{"floor":6,"key":"Blood Vial"},{"floor":6,"key":"Ancient Tea Set"}],"event_choices":[{"damage_healed":0.0,"max_hp_gain":0.0,"max_hp_loss":0.0,"gold_gain":175.0,"event_name":"Liars Game","player_choice":"AGREE","floor":2.0,"gold_loss":0.0,"damage_taken":0.0,"cards_obtained":["Doubt"]},{"damage_healed":0,"gold_gain":0,"player_choice":"Trade","damage_taken":0,"relics_obtained":["FaceOfCleric"],"max_hp_gain":0,"max_hp_loss":0,"event_name":"FaceTrader","floor":5,"gold_loss":0}],"is_beta":false,"boss_relics":[],"items_purged_floors":[4],"is_endless":false,"potions_floor_spawned":[1,3],"killed_by":"Gremlin Nob","ascension_level":11}