{"gold_per_floor":[116,126,126,51,65,90,90,103,103,123,123,140,172,187,187,260,260,271,271,24,36,49,78,78,177,202,202,236,255,255,280,280,280],"floor_reached":33,"playtime":1509,"items_purged":["Strike_R","Strike_R"],"score":539,"play_id":"2668d501-ed6f-4d42-8c4e-92d2eadb44c8","local_time":"20190715221102","is_ascension_mode":true,"campfire_choices":[{"data":"Disarm","floor":7,"key":"SMITH"},{"data":"True Grit","floor":11,"key":"SMITH"},{"data":"Clothesline","floor":15,"key":"SMITH"},{"data":"Shockwave","floor":24,"key":"SMITH"},{"data":"Reaper","floor":27,"key":"SMITH"},{"data":"Immolate","floor":30,"key":"SMITH"},{"floor":32,"key":"REST"}],"neow_cost":"NONE","seed_source_timestamp":254562971445113,"circlet_count":0,"master_deck":["AscendersBane","Strike_R","Strike_R","Strike_R","Defend_R","Defend_R","Defend_R","Defend_R","Bash+1","Metallicize","Disarm+1","Metallicize","True Grit+1","Clothesline+1","Immolate","Thunderclap","Immolate+1","Shrug It Off","Shockwave+1","Reaper+1","Havoc+1","Combust","Corruption"],"relics":["Burning Blood","Pantograph","The Courier","Question Card","Sozu","Ancient Tea Set","Orichalcum","Du-Vu Doll","Oddly Smooth Stone"],"potions_floor_usage":[33,33],"damage_taken":[{"damage":7,"enemies":"Jaw Worm","floor":1,"turns":3},{"damage":5,"enemies":"Cultist","floor":2,"turns":4},{"damage":10,"enemies":"2 Louse","floor":5,"turns":4},{"damage":46,"enemies":"Lagavulin","floor":6,"turns":11},{"damage":2,"enemies":"Looter","floor":8,"turns":4},{"damage":4,"enemies":"Blue Slaver","floor":10,"turns":5},{"damage":5,"enemies":"Exordium Wildlife","floor":12,"turns":6},{"damage":20,"enemies":"Gremlin Nob","floor":13,"turns":5},{"damage":7,"enemies":"Red Slaver","floor":14,"turns":4},{"damage":7,"enemies":"The Guardian","floor":16,"turns":15},{"damage":1,"enemies":"Chosen","floor":18,"turns":4},{"damage":5,"enemies":"Shell Parasite","floor":21,"turns":7},{"damage":4,"enemies":"3 Cultists","floor":22,"turns":4},{"damage":35,"enemies":"Book of Stabbing","floor":23,"turns":9},{"damage":14,"enemies":"Slavers","floor":28,"turns":3},{"damage":1,"enemies":"Centurion and Healer","floor":29,"turns":5},{"damage":57,"enemies":"Gremlin Leader","floor":31,"turns":8},{"damage":104,"enemies":"Champ","floor":33,"turns":11}],"seed_played":"3840245904289136108","potions_obtained":[{"floor":1,"key":"Ancient Potion"},{"floor":3,"key":"PowerPotion"},{"floor":10,"key":"BloodPotion"}],"is_trial":false,"path_per_floor":["M","M","?","$","M","E","R","M","T","M","R","M","E","M","R","B",null,"M","?","$","M","M","E","R","?","T","R","E","M","R","E","R","B"],"character_chosen":"IRONCLAD","items_purchased":["Immolate","Shrug It Off"],"campfire_rested":1,"item_purchase_floors":[20,20],"current_hp_per_floor":[67,68,68,68,64,24,24,28,28,30,30,31,17,16,16,40,66,71,71,71,72,74,51,51,51,51,51,53,75,75,37,59,0],"gold":280,"neow_bonus":"UPGRADE_CARD","is_prod":false,"is_daily":false,"chose_seed":false,"campfire_upgraded":6,"win_rate":0,"timestamp":1563243062,"path_taken":["M","M","?","?","M","E","R","M","T","?","R","M","E","M","R","BOSS","M","?","$","M","M","E","R","?","T","R","E","M","R","E","R","BOSS"],"build_version":"2019-07-05","purchased_purges":2,"victory":false,"max_hp_per_floor":[75,75,75,75,75,75,75,75,75,75,75,75,75,75,75,75,75,75,75,75,75,75,75,75,75,75,75,75,75,75,75,75,75],"card_choices":[{"not_picked":["Wild Strike","Warcry"],"picked":"Metallicize","floor":1},{"not_picked":["Thunderclap","Pommel Strike"],"picked":"Disarm","floor":2},{"not_picked":["Perfected Strike","Berserk"],"picked":"Metallicize","floor":5},{"not_picked":["Cleave","Pommel Strike","Warcry"],"picked":"SKIP","floor":6},{"not_picked":["Ghostly Armor","Wild Strike","Armaments"],"picked":"SKIP","floor":8},{"not_picked":["Flex","Ghostly Armor"],"picked":"True Grit","floor":10},{"not_picked":["Warcry","Whirlwind","Rage"],"picked":"SKIP","floor":12},{"not_picked":["Wild Strike","Sword Boomerang"],"picked":"Clothesline","floor":13},{"not_picked":["Havoc","Flex","Sever Soul","Evolve"],"picked":"SKIP","floor":14},{"not_picked":["Reaper","Berserk","Juggernaut"],"picked":"Immolate","floor":16},{"not_picked":["Dual Wield","Rage","Wild Strike"],"picked":"Thunderclap","floor":18},{"not_picked":["Sword Boomerang","Evolve","Clothesline+1"],"picked":"Shockwave","floor":21},{"not_picked":["Pummel+1","Burning Pact","Body Slam"],"picked":"Reaper","floor":22},{"not_picked":["Twin Strike","True Grit","Clash"],"picked":"Havoc+1","floor":23},{"not_picked":["Twin Strike","Body Slam","Barricade"],"picked":"Combust","floor":28},{"not_picked":["Combust","Anger","Clash"],"picked":"Corruption","floor":29},{"not_picked":["Carnage","Iron Wave","Twin Strike","Dropkick"],"picked":"SKIP","floor":31}],"player_experience":695708,"relics_obtained":[{"floor":6,"key":"Pantograph"},{"floor":9,"key":"The Courier"},{"floor":13,"key":"Question Card"},{"floor":23,"key":"Ancient Tea Set"},{"floor":26,"key":"Orichalcum"},{"floor":28,"key":"Du-Vu Doll"},{"floor":31,"key":"Oddly Smooth Stone"}],"event_choices":[{"damage_healed":0,"gold_gain":0,"player_choice":"Got Potions","damage_taken":0,"max_hp_gain":0,"max_hp_loss":0,"event_name":"Lab","floor":3,"gold_loss":0},{"damage_healed":0,"gold_gain":0,"player_choice":"Ignored","damage_taken":0,"max_hp_gain":0,"max_hp_loss":0,"event_name":"Ghosts","floor":19,"gold_loss":0},{"damage_healed":0,"gold_gain":99,"player_choice":"Stole From Cult","damage_taken":0,"max_hp_gain":0,"max_hp_loss":0,"event_name":"Nest","floor":25,"gold_loss":0}],"is_beta":false,"boss_relics":[{"not_picked":["Velvet Choker","Coffee Dripper"],"picked":"Sozu"}],"items_purged_floors":[4,20],"is_endless":false,"potions_floor_spawned":[1,8,10,13,16,18,23,28,31],"killed_by":"Champ","ascension_level":14}