{"gold_per_floor":[110,110,120,68,82,82,111,111,159,172,186,186,202,221,221,316,316,328,328,243,253,253,279,299,332,332,332,351,351,123,123,123,225,225,239,239,239],"floor_reached":37,"playtime":1511,"items_purged":["Writhe"],"score":651,"play_id":"e81f47d3-e46d-469b-a2b5-8357acc5ec4e","local_time":"20190507223414","is_ascension_mode":true,"campfire_choices":[{"data":"Bash","floor":6,"key":"SMITH"},{"data":"Armaments","floor":8,"key":"SMITH"},{"floor":15,"key":"REST"},{"data":"Flame Barrier","floor":27,"key":"SMITH"},{"data":"Demon Form","floor":29,"key":"SMITH"},{"data":"Disarm","floor":32,"key":"SMITH"}],"neow_cost":"NONE","seed_source_timestamp":1812550870446802,"circlet_count":0,"master_deck":["AscendersBane","Strike_R","Strike_R","Strike_R","Strike_R","Strike_R","Defend_R","Defend_R","Defend_R","Defend_R","Bash+1","Shrug It Off+1","Armaments+1","Shrug It Off","Uppercut","Anger","Demon Form+1","Sword Boomerang+1","Cleave","Flame Barrier+1","Headbutt+1","Dual Wield","Corruption","Power Through","Disarm+1","Brutality","Warcry+1","Feel No Pain"],"relics":["Burning Blood","PreservedInsect","Anchor","Snecko Eye","Pen Nib","FossilizedHelix","Matryoshka","Ornamental Fan","Bronze Scales","Happy Flower","Prayer Wheel","Runic Pyramid","Juzu Bracelet"],"potions_floor_usage":[7,14,16,33,35],"damage_taken":[{"damage":7,"enemies":"2 Louse","floor":1,"turns":4},{"damage":1,"enemies":"Cultist","floor":3,"turns":3},{"damage":8,"enemies":"Jaw Worm","floor":5,"turns":4},{"damage":24,"enemies":"Gremlin Nob","floor":7,"turns":4},{"damage":10,"enemies":"Lots of Slimes","floor":10,"turns":7},{"damage":37,"enemies":"Large Slime","floor":11,"turns":11},{"damage":5,"enemies":"Exordium Thugs","floor":13,"turns":8},{"damage":18,"enemies":"Exordium Wildlife","floor":14,"turns":6},{"damage":31,"enemies":"The Guardian","floor":16,"turns":18},{"damage":0,"enemies":"Spheric Guardian","floor":18,"turns":4},{"damage":0,"enemies":"Chosen","floor":21,"turns":4},{"damage":5,"enemies":"Book of Stabbing","floor":23,"turns":3},{"damage":19,"enemies":"3 Cultists","floor":24,"turns":4},{"damage":0,"enemies":"Slavers","floor":25,"turns":4},{"damage":0,"enemies":"Snecko","floor":28,"turns":4},{"damage":15,"enemies":"Automaton","floor":33,"turns":7},{"damage":31,"enemies":"3 Shapes","floor":35,"turns":6},{"damage":0,"enemies":"3 Darklings","floor":37,"turns":3}],"seed_played":"1586022557496095498","potions_obtained":[{"floor":7,"key":"Energy Potion"},{"floor":11,"key":"Explosive Potion"},{"floor":13,"key":"PowerPotion"},{"floor":14,"key":"Energy Potion"},{"floor":16,"key":"Explosive Potion"},{"floor":18,"key":"Dexterity Potion"}],"is_trial":false,"path_per_floor":["M","?","M","$","M","R","E","R","T","M","M","?","M","M","R","B",null,"M","?","?","M","T","E","M","E","T","R","M","R","$","?","R","B",null,"M","?","M"],"character_chosen":"IRONCLAD","items_purchased":["Explosive Potion","Corruption","Power Through"],"campfire_rested":1,"item_purchase_floors":[4,30,30],"current_hp_per_floor":[79,71,76,76,74,74,56,56,56,52,21,21,22,10,36,11,69,75,75,75,81,81,82,69,75,75,75,81,81,81,81,81,72,84,59,59,59],"gold":239,"neow_bonus":"TEN_PERCENT_HP_BONUS","is_prod":false,"is_daily":false,"chose_seed":false,"campfire_upgraded":5,"win_rate":0,"timestamp":1557282854,"path_taken":["M","?","M","$","?","R","E","R","T","M","M","?","?","M","R","BOSS","M","?","?","?","?","E","M","E","T","R","M","R","$","?","R","BOSS","M","?","M"],"build_version":"2019-01-23","purchased_purges":1,"victory":false,"max_hp_per_floor":[88,88,88,88,88,88,88,88,88,88,88,88,88,88,88,88,88,88,88,88,88,88,88,88,88,88,88,88,88,88,88,88,88,88,88,88,88],"card_choices":[{"not_picked":["Wild Strike","Perfected Strike"],"picked":"Shrug It Off","floor":1},{"not_picked":["Flex","Pommel Strike","Iron Wave"],"picked":"SKIP","floor":3},{"not_picked":["Pummel","Sentinel"],"picked":"Armaments","floor":5},{"not_picked":["Limit Break","Heavy Blade","Pummel"],"picked":"SKIP","floor":7},{"not_picked":["Warcry","Bloodletting","Pommel Strike"],"picked":"SKIP","floor":10},{"not_picked":["Burning Pact","Pommel Strike"],"picked":"Shrug It Off","floor":11},{"not_picked":["Body Slam","Dual Wield"],"picked":"Uppercut","floor":13},{"not_picked":["Headbutt","Flex"],"picked":"Anger","floor":14},{"not_picked":["Juggernaut","Impervious"],"picked":"Demon Form","floor":16},{"not_picked":["Anger","Clash+1"],"picked":"Sword Boomerang+1","floor":18},{"not_picked":["Iron Wave","Sword Boomerang","Anger+1"],"picked":"SKIP","floor":21},{"not_picked":["Sever Soul","Feel No Pain"],"picked":"Cleave","floor":23},{"not_picked":["Carnage","Feel No Pain+1","Warcry"],"picked":"SKIP","floor":24},{"not_picked":["Rupture","True Grit"],"picked":"Flame Barrier","floor":25},{"not_picked":["Havoc","Perfected Strike"],"picked":"Headbutt+1","floor":28},{"not_picked":["Exhume","Dropkick"],"picked":"Dual Wield","floor":28},{"not_picked":["Impervious","Dark Embrace"],"picked":"Brutality","floor":33},{"not_picked":["Dropkick","Seeing Red"],"picked":"Warcry+1","floor":35},{"not_picked":["Infernal Blade","Cleave+1"],"picked":"Feel No Pain","floor":35}],"player_experience":388574,"relics_obtained":[{"floor":7,"key":"PreservedInsect"},{"floor":9,"key":"Anchor"},{"floor":22,"key":"Matryoshka"},{"floor":23,"key":"Ornamental Fan"},{"floor":25,"key":"Bronze Scales"},{"floor":26,"key":"Happy Flower"},{"floor":26,"key":"Prayer Wheel"}],"event_choices":[{"damage_healed":0,"gold_gain":0,"player_choice":"Damaged","damage_taken":8,"max_hp_gain":0,"max_hp_loss":0,"event_name":"Wheel of Change","floor":2,"gold_loss":0},{"damage_healed":0,"gold_gain":0,"player_choice":"Upgraded","damage_taken":0,"max_hp_gain":0,"max_hp_loss":0,"event_name":"Upgrade Shrine","floor":12,"gold_loss":0,"cards_upgraded":["Shrug It Off"]},{"damage_healed":0,"gold_gain":0,"player_choice":"Opened","damage_taken":0,"relics_obtained":["Pen Nib"],"max_hp_gain":0,"max_hp_loss":0,"event_name":"The Mausoleum","floor":19,"gold_loss":0,"cards_obtained":["Writhe"]},{"damage_healed":0,"gold_gain":0,"player_choice":"Obtained Relic","damage_taken":0,"relics_obtained":["FossilizedHelix"],"max_hp_gain":0,"max_hp_loss":0,"event_name":"Addict","floor":20,"gold_loss":85},{"damage_healed":0,"gold_gain":0,"player_choice":"Read","damage_taken":0,"max_hp_gain":0,"max_hp_loss":0,"event_name":"The Library","floor":31,"gold_loss":0,"cards_obtained":["Disarm"]},{"damage_healed":0,"gold_gain":0,"player_choice":"Gave Potion","damage_taken":0,"relics_obtained":["Juzu Bracelet"],"max_hp_gain":0,"max_hp_loss":0,"event_name":"WeMeetAgain","floor":36,"gold_loss":0}],"is_beta":false,"boss_relics":[{"not_picked":["Mark of Pain","Pandora\u0027s Box"],"picked":"Snecko Eye"},{"not_picked":["Runic Dome","Tiny House"],"picked":"Runic Pyramid"}],"items_purged_floors":[30],"is_endless":false,"potions_floor_spawned":[7,11,13,14,16,18,21,28],"killed_by":"3 Darklings","ascension_level":10}