{"gold_per_floor":[110,90,109,0,13,13,46,46,46,46,66,84,84,115,115,190,190,204,223,223,25,25,25,45,79,79,90,90],"floor_reached":28,"playtime":1197,"items_purged":["Strike_B"],"score":434,"play_id":"98869a4c-438c-48e9-9ec6-71cd93273bfc","local_time":"20190712212916","is_ascension_mode":true,"campfire_choices":[{"data":"Defragment","floor":6,"key":"SMITH"},{"floor":8,"key":"REST"},{"floor":15,"key":"REST"},{"data":"Dualcast","floor":23,"key":"SMITH"}],"neow_cost":"NONE","seed_source_timestamp":158772305317924,"circlet_count":0,"master_deck":["AscendersBane","Strike_B","Strike_B","Strike_B","Defend_B","Defend_B","Defend_B","Defend_B","Zap+1","Dualcast+1","Conserve Battery","Defragment+1","Doom and Gloom","Reinforced Body","Undo","Gash+1","Genetic Algorithm","Electrodynamics","Chill","Ghostly","Ghostly","Ghostly","Ghostly","Ghostly","Glacier","Capacitor","White Noise","Turbo"],"relics":["Cracked Core","NeowsBlessing","Bottled Flame","Molten Egg 2","Ornamental Fan","Runic Pyramid","OrangePellets","Kunai","Peace Pipe"],"potions_floor_usage":[25,27],"damage_taken":[{"damage":0,"enemies":"Small Slimes","floor":1,"turns":1},{"damage":0,"enemies":"Cultist","floor":3,"turns":1},{"damage":0,"enemies":"2 Louse","floor":5,"turns":1},{"damage":49,"enemies":"Gremlin Nob","floor":7,"turns":6},{"damage":7,"enemies":"2 Fungi Beasts","floor":11,"turns":3},{"damage":5,"enemies":"Gremlin Gang","floor":12,"turns":3},{"damage":20,"enemies":"Lagavulin","floor":14,"turns":5},{"damage":13,"enemies":"Hexaghost","floor":16,"turns":9},{"damage":1,"enemies":"Chosen","floor":18,"turns":5},{"damage":11,"enemies":"3 Byrds","floor":19,"turns":4},{"damage":15,"enemies":"Cultist and Chosen","floor":24,"turns":9},{"damage":15,"enemies":"Slavers","floor":25,"turns":6},{"damage":3,"enemies":"Snake Plant","floor":27,"turns":4},{"damage":13,"enemies":"Gremlin Leader","floor":28,"turns":8}],"seed_played":"7936938397465165966","potions_obtained":[{"floor":2,"key":"Explosive Potion"},{"floor":5,"key":"FearPotion"},{"floor":7,"key":"SkillPotion"},{"floor":25,"key":"Energy Potion"},{"floor":27,"key":"LiquidBronze"}],"is_trial":false,"path_per_floor":["M","?","M","$","M","R","E","R","T","?","M","M","?","E","R","B",null,"M","M","?","$","?","R","M","E","T","M","E"],"character_chosen":"DEFECT","items_purchased":["Defragment","OrangePellets"],"campfire_rested":2,"item_purchase_floors":[4,21],"current_hp_per_floor":[68,68,68,68,68,68,19,41,41,41,34,29,29,9,31,18,61,60,49,37,37,37,37,22,7,7,4,0],"gold":90,"neow_bonus":"THREE_ENEMY_KILL","is_prod":false,"is_daily":false,"chose_seed":false,"campfire_upgraded":2,"win_rate":0,"timestamp":1562981356,"path_taken":["M","?","?","$","M","R","E","R","T","?","M","M","?","E","R","BOSS","M","?","?","$","?","R","M","E","T","M","E"],"build_version":"2019-07-05","purchased_purges":1,"victory":false,"max_hp_per_floor":[75,75,75,75,75,75,75,75,75,75,75,75,75,75,75,75,75,75,75,37,37,37,37,37,37,37,37,37],"card_choices":[{"not_picked":["Gash","Doom and Gloom"],"picked":"Conserve Battery","floor":1},{"not_picked":["Reprogram","Stack","Streamline"],"picked":"SKIP","floor":3},{"not_picked":["Tempest","Heatsinks"],"picked":"Doom and Gloom","floor":5},{"not_picked":["Doom and Gloom","Steam"],"picked":"Reinforced Body","floor":7},{"not_picked":["Double Energy","Go for the Eyes+1"],"picked":"Undo","floor":11},{"not_picked":["Doom and Gloom+1","Leap"],"picked":"Gash+1","floor":12},{"not_picked":["Barrage+1","Rebound+1"],"picked":"Genetic Algorithm","floor":14},{"not_picked":["Rainbow","Machine Learning"],"picked":"Electrodynamics","floor":16},{"not_picked":["Barrage+1","Beam Cell+1","Rebound+1"],"picked":"SKIP","floor":18},{"not_picked":["Tempest+1","Steam Power"],"picked":"Chill","floor":19},{"not_picked":["Rip and Tear+1","Sunder+1"],"picked":"Capacitor","floor":24},{"not_picked":["Skim","Stack+1"],"picked":"White Noise","floor":25},{"not_picked":["Skim","Stack"],"picked":"Turbo","floor":27}],"player_experience":687595,"relics_obtained":[{"floor":7,"key":"Bottled Flame"},{"floor":9,"key":"Molten Egg 2"},{"floor":14,"key":"Ornamental Fan"},{"floor":25,"key":"Kunai"},{"floor":26,"key":"Peace Pipe"}],"event_choices":[{"damage_healed":0,"gold_gain":0,"player_choice":"Bought 1 Potion","damage_taken":0,"max_hp_gain":0,"max_hp_loss":0,"event_name":"The Woman in Blue","floor":2,"gold_loss":0},{"damage_healed":0,"gold_gain":0,"player_choice":"Grow","damage_taken":0,"max_hp_gain":0,"max_hp_loss":0,"event_name":"Living Wall","floor":10,"gold_loss":0,"cards_upgraded":["Zap"]},{"damage_healed":0,"gold_gain":0,"player_choice":"1 cards matched","damage_taken":0,"max_hp_gain":0,"max_hp_loss":0,"event_name":"Match and Keep!","floor":13,"gold_loss":0,"cards_obtained":["BootSequence"]},{"damage_healed":0,"gold_gain":0,"player_choice":"Became a Ghost","damage_taken":0,"max_hp_gain":0,"max_hp_loss":38,"event_name":"Ghosts","floor":20,"gold_loss":0,"cards_obtained":["Ghostly","Ghostly","Ghostly","Ghostly","Ghostly"]},{"damage_healed":0,"gold_gain":0,"cards_transformed":["BootSequence"],"player_choice":"Transformed","damage_taken":0,"max_hp_gain":0,"max_hp_loss":0,"event_name":"Transmorgrifier","floor":22,"gold_loss":0,"cards_obtained":["Glacier"]}],"is_beta":false,"boss_relics":[{"not_picked":["Eternal Feather","Fusion Hammer"],"picked":"Runic Pyramid"}],"items_purged_floors":[4],"is_endless":false,"potions_floor_spawned":[5,7,11,16,25,27],"killed_by":"Gremlin Leader","ascension_level":13}