{"gold_per_floor":[118,118,129,147,165,192,205,261,345,345,98,98,98,110,110,110],"floor_reached":16,"playtime":627,"items_purged":["Strike_R"],"score":102,"play_id":"e104f5d3-5abc-4d1d-ab0b-b4a88acb74bf","local_time":"20181121191319","is_ascension_mode":false,"campfire_choices":[{"data":"Brutality","floor":10,"key":"SMITH"},{"floor":12,"key":"REST"},{"floor":15,"key":"REST"}],"neow_cost":"NONE","seed_source_timestamp":669671925370390,"circlet_count":0,"master_deck":["Strike_R","Strike_R","Strike_R","Defend_R","Defend_R","Bash","Brutality+1","Flex","Dual Wield","Flex","Heavy Blade","Bloodletting","Berserk","Inflame","Blood for Blood","Flex","Combust","Clash","Whirlwind"],"relics":["Burning Blood","Dream Catcher","Dodecahedron","Tiny Chest"],"potions_floor_usage":[8,8,14],"damage_taken":[{"damage":9,"enemies":"2 Louse","floor":1,"turns":3},{"damage":8,"enemies":"Cultist","floor":3,"turns":3},{"damage":8,"enemies":"Jaw Worm","floor":4,"turns":3},{"damage":19,"enemies":"Exordium Wildlife","floor":5,"turns":4},{"damage":22,"enemies":"Gremlin Nob","floor":6,"turns":4},{"damage":7,"enemies":"3 Louse","floor":7,"turns":3},{"damage":32,"enemies":"3 Sentries","floor":8,"turns":7},{"damage":14,"enemies":"Looter","floor":14,"turns":2},{"damage":50,"enemies":"Hexaghost","floor":16,"turns":4}],"seed_played":"6985582973477146689","potions_obtained":[{"floor":1,"key":"Dexterity Potion"},{"floor":4,"key":"SpeedPotion"},{"floor":7,"key":"Explosive Potion"},{"floor":8,"key":"AttackPotion"}],"is_trial":false,"path_per_floor":["M","?","M","M","M","E","M","?","T","R","$","R","?","M","R","B"],"character_chosen":"IRONCLAD","items_purchased":["Inflame","Blood for Blood","Flex"],"campfire_rested":2,"item_purchase_floors":[11,11,11],"current_hp_per_floor":[77,77,75,73,60,44,43,17,17,17,17,41,34,26,50,0],"gold":110,"neow_bonus":"TRANSFORM_CARD","is_prod":false,"is_daily":false,"chose_seed":false,"campfire_upgraded":1,"win_rate":0,"timestamp":1542845599,"path_taken":["M","?","?","M","M","E","M","?","T","R","$","R","?","M","R","BOSS"],"build_version":"2018-11-15","purchased_purges":1,"victory":false,"max_hp_per_floor":[80,80,80,80,80,80,80,80,80,80,80,80,80,80,80,80],"card_choices":[{"not_picked":["Whirlwind","Havoc"],"picked":"Flex","floor":1},{"not_picked":["Body Slam","Whirlwind"],"picked":"Dual Wield","floor":3},{"not_picked":["Iron Wave","Uppercut"],"picked":"Flex","floor":4},{"not_picked":["Shockwave","Clothesline"],"picked":"Heavy Blade","floor":5},{"not_picked":["Clash","Intimidate"],"picked":"Bloodletting","floor":6},{"not_picked":["Wild Strike","Cleave"],"picked":"Berserk","floor":7},{"not_picked":["Entrench","Flame Barrier"],"picked":"Combust","floor":12},{"not_picked":["Cleave","Twin Strike"],"picked":"Clash","floor":14},{"not_picked":["Sentinel","Entrench"],"picked":"Whirlwind","floor":15}],"player_experience":143977,"relics_obtained":[{"floor":6,"key":"Dream Catcher"},{"floor":8,"key":"Dodecahedron"},{"floor":9,"key":"Tiny Chest"}],"event_choices":[{"cards_removed":["Defend_R"],"damage_healed":0,"gold_gain":0,"player_choice":"Purged","damage_taken":0,"max_hp_gain":0,"max_hp_loss":0,"event_name":"Purifier","floor":2,"gold_loss":0},{"damage_healed":0,"gold_gain":0,"player_choice":"Searched \u00271\u0027 times","damage_taken":0,"max_hp_gain":0,"max_hp_loss":0,"event_name":"Dead Adventurer","floor":8,"gold_loss":0},{"cards_removed":["Defend_R"],"damage_healed":0,"gold_gain":0,"player_choice":"Card Removal","damage_taken":7,"max_hp_gain":0,"max_hp_loss":0,"event_name":"Golden Wing","floor":13,"gold_loss":0}],"is_beta":false,"boss_relics":[],"items_purged_floors":[11],"is_endless":false,"potions_floor_spawned":[1,4,7,8],"killed_by":"Hexaghost","ascension_level":0}