{"gold_per_floor":[110,110,35,35,35,35,61,75,127,39,39,55,67,80,80,183,183,203,203,128,3,3,3,13,13,13,13,13,13,25,43,43,43],"floor_reached":33,"playtime":1387,"items_purged":["Defend_R","Strike_R","Defend_R"],"score":292,"play_id":"1d60a502-61af-4cdf-85a3-d1ad025a217a","local_time":"20190813205426","is_ascension_mode":true,"campfire_choices":[{"data":"Bash","floor":6,"key":"SMITH"},{"floor":11,"key":"REST"},{"floor":15,"key":"REST"},{"data":"Berserk","floor":23,"key":"SMITH"},{"floor":25,"key":"REST"},{"data":"Pommel Strike","floor":27,"key":"SMITH"},{"floor":32,"key":"REST"}],"neow_cost":"NONE","seed_source_timestamp":38793304967884,"circlet_count":0,"master_deck":["Strike_R","Strike_R","Strike_R","Defend_R","Bash+1","Cleave","Pommel Strike","Iron Wave","Sword Boomerang","Shrug It Off","Pommel Strike+1","Berserk+1","Perfected Strike+1","J.A.X.","Armaments+1","Writhe","Heavy Blade"],"relics":["Black Blood","Potion Belt","Magic Flower","MawBank","Blue Candle","Kunai"],"potions_floor_usage":[13,16,30,33],"damage_taken":[{"damage":8,"enemies":"Jaw Worm","floor":1,"turns":5},{"damage":55,"enemies":"3 Sentries","floor":7,"turns":8},{"damage":0,"enemies":"2 Louse","floor":8,"turns":2},{"damage":7,"enemies":"Small Slimes","floor":12,"turns":3},{"damage":15,"enemies":"Gremlin Gang","floor":13,"turns":3},{"damage":7,"enemies":"2 Fungi Beasts","floor":14,"turns":4},{"damage":89,"enemies":"The Guardian","floor":16,"turns":12},{"damage":15,"enemies":"Chosen","floor":18,"turns":6},{"damage":28,"enemies":"2 Thieves","floor":24,"turns":4},{"damage":42,"enemies":"Chosen and Byrds","floor":30,"turns":5},{"damage":39,"enemies":"Centurion and Healer","floor":31,"turns":6},{"damage":114,"enemies":"Collector","floor":33,"turns":7}],"seed_played":"1246028848371104830","potions_obtained":[{"floor":7,"key":"Regen Potion"},{"floor":8,"key":"BloodPotion"},{"floor":12,"key":"SkillPotion"},{"floor":14,"key":"FearPotion"},{"floor":18,"key":"BloodPotion"},{"floor":31,"key":"Strength Potion"}],"is_trial":false,"path_per_floor":["M","?","$","?","?","R","E","M","T","$","R","M","M","M","R","B",null,"M","?","?","$","?","R","M","R","T","R","$","?","M","M","R","B"],"character_chosen":"IRONCLAD","items_purchased":[],"campfire_rested":4,"item_purchase_floors":[],"current_hp_per_floor":[78,83,83,83,83,83,34,43,43,43,68,70,64,66,85,37,85,85,85,85,85,69,69,56,81,81,81,81,81,85,61,85,0],"gold":43,"neow_bonus":"RANDOM_COMMON_RELIC","is_prod":false,"is_daily":false,"chose_seed":false,"campfire_upgraded":3,"win_rate":0,"timestamp":1565754866,"path_taken":["M","?","$","?","?","R","E","M","T","$","R","?","M","M","R","BOSS","M","?","?","$","?","R","M","R","T","R","$","?","M","M","R","BOSS"],"build_version":"2019-07-17","purchased_purges":3,"victory":false,"max_hp_per_floor":[80,85,85,85,85,85,85,85,85,85,85,85,85,85,85,85,85,85,85,85,85,85,85,85,85,85,85,85,85,85,85,85,85],"card_choices":[{"not_picked":["Clothesline","Disarm"],"picked":"Cleave","floor":1},{"not_picked":["Rupture","Havoc"],"picked":"Pommel Strike","floor":7},{"not_picked":["Whirlwind","Evolve"],"picked":"Iron Wave","floor":8},{"not_picked":["Armaments","Anger"],"picked":"Sword Boomerang","floor":12},{"not_picked":["Body Slam","Fire Breathing"],"picked":"Shrug It Off","floor":13},{"not_picked":["Heavy Blade","Clothesline"],"picked":"Pommel Strike","floor":14},{"not_picked":["Juggernaut","Impervious"],"picked":"Berserk","floor":16},{"not_picked":["Twin Strike","Sentinel"],"picked":"Perfected Strike+1","floor":18},{"not_picked":["True Grit+1","Entrench"],"picked":"Armaments+1","floor":24},{"not_picked":["Havoc","Seeing Red","Bloodletting"],"picked":"SKIP","floor":30},{"not_picked":["Pommel Strike","Evolve"],"picked":"Heavy Blade","floor":31}],"player_experience":370398,"relics_obtained":[{"floor":7,"key":"Magic Flower"},{"floor":9,"key":"MawBank"},{"floor":26,"key":"Blue Candle"}],"event_choices":[{"damage_healed":0,"gold_gain":0,"player_choice":"Donut","damage_taken":0,"max_hp_gain":5,"max_hp_loss":0,"event_name":"Big Fish","floor":2,"gold_loss":0},{"damage_healed":0,"gold_gain":0,"player_choice":"Ignored","damage_taken":0,"max_hp_gain":0,"max_hp_loss":0,"event_name":"Liars Game","floor":4,"gold_loss":0},{"cards_removed":["Strike_R"],"damage_healed":0,"gold_gain":0,"player_choice":"Offered Basic","damage_taken":0,"max_hp_gain":0,"max_hp_loss":0,"event_name":"Bonfire Elementals","floor":5,"gold_loss":0},{"damage_healed":0,"gold_gain":0,"player_choice":"Obtain J.A.X.","damage_taken":0,"max_hp_gain":0,"max_hp_loss":0,"event_name":"Drug Dealer","floor":19,"gold_loss":0,"cards_obtained":["J.A.X."]},{"cards_removed":["Defend_R"],"damage_healed":0,"gold_gain":0,"player_choice":"Gave Gold","damage_taken":0,"max_hp_gain":0,"max_hp_loss":0,"event_name":"Beggar","floor":20,"gold_loss":75},{"damage_healed":0,"gold_gain":0,"player_choice":"Obtained Book","damage_taken":16,"max_hp_gain":0,"max_hp_loss":0,"event_name":"Cursed Tome","floor":22,"gold_loss":0},{"damage_healed":0,"gold_gain":0,"player_choice":"Opened","damage_taken":0,"relics_obtained":["Kunai"],"max_hp_gain":0,"max_hp_loss":0,"event_name":"The Mausoleum","floor":29,"gold_loss":0,"cards_obtained":["Writhe"]}],"is_beta":false,"boss_relics":[{"not_picked":["Runic Dome","Sozu"],"picked":"Black Blood"}],"items_purged_floors":[3,10,21],"is_endless":false,"potions_floor_spawned":[7,8,12,14,18,31],"killed_by":"Collector","ascension_level":4}