{"gold_per_floor":[113,133,146,159,259,259,291,303,340,352,364,79,98,98,98,219,219,244,244,244,244,244,244,264,289,343,343,364,43,43,59,59,158,158,170,170,187,207,222,252,266,286,286,303,314,414,414,438,438,438],"floor_reached":51,"playtime":3945,"items_purged":["Strike_B","Defend_B"],"score":663,"play_id":"0b982616-4256-4ae1-8371-abec786ba51a","local_time":"20190730151517","is_ascension_mode":true,"campfire_choices":[{"data":"Doom and Gloom","floor":6,"key":"SMITH"},{"data":"Zap","floor":8,"key":"SMITH"},{"data":"Rebound","floor":10,"key":"SMITH"},{"floor":15,"key":"REST"},{"data":"Fission","floor":23,"key":"SMITH"},{"floor":27,"key":"REST"},{"floor":32,"key":"REST"},{"data":"Consume","floor":49,"key":"SMITH"}],"neow_cost":"NONE","seed_source_timestamp":10382781216098074,"circlet_count":0,"master_deck":["Defend_B","Defend_B+1","Defend_B","Zap+1","Dualcast","Compile Driver+1","Doom and Gloom+1","Rebound+1","Static Discharge+1","Seek","Electrodynamics","Amplify+1","Chaos+1","Static Discharge+1","Loop","Glacier","Fission+1","RitualDagger+1","Steam Power+1","Steam Power+1","Coolheaded","Meteor Strike","Coolheaded+1","Lockon+1","Consume+1","White Noise+1","Recycle","Finesse"],"relics":["Lizard Tail","MawBank","Juzu Bracelet","Bloody Idol","Astrolabe","Omamori","OrangePellets","Nuclear Battery","WarpedTongs","Centennial Puzzle","FossilizedHelix","Torii","Whetstone"],"potions_floor_usage":[7,16,16,25,31,45,45,50],"damage_taken":[{"damage":2,"enemies":"Small Slimes","floor":1,"turns":4},{"damage":1,"enemies":"Cultist","floor":2,"turns":4},{"damage":5,"enemies":"2 Louse","floor":3,"turns":2},{"damage":10,"enemies":"Looter","floor":4,"turns":3},{"damage":18,"enemies":"Lagavulin","floor":7,"turns":6},{"damage":0,"enemies":"Lots of Slimes","floor":13,"turns":1},{"damage":29,"enemies":"The Guardian","floor":16,"turns":8},{"damage":10,"enemies":"Spheric Guardian","floor":18,"turns":4},{"damage":13,"enemies":"Chosen","floor":24,"turns":4},{"damage":20,"enemies":"Centurion and Healer","floor":25,"turns":2},{"damage":18,"enemies":"Snake Plant","floor":28,"turns":2},{"damage":12,"enemies":"Chosen and Byrds","floor":31,"turns":6},{"damage":62,"enemies":"Collector","floor":33,"turns":9},{"damage":0,"enemies":"3 Shapes","floor":35,"turns":2},{"damage":0,"enemies":"3 Darklings","floor":37,"turns":3},{"damage":18,"enemies":"Maw","floor":38,"turns":7},{"damage":10,"enemies":"4 Shapes","floor":39,"turns":4},{"damage":3,"enemies":"Reptomancer","floor":40,"turns":6},{"damage":8,"enemies":"Sphere and 2 Shapes","floor":41,"turns":4},{"damage":9,"enemies":"Jaw Worm Horde","floor":42,"turns":2},{"damage":0,"enemies":"4 Shapes","floor":44,"turns":3},{"damage":7,"enemies":"3 Darklings","floor":45,"turns":3},{"damage":0,"enemies":"Mind Bloom Boss Battle","floor":46,"turns":9},{"damage":55,"enemies":"Time Eater","floor":50,"turns":8}],"seed_played":"-5629926140224616190","potions_obtained":[{"floor":2,"key":"EntropicBrew"},{"floor":3,"key":"PowerPotion"},{"floor":13,"key":"Strength Potion"},{"floor":38,"key":"SpeedPotion"},{"floor":40,"key":"Swift Potion"},{"floor":42,"key":"Strength Potion"}],"is_trial":false,"path_per_floor":["M","M","M","M","?","R","E","R","T","R","?","$","M","?","R","B",null,"M","?","?","?","?","R","M","M","T","R","M","$","?","M","R","B",null,"M","?","M","M","M","E","M","M","T","M","M","?","?","T","R","B",null],"character_chosen":"DEFECT","items_purchased":["Static Discharge","Seek","Coolheaded","OrangePellets"],"campfire_rested":3,"item_purchase_floors":[12,12,29,29],"current_hp_per_floor":[73,72,67,57,57,57,39,39,39,39,39,39,39,25,45,16,69,59,59,59,59,53,53,40,20,20,40,22,22,22,20,40,19,69,69,69,69,56,51,53,50,46,46,51,49,54,54,59,59,4],"gold":438,"neow_bonus":"BOSS_RELIC","is_prod":false,"is_daily":false,"chose_seed":false,"campfire_upgraded":5,"win_rate":0,"timestamp":1564478117,"path_taken":["M","M","M","M","?","R","E","R","T","R","?","$","M","?","R","BOSS","M","?","?","?","?","R","M","M","T","R","M","?","?","M","R","BOSS","M","?","M","M","M","E","M","M","T","M","M","?","?","?","R","BOSS"],"build_version":"2019-07-17","purchased_purges":2,"victory":true,"max_hp_per_floor":[75,75,75,75,75,75,75,75,75,75,69,69,69,69,69,69,69,69,69,69,69,69,69,69,69,69,69,69,69,69,69,69,69,69,69,69,69,69,69,69,69,69,69,69,69,69,69,69,69,69],"card_choices":[{"not_picked":["Stack","Steam"],"picked":"Ball Lightning","floor":1},{"not_picked":["Hologram","Undo"],"picked":"Ball Lightning","floor":2},{"not_picked":["Blizzard","Turbo"],"picked":"Compile Driver","floor":3},{"not_picked":["FTL","Beam Cell"],"picked":"Doom and Gloom","floor":4},{"not_picked":["Ball Lightning","Conserve Battery"],"picked":"Rebound","floor":7},{"not_picked":["Stack","Gash","Turbo"],"picked":"SKIP","floor":13},{"not_picked":["Creative AI","Buffer"],"picked":"Electrodynamics","floor":16},{"not_picked":["Genetic Algorithm","Ball Lightning+1"],"picked":"Loop","floor":18},{"not_picked":["Rip and Tear+1","Fusion","Ball Lightning"],"picked":"SKIP","floor":24},{"not_picked":["Compile Driver+1","Heatsinks"],"picked":"Steam Power+1","floor":25},{"not_picked":["Go for the Eyes","Consume"],"picked":"Steam Power+1","floor":28},{"not_picked":["Streamline","All For One","Turbo"],"picked":"SKIP","floor":31},{"not_picked":["Machine Learning","Electrodynamics"],"picked":"Meteor Strike","floor":33},{"not_picked":["Heatsinks+1","Beam Cell"],"picked":"Coolheaded+1","floor":35},{"not_picked":["Beam Cell+1","Barrage+1","Coolheaded+1"],"picked":"SKIP","floor":37},{"not_picked":["Streamline","Compile Driver+1"],"picked":"Lockon+1","floor":38},{"not_picked":["Loop","Coolheaded"],"picked":"Consume","floor":39},{"not_picked":["Go for the Eyes","Rip and Tear","Force Field"],"picked":"SKIP","floor":40},{"not_picked":["Compile Driver+1","Leap","Stack"],"picked":"SKIP","floor":41},{"not_picked":["Redo","Self Repair"],"picked":"White Noise+1","floor":42},{"not_picked":["Gash","Creative AI","Heatsinks"],"picked":"SKIP","floor":44},{"not_picked":["Glacier+1","Redo"],"picked":"Recycle","floor":45},{"not_picked":["Forethought","Good Instincts"],"picked":"Finesse","floor":47}],"player_experience":1601379,"relics_obtained":[{"floor":7,"key":"MawBank"},{"floor":9,"key":"Juzu Bracelet"},{"floor":26,"key":"Omamori"},{"floor":40,"key":"Centennial Puzzle"},{"floor":43,"key":"FossilizedHelix"},{"floor":46,"key":"Torii"},{"floor":48,"key":"Whetstone"}],"event_choices":[{"damage_healed":0,"gold_gain":100,"player_choice":"Gold","damage_taken":0,"max_hp_gain":0,"max_hp_loss":0,"event_name":"Wheel of Change","floor":5,"gold_loss":0},{"damage_healed":0,"gold_gain":0,"player_choice":"Lose Max HP","damage_taken":0,"relics_obtained":["Golden Idol"],"max_hp_gain":0,"max_hp_loss":6,"event_name":"Golden Idol","floor":11,"gold_loss":0},{"damage_healed":0,"gold_gain":0,"player_choice":"Entered Light","damage_taken":14,"max_hp_gain":0,"max_hp_loss":0,"event_name":"Shining Light","floor":14,"gold_loss":0,"cards_upgraded":["Static Discharge","Defend_B"]},{"damage_healed":0,"gold_gain":0,"player_choice":"Bought 0 Potions","damage_taken":0,"max_hp_gain":0,"max_hp_loss":0,"event_name":"The Woman in Blue","floor":19,"gold_loss":0},{"damage_healed":0,"gold_gain":0,"cards_transformed":["Ball Lightning","Ball Lightning"],"player_choice":"Became Test Subject","damage_taken":0,"max_hp_gain":0,"max_hp_loss":0,"event_name":"Drug Dealer","floor":20,"gold_loss":0,"cards_obtained":["Glacier","Fission"]},{"damage_healed":0,"gold_gain":0,"player_choice":"Ignored","damage_taken":0,"max_hp_gain":0,"max_hp_loss":0,"event_name":"Vampires","floor":21,"gold_loss":0},{"damage_healed":0,"gold_gain":0,"player_choice":"Joined the Cult","damage_taken":6,"max_hp_gain":0,"max_hp_loss":0,"event_name":"Nest","floor":22,"gold_loss":0,"cards_obtained":["RitualDagger"]},{"damage_healed":0,"gold_gain":0,"player_choice":"Gave Idol","damage_taken":0,"relics_obtained":["Bloody Idol"],"max_hp_gain":0,"max_hp_loss":0,"event_name":"Forgotten Altar","floor":30,"relics_lost":["Golden Idol"],"gold_loss":0},{"damage_healed":0,"gold_gain":0,"player_choice":"Rummage","damage_taken":0,"relics_obtained":["WarpedTongs"],"max_hp_gain":0,"max_hp_loss":0,"event_name":"Accursed Blacksmith","floor":36,"gold_loss":0,"cards_obtained":["Pain"]},{"damage_healed":0,"gold_gain":0,"player_choice":"Fight","damage_taken":0,"max_hp_gain":0,"max_hp_loss":0,"event_name":"MindBloom","floor":46,"gold_loss":0},{"damage_healed":0,"gold_gain":0,"player_choice":"Memory 1","damage_taken":0,"max_hp_gain":0,"max_hp_loss":0,"event_name":"SensoryStone","floor":47,"gold_loss":0}],"is_beta":false,"boss_relics":[{"not_picked":["Busted Crown","Velvet Choker"],"picked":"Astrolabe"},{"not_picked":["Cursed Key","Orrery"],"picked":"Nuclear Battery"}],"items_purged_floors":[12,29],"is_endless":false,"potions_floor_spawned":[2,3,13,18,24,38,40,42,44],"ascension_level":1}