{"gold_per_floor":[99,99,24,37,52,69,69,82,105,136,149,169,169,183,183,312,375,395,295,319,148,247,247],"floor_reached":23,"playtime":1431,"items_purged":["Strike_G","Defend_G","Strike_G"],"score":234,"play_id":"94630098-7008-4b12-8001-1fdebc4b7133","local_time":"20190816102548","is_ascension_mode":true,"campfire_choices":[{"data":"Cloak And Dagger","floor":7,"key":"SMITH"},{"floor":15,"key":"REST"}],"neow_cost":"NONE","seed_source_timestamp":4463407280266,"circlet_count":0,"master_deck":["Strike_G","Strike_G","Strike_G+1","Defend_G","Defend_G","Defend_G","Defend_G","Survivor","Neutralize+1","Noxious Fumes+1","Cloak And Dagger+1","Acrobatics","Expertise","Well Laid Plans","Blur","Crippling Poison","Cloak And Dagger","Catalyst","Envenom","Bouncing Flask","Crippling Poison","Infinite Blades","Backflip"],"relics":["Ring of the Snake","Dream Catcher","Potion Belt","Golden Idol","Tiny House"],"potions_floor_usage":[8,16,16,16,18,23],"damage_taken":[{"damage":1,"enemies":"2 Louse","floor":1,"turns":3},{"damage":0,"enemies":"Cultist","floor":4,"turns":4},{"damage":0,"enemies":"Jaw Worm","floor":5,"turns":4},{"damage":1,"enemies":"Blue Slaver","floor":6,"turns":5},{"damage":0,"enemies":"Exordium Wildlife","floor":8,"turns":5},{"damage":23,"enemies":"Gremlin Nob","floor":10,"turns":5},{"damage":0,"enemies":"Looter","floor":11,"turns":3},{"damage":3,"enemies":"Large Slime","floor":12,"turns":8},{"damage":11,"enemies":"Lots of Slimes","floor":14,"turns":3},{"damage":20,"enemies":"Slime Boss","floor":16,"turns":11},{"damage":5,"enemies":"3 Byrds","floor":18,"turns":4},{"damage":19,"enemies":"Spheric Guardian","floor":20,"turns":4},{"damage":51,"enemies":"Book of Stabbing","floor":23,"turns":6}],"seed_played":"-6790081608267041423","potions_obtained":[{"floor":4,"key":"PowerPotion"},{"floor":6,"key":"SkillPotion"},{"floor":12,"key":"EssenceOfSteel"},{"floor":14,"key":"Explosive Potion"},{"floor":16,"key":"EssenceOfSteel"},{"floor":17,"key":"LiquidBronze"}],"is_trial":false,"path_per_floor":["M","?","$","M","M","M","R","M","T","E","M","M","?","M","R","B",null,"M","$","M","$","?","E"],"character_chosen":"THE_SILENT","items_purchased":["Backflip"],"campfire_rested":1,"item_purchase_floors":[21],"current_hp_per_floor":[69,69,69,69,69,68,68,68,68,45,45,42,42,31,50,30,70,65,65,46,46,46,0],"gold":247,"neow_bonus":"UPGRADE_CARD","is_prod":false,"is_daily":false,"chose_seed":false,"campfire_upgraded":1,"win_rate":0,"timestamp":1565976348,"path_taken":["M","?","$","M","M","M","R","?","T","E","M","M","?","M","R","BOSS","M","$","M","$","?","E"],"build_version":"2019-07-17","purchased_purges":3,"victory":false,"max_hp_per_floor":[70,70,70,70,70,70,70,70,70,70,70,70,65,65,65,65,70,70,70,70,70,70,70],"card_choices":[{"not_picked":["Poisoned Stab","Quick Slash"],"picked":"Noxious Fumes","floor":1},{"not_picked":["Flying Knee","PiercingWail","All Out Attack"],"picked":"SKIP","floor":4},{"not_picked":["Underhanded Strike","Dagger Throw"],"picked":"Cloak And Dagger","floor":5},{"not_picked":["Underhanded Strike","Grand Finale"],"picked":"Acrobatics","floor":6},{"not_picked":["Prepared","Outmaneuver"],"picked":"Expertise","floor":8},{"not_picked":["Outmaneuver","Predator"],"picked":"Well Laid Plans","floor":10},{"not_picked":["Prepared","Setup"],"picked":"Blur","floor":11},{"not_picked":["Setup","Flying Knee"],"picked":"Crippling Poison","floor":12},{"not_picked":["Wraith Form v2","Acrobatics"],"picked":"Cloak And Dagger","floor":14},{"not_picked":["Deflect","Backstab"],"picked":"Catalyst","floor":15},{"not_picked":["Unload","Corpse Explosion"],"picked":"Envenom","floor":16},{"not_picked":["Terror","Sucker Punch"],"picked":"Bouncing Flask","floor":17},{"not_picked":["Heel Hook","Slice+1"],"picked":"Crippling Poison","floor":18},{"not_picked":["Dagger Spray+1","Masterful Stab"],"picked":"Infinite Blades","floor":20}],"player_experience":394685,"relics_obtained":[{"floor":9,"key":"Dream Catcher"},{"floor":10,"key":"Potion Belt"}],"event_choices":[{"damage_healed":0,"gold_gain":0,"player_choice":"Forge","damage_taken":0,"max_hp_gain":0,"max_hp_loss":0,"event_name":"Accursed Blacksmith","floor":2,"gold_loss":0,"cards_upgraded":["Noxious Fumes"]},{"damage_healed":0,"gold_gain":0,"player_choice":"Lose Max HP","damage_taken":0,"relics_obtained":["Golden Idol"],"max_hp_gain":0,"max_hp_loss":5,"event_name":"Golden Idol","floor":13,"gold_loss":0},{"damage_healed":0,"gold_gain":99,"player_choice":"Stole From Cult","damage_taken":0,"max_hp_gain":0,"max_hp_loss":0,"event_name":"Nest","floor":22,"gold_loss":0}],"is_beta":false,"boss_relics":[{"not_picked":["Snecko Eye","Runic Pyramid"],"picked":"Tiny House"}],"items_purged_floors":[3,19,21],"is_endless":false,"potions_floor_spawned":[4,6,12,14,16],"killed_by":"Book of Stabbing","ascension_level":4}