{"path_per_floor":["M","?","?","M","?","E","R","$","T","M","M","M","M","M","R","B",null,"M","?","?","?","T"],"character_chosen":"IRONCLAD","items_purchased":["Self Forming Clay"],"gold_per_floor":[116,291,291,304,304,332,332,17,17,30,46,65,83,83,83,179,179,189,189,189,189,213],"floor_reached":23,"campfire_rested":1,"playtime":1994,"current_hp_per_floor":[80,80,64,70,75,40,65,65,65,71,75,81,69,74,74,41,85,76,76,76,76,76],"items_purged":["Doubt"],"gold":213,"play_id":"eebd03f5-cdea-45da-9c54-0d1e61e8e375","is_prod":false,"is_daily":false,"campfire_rituals":0,"campfire_upgraded":1,"is_hardmode":false,"path_taken":["M","?","?","M","?","E","R","$","T","M","M","M","M","M","R","BOSS","M","?","?","?","?","E"],"build_version":"2018-01-11-PROD2","purchased_purges":1,"victory":false,"master_deck":["Strike_R","Strike_R","Strike_R","Strike_R","Strike_R","Defend_R","Defend_R","Defend_R","Defend_R","Bash","Fiend Fire","Iron Wave","Corruption","Battle Trance","Flame Barrier","Body Slam","Body Slam","Feel No Pain","Dark Embrace","Iron Wave","Bloodletting"],"max_hp_per_floor":[80,80,80,80,85,85,85,85,85,85,85,85,85,85,85,85,85,85,85,85,85,85],"relics":["Burning Blood","Oddly Smooth Stone","Self Forming Clay","Torii","Eternal Feather","Paper Frog","Juzu Bracelet"],"campfire_meditates":0,"card_choices":[{"not_picked":["Sever Soul","Infernal Blade"],"picked":"Iron Wave"},{"not_picked":["Disarm","Infernal Blade"],"picked":"Corruption"},{"not_picked":["Blood for Blood","Inflame"],"picked":"Battle Trance"},{"not_picked":["Rage","Anger"],"picked":"Flame Barrier"},{"not_picked":["Hemokinesis","Rage"],"picked":"Body Slam"},{"not_picked":["Perfected Strike","Demon Form"],"picked":"Body Slam"},{"not_picked":["Clash","Thunderclap"],"picked":"Feel No Pain"},{"not_picked":["Impervious","Demon Form"],"picked":"Dark Embrace"},{"not_picked":["True Grit","Fire Breathing"],"picked":"Iron Wave"}],"player_experience":19861,"potions_floor_usage":[16,23,23],"damage_taken":[{"damage":1,"enemies":"Cultist","floor":1,"turns":3},{"damage":0,"enemies":"2 Louse","floor":4,"turns":2},{"damage":41,"enemies":"Gremlin Nob","floor":6,"turns":5},{"damage":0,"enemies":"Small Slimes","floor":10,"turns":4},{"damage":2,"enemies":"Looter","floor":11,"turns":3},{"damage":0,"enemies":"2 Fungi Beasts","floor":12,"turns":3},{"damage":18,"enemies":"Large Slime","floor":13,"turns":6},{"damage":1,"enemies":"3 Louse","floor":14,"turns":4},{"damage":39,"enemies":"The Guardian","floor":16,"turns":11},{"damage":15,"enemies":"Shell Parasite","floor":18,"turns":6},{"damage":88,"enemies":"Gremlin Leader","floor":23,"turns":8}],"event_choices":[{"event_name":"Liars Game","player_choice":"agreed","floor":2,"damage_taken":0},{"event_name":"Shining Light","player_choice":"Entered Light","floor":3,"damage_taken":0},{"event_name":"Big Fish","player_choice":"Donut","floor":5,"damage_taken":0},{"event_name":"Back to Basics","player_choice":"Simplicity","floor":19,"damage_taken":0},{"event_name":"The Mausoleum","player_choice":"Yes","floor":20,"damage_taken":0},{"event_name":"The Library","player_choice":"Read","floor":21,"damage_taken":0}],"boss_relics":[{"not_picked":["Runic Cube","Ectoplasm"],"picked":"Eternal Feather"}],"potions_floor_spawned":[1,4,11,12,14,16,18],"seed_played":"-2010806081505084727","killed_by":"Gremlin Leader","is_trial":false}