{"gold_per_floor":[114,214,234,244,257,257,289,289,334,352,352,352,371,397,397,397],"floor_reached":16,"playtime":426,"items_purged":[],"score":185,"play_id":"fcd48c02-df50-4be2-9290-fe2a81956894","local_time":"20190711192940","is_ascension_mode":true,"campfire_choices":[{"data":"Metallicize","floor":6,"key":"SMITH"},{"floor":11,"key":"REST"},{"floor":15,"key":"REST"}],"neow_cost":"NONE","seed_source_timestamp":65967056357861,"circlet_count":0,"master_deck":["AscendersBane","Strike_R","Strike_R","Strike_R","Strike_R","Strike_R","Defend_R","Defend_R","Defend_R","Defend_R","Bash","Combust+1","Metallicize+1","Rampage","Carnage","Shrug It Off","Metallicize"],"relics":["Burning Blood","Darkstone Periapt","Boot","The Courier","Bronze Scales"],"potions_floor_usage":[16],"damage_taken":[{"damage":5,"enemies":"Jaw Worm","floor":1,"turns":3},{"damage":7,"enemies":"Cultist","floor":3,"turns":3},{"damage":5,"enemies":"Small Slimes","floor":4,"turns":4},{"damage":20,"enemies":"Gremlin Gang","floor":5,"turns":4},{"damage":39,"enemies":"Gremlin Nob","floor":7,"turns":5},{"damage":18,"enemies":"Red Slaver","floor":10,"turns":3},{"damage":1,"enemies":"Blue Slaver","floor":13,"turns":4},{"damage":27,"enemies":"Lagavulin","floor":14,"turns":6},{"damage":46,"enemies":"Slime Boss","floor":16,"turns":6}],"seed_played":"7893789429591668522","potions_obtained":[{"floor":5,"key":"GamblersBrew"},{"floor":7,"key":"Ancient Potion"},{"floor":10,"key":"Block Potion"}],"is_trial":false,"path_per_floor":["M","?","M","M","M","R","E","?","T","M","R","T","M","E","R","B"],"character_chosen":"IRONCLAD","items_purchased":[],"campfire_rested":2,"item_purchase_floors":[],"current_hp_per_floor":[73,73,72,73,59,59,26,26,26,14,38,38,43,22,46,0],"gold":397,"neow_bonus":"THREE_CARDS","is_prod":false,"is_daily":false,"chose_seed":false,"campfire_upgraded":1,"win_rate":0,"timestamp":1562887780,"path_taken":["M","?","?","M","M","R","E","?","T","M","R","?","M","E","R","BOSS"],"build_version":"2019-07-05","purchased_purges":0,"victory":false,"max_hp_per_floor":[80,80,80,80,80,80,80,80,80,80,80,80,80,80,80,80],"card_choices":[{"not_picked":["Cleave","Sword Boomerang"],"picked":"Combust","floor":0},{"not_picked":["Warcry","Flex","Thunderclap"],"picked":"SKIP","floor":1},{"not_picked":["Entrench","Sentinel","Pommel Strike"],"picked":"SKIP","floor":3},{"not_picked":["Thunderclap","Clash"],"picked":"Metallicize","floor":4},{"not_picked":["Armaments","Warcry"],"picked":"Rampage","floor":5},{"not_picked":["Perfected Strike","Whirlwind"],"picked":"Carnage","floor":7},{"not_picked":["Brutality","Wild Strike"],"picked":"Shrug It Off","floor":10},{"not_picked":["Ghostly Armor","Havoc","Second Wind"],"picked":"SKIP","floor":13},{"not_picked":["Anger","Flex"],"picked":"Metallicize","floor":14}],"player_experience":682018,"relics_obtained":[{"floor":7,"key":"Darkstone Periapt"},{"floor":9,"key":"Boot"},{"floor":12,"key":"The Courier"},{"floor":14,"key":"Bronze Scales"}],"event_choices":[{"damage_healed":0,"gold_gain":100,"player_choice":"Pray","damage_taken":0,"max_hp_gain":0,"max_hp_loss":0,"event_name":"Golden Shrine","floor":2,"gold_loss":0},{"damage_healed":0,"gold_gain":0,"player_choice":"Grow","damage_taken":0,"max_hp_gain":0,"max_hp_loss":0,"event_name":"Living Wall","floor":8,"gold_loss":0,"cards_upgraded":["Combust"]}],"is_beta":false,"boss_relics":[],"items_purged_floors":[],"is_endless":false,"potions_floor_spawned":[5,7,10,13],"killed_by":"Slime Boss","ascension_level":13}