{"gold_per_floor":[119,119,140,163,188,188,213,232,232,232,232,273,19,43,43,174,174,189,208,226,226,250,250],"floor_reached":23,"playtime":1617,"items_purged":[],"score":246,"play_id":"6583f907-bbde-4c0e-85de-61b3fdeef4bf","local_time":"20190612184028","is_ascension_mode":true,"campfire_choices":[{"data":"Zap","floor":6,"key":"SMITH"},{"data":"Steam","floor":10,"key":"SMITH"},{"data":"Beam Cell","floor":15,"key":"SMITH"}],"neow_cost":"NONE","seed_source_timestamp":76271345619564,"circlet_count":0,"master_deck":["Strike_B","Strike_B","Strike_B","Strike_B","Defend_B","Defend_B","Defend_B","Defend_B","Zap+1","Dualcast","Cold Snap","Steam+1","Capacitor+1","Undo","FTL","Beam Cell+1","Fission+1","Capacitor","Conserve Battery+1","Loop+1","Streamline+1"],"relics":["FrozenCore","Golden Idol","Toxic Egg 2","Gremlin Horn","Kunai","Regal Pillow"],"potions_floor_usage":[4,12,16,20,23,23],"damage_taken":[{"damage":4,"enemies":"Small Slimes","floor":1,"turns":3},{"damage":0,"enemies":"Cultist","floor":3,"turns":4},{"damage":0,"enemies":"Jaw Worm","floor":4,"turns":3},{"damage":5,"enemies":"3 Louse","floor":5,"turns":4},{"damage":0,"enemies":"Blue Slaver","floor":7,"turns":4},{"damage":2,"enemies":"Large Slime","floor":8,"turns":5},{"damage":5,"enemies":"Lagavulin","floor":12,"turns":7},{"damage":1,"enemies":"Red Slaver","floor":14,"turns":3},{"damage":19,"enemies":"The Guardian","floor":16,"turns":12},{"damage":2,"enemies":"Chosen","floor":18,"turns":5},{"damage":6,"enemies":"Spheric Guardian","floor":19,"turns":8},{"damage":14,"enemies":"Cultist and Chosen","floor":20,"turns":9},{"damage":22,"enemies":"3 Cultists","floor":22,"turns":7},{"damage":26,"enemies":"Gremlin Leader","floor":23,"turns":7}],"seed_played":"2831749173540853156","potions_obtained":[{"floor":0,"key":"Dexterity Potion"},{"floor":0,"key":"Poison Potion"},{"floor":0,"key":"Swift Potion"},{"floor":8,"key":"Weak Potion"},{"floor":12,"key":"Poison Potion"},{"floor":16,"key":"PowerPotion"},{"floor":20,"key":"Fire Potion"},{"floor":22,"key":"LiquidBronze"}],"is_trial":false,"path_per_floor":["M","?","M","M","M","R","M","M","T","R","?","E","$","M","R","B",null,"M","M","M","?","M","E"],"character_chosen":"DEFECT","items_purchased":["Kunai"],"campfire_rested":0,"item_purchase_floors":[13],"current_hp_per_floor":[71,53,53,53,48,48,48,46,46,46,46,41,41,40,40,21,62,60,54,40,40,18,0],"gold":250,"neow_bonus":"THREE_SMALL_POTIONS","is_prod":false,"is_daily":false,"chose_seed":false,"campfire_upgraded":3,"win_rate":0,"timestamp":1560382828,"path_taken":["M","?","M","M","M","R","M","M","T","R","?","E","$","?","R","BOSS","M","M","M","?","M","E"],"build_version":"2019-01-23","purchased_purges":0,"victory":false,"max_hp_per_floor":[75,75,75,75,75,75,75,75,75,75,75,75,75,75,75,75,75,75,75,75,75,75,75],"card_choices":[{"not_picked":["Hologram","Sweeping Beam","Streamline"],"picked":"SKIP","floor":1},{"not_picked":["Scrape","Rebound"],"picked":"Cold Snap","floor":3},{"not_picked":["Scrape","Hello World"],"picked":"Steam","floor":4},{"not_picked":["Turbo","Amplify","Redo"],"picked":"SKIP","floor":5},{"not_picked":["Melter","Sweeping Beam"],"picked":"Capacitor","floor":7},{"not_picked":["Skim","Reinforced Body"],"picked":"Undo","floor":8},{"not_picked":["Coolheaded+1","Rebound"],"picked":"FTL","floor":12},{"not_picked":["Coolheaded+1","Scrape"],"picked":"Beam Cell","floor":14},{"not_picked":["Rainbow+1","Thunder Strike"],"picked":"Fission+1","floor":16},{"not_picked":["Heatsinks","FTL"],"picked":"Capacitor","floor":18},{"not_picked":["Redo+1","Beam Cell"],"picked":"Conserve Battery+1","floor":19},{"not_picked":["Go for the Eyes","Leap+1"],"picked":"Loop+1","floor":20},{"not_picked":["Self Repair","Chaos+1"],"picked":"Streamline+1","floor":22}],"player_experience":168867,"relics_obtained":[{"floor":9,"key":"Toxic Egg 2"},{"floor":12,"key":"Gremlin Horn"}],"event_choices":[{"damage_healed":0,"gold_gain":0,"player_choice":"Take Damage","damage_taken":18,"relics_obtained":["Golden Idol"],"max_hp_gain":0,"max_hp_loss":0,"event_name":"Golden Idol","floor":2,"gold_loss":0},{"damage_healed":0,"gold_gain":0,"player_choice":"Upgraded","damage_taken":0,"max_hp_gain":0,"max_hp_loss":0,"event_name":"Upgrade Shrine","floor":11,"gold_loss":0,"cards_upgraded":["Capacitor"]},{"damage_healed":0,"gold_gain":0,"player_choice":"Gave Potion","damage_taken":0,"relics_obtained":["Regal Pillow"],"max_hp_gain":0,"max_hp_loss":0,"event_name":"WeMeetAgain","floor":21,"gold_loss":0}],"is_beta":false,"boss_relics":[{"not_picked":["Busted Crown","Tiny House"],"picked":"FrozenCore"}],"items_purged_floors":[],"is_endless":false,"potions_floor_spawned":[3,8,12,14,16,20,22],"killed_by":"Gremlin Leader","ascension_level":5}