{"gold_per_floor":[113,388,407,51,62,62,87,103,129,145,178,196,196,222,222,319,319,329,344,244,254,254,254,280,280,280,280,195,224,242,242,242,347,347,357,357,372,385,398,398,425,425,425,457,557,571,19,49,49,49],"floor_reached":51,"playtime":6156,"items_purged":["Regret","Acrobatics","Pain"],"score":1362,"play_id":"81d5f200-d1a8-447e-b732-0f185bb4cc8b","local_time":"20190731102440","is_ascension_mode":true,"campfire_choices":[{"data":"Glass Knife","floor":6.0,"key":"SMITH"},{"data":"Neutralize","floor":15.0,"key":"SMITH"},{"data":"Footwork","floor":23.0,"key":"SMITH"},{"data":"Wraith Form v2","floor":25.0,"key":"SMITH"},{"data":"A Thousand Cuts","floor":27.0,"key":"SMITH"},{"data":"A Thousand Cuts","floor":32.0,"key":"SMITH"},{"data":"Well Laid Plans","floor":40.0,"key":"SMITH"},{"data":"Choke","floor":42.0,"key":"SMITH"},{"data":"Finesse","floor":49.0,"key":"SMITH"}],"neow_cost":"NONE","seed_source_timestamp":0,"circlet_count":0,"master_deck":["Survivor","Neutralize+1","Noxious Fumes","Cloak And Dagger","Glass Knife+1","Footwork+1","Backflip","Well Laid Plans+1","Corpse Explosion","Adrenaline","Choke+1","Wraith Form v2+1","Skewer","Adrenaline","Flying Knee","A Thousand Cuts+1","A Thousand Cuts+1","Backflip+1","Backstab","Backflip+1","Terror+1","RitualDagger","Deflect+1","Endless Agony+1","Cloak And Dagger+1","Burst","Die Die Die","Cloak And Dagger+1","Blade Dance","Deadly Poison+1","Sucker Punch+1","Cloak And Dagger+1","Caltrops+1","Finesse+1","Endless Agony+1"],"special_seed":0,"relics":["Ring of the Snake","Vajra","Ancient Tea Set","PreservedInsect","Regal Pillow","NlothsMask","Blue Candle","Pandora\u0027s Box","Blood Vial","Sundial","Lantern","Philosopher\u0027s Stone","WarpedTongs","Frozen Egg 2","War Paint","Ice Cream","Pear","Bottled Flame"],"potions_floor_usage":[50,50,50],"damage_taken":[{"damage":0.0,"enemies":"2 Louse","floor":1.0,"turns":4.0},{"damage":1.0,"enemies":"Cultist","floor":3.0,"turns":4.0},{"damage":1.0,"enemies":"Small Slimes","floor":5.0,"turns":4.0},{"damage":2.0,"enemies":"3 Sentries","floor":7.0,"turns":8.0},{"damage":1.0,"enemies":"Blue Slaver","floor":8.0,"turns":4.0},{"damage":2.0,"enemies":"Large Slime","floor":10.0,"turns":6.0},{"damage":8.0,"enemies":"Gremlin Nob","floor":11.0,"turns":3.0},{"damage":4.0,"enemies":"3 Louse","floor":12.0,"turns":4.0},{"damage":0.0,"enemies":"Lagavulin","floor":14.0,"turns":7.0},{"damage":15.0,"enemies":"Hexaghost","floor":16.0,"turns":10.0},{"damage":9.0,"enemies":"Shell Parasite","floor":18.0,"turns":4.0},{"damage":0.0,"enemies":"3 Byrds","floor":19.0,"turns":2.0},{"damage":0.0,"enemies":"Snecko","floor":21.0,"turns":3.0},{"damage":0.0,"enemies":"Slavers","floor":24.0,"turns":1.0},{"damage":3.0,"enemies":"Gremlin Leader","floor":29.0,"turns":3.0},{"damage":3.0,"enemies":"Sentry and Sphere","floor":30.0,"turns":4.0},{"damage":16.0,"enemies":"Champ","floor":33.0,"turns":8.0},{"damage":8.0,"enemies":"Orb Walker","floor":35.0,"turns":2.0},{"damage":0.0,"enemies":"3 Shapes","floor":37.0,"turns":3.0},{"damage":6.0,"enemies":"Jaw Worm Horde","floor":38.0,"turns":3.0},{"damage":12.0,"enemies":"Maw","floor":39.0,"turns":5.0},{"damage":0.0,"enemies":"Reptomancer","floor":41.0,"turns":1.0},{"damage":15.0,"enemies":"Giant Head","floor":44.0,"turns":5.0},{"damage":1.0,"enemies":"Mind Bloom Boss Battle","floor":45.0,"turns":6.0},{"damage":15.0,"enemies":"Spire Growth","floor":46.0,"turns":4.0},{"damage":0.0,"enemies":"Reptomancer","floor":48.0,"turns":3.0},{"damage":46,"enemies":"Awakened One","floor":50,"turns":10}],"seed_played":"-6657522902699685448","potions_obtained":[{"floor":3.0,"key":"PowerPotion"},{"floor":5.0,"key":"Block Potion"},{"floor":7.0,"key":"GamblersBrew"},{"floor":12.0,"key":"FearPotion"},{"floor":16.0,"key":"EntropicBrew"},{"floor":24.0,"key":"Poison Potion"},{"floor":29.0,"key":"SkillPotion"},{"floor":41.0,"key":"Weak Potion"},{"floor":44.0,"key":"Regen Potion"},{"floor":45.0,"key":"Weak Potion"},{"floor":46.0,"key":"GamblersBrew"},{"floor":48.0,"key":"PowerPotion"}],"is_trial":false,"path_per_floor":["M","?","M","$","M","R","E","M","T","M","E","M","?","E","R","B",null,"M","M","$","M","?","R","E","R","T","R","?","E","M","?","R","B",null,"M","?","M","M","M","R","E","R","T","E","?","M","$","E","R","B",null],"character_chosen":"THE_SILENT","items_purchased":["Glass Knife","Footwork","Vajra","Pear","Caltrops+1","Finesse"],"campfire_rested":0,"item_purchase_floors":[4,4,4,47,47,47],"current_hp_per_floor":[70,70,69,69,68,68,66,65,65,63,55,51,51,51,51,36,67,58,58,58,58,52,52,52,52,52,52,52,51,50,50,50,36,67,61,61,63,59,49,49,51,51,51,38,54,41,51,53,53,9],"gold":49,"neow_bonus":"TEN_PERCENT_HP_BONUS","is_prod":false,"is_daily":false,"chose_seed":false,"campfire_upgraded":9,"win_rate":0,"timestamp":1564593880,"path_taken":["M","?","M","$","M","R","E","?","T","?","E","M","?","E","R","BOSS","M","?","$","M","?","R","E","R","T","R","?","E","M","?","R","BOSS","M","?","M","?","M","R","E","R","T","E","?","M","$","E","R","BOSS"],"build_version":"2019-07-17","purchased_purges":3,"victory":true,"max_hp_per_floor":[77,77,77,77,77,77,77,77,77,77,77,77,77,77,77,77,77,77,77,77,77,77,77,77,77,77,77,77,77,77,77,77,77,77,77,77,77,77,77,77,77,77,77,77,77,77,87,87,87,87],"card_choices":[{"not_picked":["Prepared","Backflip"],"picked":"Noxious Fumes","floor":1.0},{"not_picked":["Outmaneuver","Acrobatics"],"picked":"Cloak And Dagger","floor":3.0},{"not_picked":["Tools of the Trade","Accuracy"],"picked":"Backflip","floor":5.0},{"not_picked":["Prepared","Backflip","Calculated Gamble"],"picked":"SKIP","floor":7.0},{"not_picked":["Outmaneuver","Slice","Dagger Throw"],"picked":"SKIP","floor":8.0},{"not_picked":["Poisoned Stab","Leg Sweep"],"picked":"Well Laid Plans","floor":10.0},{"not_picked":["Slice","Tactician","Deflect"],"picked":"SKIP","floor":11.0},{"not_picked":["Flying Knee","Poisoned Stab","Concentrate"],"picked":"SKIP","floor":12.0},{"not_picked":["Blade Dance","Skewer"],"picked":"Corpse Explosion","floor":14.0},{"not_picked":["Bullet Time","Unload"],"picked":"Adrenaline","floor":16.0},{"not_picked":["Accuracy","Quick Slash"],"picked":"Backflip+1","floor":18.0},{"not_picked":["Quick Slash","Outmaneuver","Dagger Throw"],"picked":"SKIP","floor":19.0},{"not_picked":["Underhanded Strike","Caltrops"],"picked":"Terror+1","floor":21.0},{"not_picked":["Unload","Terror"],"picked":"Deflect","floor":24.0},{"not_picked":["Poisoned Stab","Setup"],"picked":"Endless Agony+1","floor":29.0},{"not_picked":["Deflect","Poisoned Stab+1"],"picked":"Cloak And Dagger+1","floor":30.0},{"not_picked":["Doppelganger","Phantasmal Killer"],"picked":"Die Die Die","floor":33.0},{"not_picked":["Caltrops","Dagger Spray"],"picked":"Cloak And Dagger+1","floor":35.0},{"not_picked":["Bane+1","Underhanded Strike+1","Quick Slash+1"],"picked":"SKIP","floor":37.0},{"not_picked":["Unload","Heel Hook","Dash"],"picked":"SKIP","floor":38.0},{"not_picked":["Setup+1","Slice"],"picked":"Blade Dance","floor":39.0},{"not_picked":["Quick Slash","Expertise"],"picked":"Deadly Poison+1","floor":41.0},{"not_picked":["Acrobatics","Prepared+1"],"picked":"Sucker Punch+1","floor":44.0},{"not_picked":["Infinite Blades+1","Bane+1"],"picked":"Cloak And Dagger+1","floor":45.0},{"not_picked":["Riddle With Holes","Deadly Poison+1","Flying Knee+1"],"picked":"SKIP","floor":46.0},{"not_picked":["Deflect","Eviscerate+1"],"picked":"Endless Agony+1","floor":48.0}],"player_experience":427932,"relics_obtained":[{"floor":7.0,"key":"Ancient Tea Set"},{"floor":9.0,"key":"PreservedInsect"},{"floor":11.0,"key":"Regal Pillow"},{"floor":14.0,"key":"Blue Candle"},{"floor":24.0,"key":"Blood Vial"},{"floor":29.0,"key":"Lantern"},{"floor":41.0,"key":"Frozen Egg 2"},{"floor":44.0,"key":"War Paint"},{"floor":45.0,"key":"Ice Cream"},{"floor":48.0,"key":"Bottled Flame"}],"event_choices":[{"damage_healed":0.0,"max_hp_gain":0.0,"max_hp_loss":0.0,"gold_gain":275.0,"event_name":"Golden Shrine","player_choice":"Desecrate","floor":2.0,"gold_loss":0.0,"damage_taken":0.0,"cards_obtained":["Regret"]},{"damage_healed":0.0,"max_hp_gain":0.0,"max_hp_loss":0.0,"gold_gain":0.0,"event_name":"FaceTrader","player_choice":"Trade","floor":13.0,"gold_loss":0.0,"damage_taken":0.0,"relics_obtained":["NlothsMask"]},{"damage_healed":0.0,"max_hp_gain":0.0,"max_hp_loss":0.0,"gold_gain":0.0,"event_name":"Nest","player_choice":"Joined the Cult","floor":22.0,"gold_loss":0.0,"damage_taken":6.0,"cards_obtained":["RitualDagger"]},{"damage_healed":0.0,"max_hp_gain":0.0,"max_hp_loss":0.0,"gold_gain":0.0,"event_name":"Addict","player_choice":"Obtained Relic","floor":28.0,"gold_loss":85.0,"damage_taken":0.0,"relics_obtained":["Sundial"]},{"damage_healed":0.0,"max_hp_gain":0.0,"max_hp_loss":0.0,"gold_gain":0.0,"event_name":"The Library","player_choice":"Read","floor":31.0,"gold_loss":0.0,"damage_taken":0.0,"cards_obtained":["Burst"]},{"damage_healed":0.0,"max_hp_gain":0.0,"max_hp_loss":0.0,"gold_gain":0.0,"event_name":"Accursed Blacksmith","player_choice":"Rummage","floor":36.0,"gold_loss":0.0,"damage_taken":0.0,"relics_obtained":["WarpedTongs"],"cards_obtained":["Pain"]},{"damage_healed":0.0,"max_hp_gain":0.0,"max_hp_loss":0.0,"gold_gain":0.0,"event_name":"MindBloom","player_choice":"Fight","floor":45.0,"gold_loss":0.0,"damage_taken":0.0}],"is_beta":false,"boss_relics":[{"not_picked":["Ectoplasm","Lizard Tail"],"picked":"Pandora\u0027s Box"},{"not_picked":["Runic Pyramid","Runic Dome"],"picked":"Philosopher\u0027s Stone"}],"items_purged_floors":[4,20,47],"is_endless":false,"potions_floor_spawned":[3,5,7,12,16,24,29,41,44,45,46,48],"ascension_level":9}