{"gold_per_floor":[112,124,124,124,49,80,80,107,131,131,141,167,167],"floor_reached":13,"playtime":714,"items_purged":["Strike_R"],"score":162,"play_id":"5b15b4bf-bdb6-467f-b515-2160e8a0d699","local_time":"20190708185314","is_ascension_mode":true,"campfire_choices":[{"floor":7,"key":"REST"},{"data":"True Grit","floor":10,"key":"SMITH"}],"neow_cost":"NONE","seed_source_timestamp":563355653697537,"circlet_count":0,"master_deck":["AscendersBane","Strike_R","Strike_R","Strike_R","Defend_R+1","Defend_R","Defend_R","Defend_R+1","Bash","Flame Barrier","Uppercut","Anger","Spot Weakness","True Grit+1","Clothesline","Impervious"],"relics":["Burning Blood","Dream Catcher","Shuriken","Pantograph","Bag of Marbles","Mercury Hourglass"],"potions_floor_usage":[8],"damage_taken":[{"damage":14,"enemies":"Small Slimes","floor":1,"turns":5},{"damage":1,"enemies":"2 Louse","floor":2,"turns":3},{"damage":36,"enemies":"3 Sentries","floor":6,"turns":14},{"damage":17,"enemies":"Gremlin Nob","floor":8,"turns":4},{"damage":0,"enemies":"Jaw Worm","floor":11,"turns":3},{"damage":26,"enemies":"Lagavulin","floor":12,"turns":8},{"damage":11,"enemies":"Exordium Wildlife","floor":13,"turns":1}],"seed_played":"7788221524488661005","potions_obtained":[{"floor":2,"key":"Strength Potion"},{"floor":12,"key":"Ancient Potion"}],"is_trial":false,"path_per_floor":["M","M","?","?","$","E","R","E","T","R","M","E","M"],"character_chosen":"IRONCLAD","items_purchased":[],"campfire_rested":1,"item_purchase_floors":[],"current_hp_per_floor":[64,69,53,41,41,11,35,24,24,24,30,10,0],"gold":167,"neow_bonus":"REMOVE_CARD","is_prod":false,"is_daily":false,"chose_seed":false,"campfire_upgraded":1,"win_rate":0,"timestamp":1562626394,"path_taken":["M","M","?","?","?","E","R","E","T","R","?","E","M"],"build_version":"2019-07-05","purchased_purges":1,"victory":false,"max_hp_per_floor":[80,80,80,80,80,80,80,80,80,80,80,80,80],"card_choices":[{"not_picked":["Warcry","Twin Strike"],"picked":"Flame Barrier","floor":1},{"not_picked":["Wild Strike","Perfected Strike"],"picked":"Uppercut","floor":2},{"not_picked":["Whirlwind","Warcry"],"picked":"Anger","floor":6},{"not_picked":["Cleave","Sword Boomerang"],"picked":"Spot Weakness","floor":7},{"not_picked":["Dark Embrace","Headbutt"],"picked":"True Grit","floor":8},{"not_picked":["Intimidate","Bloodletting"],"picked":"Clothesline","floor":11},{"not_picked":["Dual Wield","Blood for Blood"],"picked":"Impervious","floor":12}],"player_experience":664276,"relics_obtained":[{"floor":6,"key":"Shuriken"},{"floor":8,"key":"Pantograph"},{"floor":9,"key":"Bag of Marbles"},{"floor":12,"key":"Mercury Hourglass"}],"event_choices":[{"damage_healed":0,"gold_gain":0,"player_choice":"Entered Light","damage_taken":16,"max_hp_gain":0,"max_hp_loss":0,"event_name":"Shining Light","floor":3,"gold_loss":0,"cards_upgraded":["Defend_R","Defend_R"]},{"damage_healed":0,"gold_gain":0,"player_choice":"Success","damage_taken":12,"relics_obtained":["Dream Catcher"],"max_hp_gain":0,"max_hp_loss":0,"event_name":"Scrap Ooze","floor":4,"gold_loss":0}],"is_beta":false,"boss_relics":[],"items_purged_floors":[5],"is_endless":false,"potions_floor_spawned":[2,12],"killed_by":"Exordium Wildlife","ascension_level":12}