{"gold_per_floor":[112,126,301,301,301,332,350,380,427,452,64,80,80,136,136,232,232,251,351,361,361,10,27,62,62,89,17,17,37,37,69,69,172,172,188,212,212,225,241,268,282,294,294,328,347,378,389,402,402,402,402,402,6,36,36],"floor_reached":55,"playtime":6714,"items_purged":["Regret","Doubt"],"score":1120,"play_id":"6a0aac7b-8ba9-4b90-bcb7-9545560b8a3a","local_time":"20190121145726","is_ascension_mode":true,"campfire_choices":[{"floor":13,"key":"REST"},{"data":"Neutralize","floor":15,"key":"SMITH"},{"data":"After Image","floor":25,"key":"SMITH"},{"data":"Infinite Blades","floor":28,"key":"SMITH"},{"data":"Glass Knife","floor":30,"key":"SMITH"},{"floor":32,"key":"REST"},{"floor":49,"key":"RECALL"},{"data":"Accuracy","floor":52,"key":"SMITH"}],"neow_cost":"NONE","seed_source_timestamp":838805638414066,"circlet_count":0,"master_deck":["Defend_G+1","Defend_G+1","Defend_G+1","Defend_G+1","Defend_G+1","Strike_G+1","Strike_G+1","Strike_G+1","Strike_G+1","Strike_G+1","Survivor","Neutralize+1","Infinite Blades+1","Footwork","Blade Dance","Accuracy+1","Glass Knife+1","Deflect","Bandage Up","Flying Knee","Heel Hook","Choke","After Image+1","Deflect","Backstab","Escape Plan+1","PiercingWail","Flying Knee","Heel Hook","Escape Plan","Caltrops","Storm of Steel","Escape Plan","Envenom","Calculated Gamble+1","Deflect","Prepared+1","Sucker Punch","Escape Plan","PiercingWail+1","Endless Agony+1","Bane","Choke","Malaise","Sucker Punch+1"],"relics":["Ring of the Serpent","NeowsBlessing","Darkstone Periapt","Art of War","Ornamental Fan","Strawberry","Dream Catcher","Bronze Scales","TwistedFunnel","Tiny Chest","Calipers","Gremlin Horn","Lee\u0027s Waffle","FossilizedHelix","Bag of Preparation","Busted Crown","Potion Belt","Blood Vial","Boot","PreservedInsect","Ancient Tea Set","Chemical X","Pen Nib"],"potions_floor_usage":[8,10,14,14,14,19,23,24,31,39,40,40,46,55,55],"damage_taken":[{"damage":0,"enemies":"2 Louse","floor":1,"turns":1},{"damage":0,"enemies":"Jaw Worm","floor":2,"turns":1},{"damage":0,"enemies":"3 Sentries","floor":6,"turns":1},{"damage":5,"enemies":"Cultist","floor":7,"turns":5},{"damage":14,"enemies":"Gremlin Nob","floor":8,"turns":5},{"damage":23,"enemies":"3 Sentries","floor":10,"turns":8},{"damage":11,"enemies":"Blue Slaver","floor":12,"turns":2},{"damage":18,"enemies":"Gremlin Nob","floor":14,"turns":4},{"damage":24,"enemies":"Hexaghost","floor":16,"turns":9},{"damage":17,"enemies":"Shell Parasite","floor":18,"turns":5},{"damage":28,"enemies":"Colosseum Slavers","floor":19,"turns":3},{"damage":28,"enemies":"Colosseum Nobs","floor":19,"turns":4},{"damage":2,"enemies":"3 Byrds","floor":20,"turns":3},{"damage":19,"enemies":"Centurion and Healer","floor":23,"turns":6},{"damage":26,"enemies":"Slavers","floor":24,"turns":5},{"damage":5,"enemies":"Shelled Parasite and Fungi","floor":29,"turns":5},{"damage":12,"enemies":"Gremlin Leader","floor":31,"turns":6},{"damage":0,"enemies":"Champ","floor":33,"turns":12},{"damage":0,"enemies":"Orb Walker","floor":35,"turns":3},{"damage":0,"enemies":"3 Darklings","floor":38,"turns":4},{"damage":0,"enemies":"4 Shapes","floor":39,"turns":6},{"damage":0,"enemies":"Reptomancer","floor":40,"turns":6},{"damage":16,"enemies":"Spire Growth","floor":41,"turns":6},{"damage":0,"enemies":"Transient","floor":42,"turns":5},{"damage":0,"enemies":"Giant Head","floor":44,"turns":10},{"damage":0,"enemies":"Maw","floor":45,"turns":7},{"damage":0,"enemies":"Reptomancer","floor":46,"turns":6},{"damage":5,"enemies":"Spire Growth","floor":47,"turns":5},{"damage":0,"enemies":"3 Darklings","floor":48,"turns":6},{"damage":66,"enemies":"Donu and Deca","floor":50,"turns":11},{"damage":30,"enemies":"Shield and Spear","floor":54,"turns":7},{"damage":86,"enemies":"The Heart","floor":55,"turns":8}],"seed_played":"3026481917509538476","potions_obtained":[{"floor":1,"key":"FearPotion"},{"floor":8,"key":"FearPotion"},{"floor":12,"key":"EntropicBrew"},{"floor":18,"key":"Poison Potion"},{"floor":19,"key":"PowerPotion"},{"floor":20,"key":"Fire Potion"},{"floor":24,"key":"Weak Potion"},{"floor":33,"key":"AttackPotion"},{"floor":35,"key":"Poison Potion"},{"floor":39,"key":"EssenceOfSteel"},{"floor":45,"key":"Block Potion"},{"floor":47,"key":"Regen Potion"},{"floor":54,"key":"Explosive Potion"}],"is_trial":false,"path_per_floor":["M","M","?","?","?","E","M","E","T","E","$","M","R","E","R","B",null,"M","?","M","?","$","M","E","R","T","$","R","M","R","E","R","B",null,"M","T","?","M","M","E","M","M","T","E","M","E","M","M","R","B",null,"R","$","E","B"],"character_chosen":"THE_SILENT","items_purchased":["Deflect","TwistedFunnel","Bandage Up","Lee\u0027s Waffle","PiercingWail","Escape Plan","Malaise","Chemical X","Energy Potion"],"campfire_rested":2,"item_purchase_floors":[11,11,11,22,22,27,53,53,53],"current_hp_per_floor":[70,70,70,67,73,73,68,61,61,38,38,27,51,37,37,17,83,66,14,16,16,90,75,53,53,53,53,53,52,52,44,71,75,90,90,90,90,90,90,90,74,80,80,86,90,90,85,90,90,28,90,90,90,64,0],"gold":36,"neow_bonus":"THREE_ENEMY_KILL","is_prod":false,"is_daily":false,"chose_seed":false,"campfire_upgraded":5,"win_rate":0,"timestamp":1548061046,"path_taken":["M","M","?","?","?","E","M","E","T","E","?","M","R","E","R","BOSS","M","?","M","?","$","?","E","R","T","$","R","M","R","E","R","BOSS","M","?","?","?","M","E","M","M","T","E","M","E","M","M","R","BOSS","R","$","E","BOSS"],"build_version":"2019-01-17v2","purchased_purges":2,"victory":false,"max_hp_per_floor":[70,70,70,70,76,76,76,83,83,83,83,83,83,83,83,83,83,83,83,83,83,90,90,90,90,90,90,90,90,90,90,90,90,90,90,90,90,90,90,90,90,90,90,90,90,90,90,90,90,90,90,90,90,90,90],"card_choices":[{"not_picked":["Flechettes","Acrobatics"],"picked":"Infinite Blades","floor":1},{"not_picked":["Cloak And Dagger","Riddle With Holes"],"picked":"Calculated Gamble","floor":2},{"not_picked":["Catalyst","Finisher"],"picked":"Footwork","floor":6},{"not_picked":["Quick Slash","Terror"],"picked":"Blade Dance","floor":7},{"not_picked":["Flying Knee","Backflip"],"picked":"Accuracy","floor":8},{"not_picked":["Deadly Poison","Bouncing Flask"],"picked":"Glass Knife","floor":10},{"not_picked":["Flechettes","Poisoned Stab"],"picked":"Flying Knee","floor":12},{"not_picked":["Flying Knee","Dagger Throw"],"picked":"Heel Hook","floor":13},{"not_picked":["Underhanded Strike","Burst"],"picked":"Choke","floor":14},{"not_picked":["Tools of the Trade","A Thousand Cuts"],"picked":"After Image","floor":16},{"not_picked":["Underhanded Strike","Finisher"],"picked":"Deflect","floor":18},{"not_picked":["Quick Slash","PiercingWail"],"picked":"Backstab","floor":19},{"not_picked":["Concentrate","Infinite Blades"],"picked":"Escape Plan+1","floor":20},{"not_picked":["Catalyst","Acrobatics"],"picked":"Flying Knee","floor":23},{"not_picked":["Distraction+1","Outmaneuver+1"],"picked":"Heel Hook","floor":24},{"not_picked":["Dagger Spray","PiercingWail"],"picked":"Caltrops","floor":29},{"not_picked":["Dagger Throw+1","PiercingWail"],"picked":"Storm of Steel","floor":31},{"not_picked":["Terror+1","Calculated Gamble+1"],"picked":"Escape Plan","floor":32},{"not_picked":["Tools of the Trade","Grand Finale"],"picked":"Envenom","floor":33},{"not_picked":[],"picked":"Calculated Gamble+1","floor":35},{"not_picked":[],"picked":"Prepared+1","floor":38},{"not_picked":[],"picked":"Sucker Punch","floor":39},{"not_picked":["Setup"],"picked":"SKIP","floor":40},{"not_picked":[],"picked":"Escape Plan","floor":41},{"not_picked":["Poisoned Stab"],"picked":"SKIP","floor":42},{"not_picked":["Outmaneuver+1"],"picked":"SKIP","floor":44},{"not_picked":[],"picked":"PiercingWail+1","floor":45},{"not_picked":[],"picked":"Endless Agony+1","floor":46},{"not_picked":[],"picked":"Bane","floor":47},{"not_picked":[],"picked":"Choke","floor":48},{"not_picked":[],"picked":"Sucker Punch+1","floor":54}],"player_experience":614929,"relics_obtained":[{"floor":6,"key":"Ornamental Fan"},{"floor":8,"key":"Strawberry"},{"floor":9,"key":"Dream Catcher"},{"floor":10,"key":"Bronze Scales"},{"floor":14,"key":"Tiny Chest"},{"floor":19,"key":"Calipers"},{"floor":19,"key":"Gremlin Horn"},{"floor":24,"key":"FossilizedHelix"},{"floor":31,"key":"Bag of Preparation"},{"floor":36,"key":"Potion Belt"},{"floor":40,"key":"Blood Vial"},{"floor":43,"key":"Boot"},{"floor":44,"key":"PreservedInsect"},{"floor":46,"key":"Ancient Tea Set"},{"floor":54,"key":"Pen Nib"}],"event_choices":[{"damage_healed":0,"gold_gain":175,"player_choice":"AGREE","damage_taken":0,"max_hp_gain":0,"max_hp_loss":0,"event_name":"Liars Game","floor":3,"gold_loss":0,"cards_obtained":["Doubt"]},{"damage_healed":0,"gold_gain":0,"player_choice":"Success","damage_taken":3,"relics_obtained":["Darkstone Periapt"],"max_hp_gain":0,"max_hp_loss":0,"event_name":"Scrap Ooze","floor":4,"gold_loss":0},{"damage_healed":0,"gold_gain":0,"player_choice":"Box","damage_taken":0,"relics_obtained":["Art of War"],"max_hp_gain":0,"max_hp_loss":0,"event_name":"Big Fish","floor":5,"gold_loss":0,"cards_obtained":["Regret"]},{"damage_healed":0,"gold_gain":0,"player_choice":"Fight","damage_taken":0,"max_hp_gain":0,"max_hp_loss":0,"event_name":"Colosseum","floor":19,"gold_loss":0},{"damage_healed":0,"gold_gain":0,"player_choice":"Fought Nobs","damage_taken":0,"max_hp_gain":0,"max_hp_loss":0,"event_name":"Colosseum","floor":19,"gold_loss":0},{"damage_healed":0,"gold_gain":0,"player_choice":"Simplicity","damage_taken":0,"max_hp_gain":0,"max_hp_loss":0,"event_name":"Back to Basics","floor":21,"gold_loss":0,"cards_upgraded":["Defend_G","Defend_G","Defend_G","Defend_G","Defend_G","Strike_G","Strike_G","Strike_G","Strike_G","Strike_G"]},{"damage_healed":0,"gold_gain":0,"cards_transformed":["Calculated Gamble"],"player_choice":"Transformed","damage_taken":0,"max_hp_gain":0,"max_hp_loss":0,"event_name":"Transmorgrifier","floor":37,"gold_loss":0,"cards_obtained":["Deflect"]}],"is_beta":false,"boss_relics":[{"not_picked":["White Beast Statue","Philosopher\u0027s Stone"],"picked":"Ring of the Serpent"},{"not_picked":["Runic Dome","Tiny House"],"picked":"Busted Crown"}],"items_purged_floors":[11,22],"is_endless":false,"potions_floor_spawned":[1,8,12,18,19,20,24,33,35,39,45,47,54],"killed_by":"The Heart","ascension_level":2}