{"gold_per_floor":[109,119,44,55,55,55,95,95,120,20,20,20,44,59,59,188,188,202,233,233,257,277,277,78,102,102,137,137],"floor_reached":28,"playtime":2336,"items_purged":["Strike_G","Defend_G","Defend_G"],"score":262,"play_id":"37b3efe3-a882-48f2-8759-00af2084d5be","local_time":"20190728130010","is_ascension_mode":true,"campfire_choices":[{"data":"Neutralize","floor":6,"key":"SMITH"},{"floor":8,"key":"REST"},{"data":"Phantasmal Killer","floor":11,"key":"SMITH"},{"data":"All Out Attack","floor":15,"key":"SMITH"},{"data":"Phantasmal Killer","floor":23,"key":"SMITH"}],"neow_cost":"PERCENT_DAMAGE","seed_source_timestamp":208777649080617,"circlet_count":0,"master_deck":["Strike_G","Strike_G","Defend_G","Defend_G","Survivor","Neutralize+1","Phantasmal Killer+1","Footwork","All Out Attack+1","Dodge and Roll","Endless Agony","Escape Plan","Deflect","Malaise","Calculated Gamble+1","Footwork","Phantasmal Killer+1","Quick Slash","PiercingWail","Noxious Fumes"],"relics":["Ring of the Snake","Golden Idol","Happy Flower","Regal Pillow","Busted Crown","Red Mask","Unceasing Top","Omamori"],"potions_floor_usage":[4,16,25,27],"damage_taken":[{"damage":0,"enemies":"2 Louse","floor":1,"turns":2},{"damage":4,"enemies":"Cultist","floor":2,"turns":3},{"damage":2,"enemies":"Jaw Worm","floor":4,"turns":3},{"damage":23,"enemies":"3 Sentries","floor":7,"turns":13},{"damage":9,"enemies":"Red Slaver","floor":13,"turns":5},{"damage":6,"enemies":"Large Slime","floor":14,"turns":6},{"damage":3,"enemies":"The Guardian","floor":16,"turns":15},{"damage":0,"enemies":"3 Byrds","floor":18,"turns":6},{"damage":13,"enemies":"Masked Bandits","floor":19,"turns":7},{"damage":9,"enemies":"Shell Parasite","floor":21,"turns":6},{"damage":1,"enemies":"Centurion and Healer","floor":22,"turns":6},{"damage":17,"enemies":"Cultist and Chosen","floor":25,"turns":8},{"damage":25,"enemies":"Slavers","floor":27,"turns":8},{"damage":8,"enemies":"Snake Plant","floor":28,"turns":2}],"seed_played":"5582222875663205368","potions_obtained":[{"floor":1,"key":"Fruit Juice"},{"floor":13,"key":"SpeedPotion"},{"floor":14,"key":"Dexterity Potion"},{"floor":16,"key":"AttackPotion"},{"floor":19,"key":"SpeedPotion"},{"floor":22,"key":"Explosive Potion"}],"is_trial":false,"path_per_floor":["M","M","$","M","?","R","E","R","T","$","R","?","M","M","R","B",null,"M","?","?","M","M","R","$","M","T","E","M"],"character_chosen":"THE_SILENT","items_purchased":["Noxious Fumes"],"campfire_rested":1,"item_purchase_floors":[24],"current_hp_per_floor":[49,45,45,48,48,48,25,45,45,45,45,69,60,54,54,51,69,69,56,56,47,46,46,46,29,29,4,0],"gold":137,"neow_bonus":"TRANSFORM_TWO_CARDS","is_prod":false,"is_daily":false,"chose_seed":false,"campfire_upgraded":4,"win_rate":0,"timestamp":1564344010,"path_taken":["M","M","$","M","?","R","E","R","T","$","R","?","M","M","R","BOSS","M","?","?","M","?","R","$","M","T","E","?"],"build_version":"2019-07-17","purchased_purges":3,"victory":false,"max_hp_per_floor":[70,70,70,75,69,69,69,69,69,69,69,69,69,69,69,69,69,69,69,69,69,69,69,69,69,69,69,69],"card_choices":[{"not_picked":["Flying Knee","Accuracy"],"picked":"Footwork","floor":1},{"not_picked":["Poisoned Stab","Deadly Poison"],"picked":"All Out Attack","floor":2},{"not_picked":["Prepared","Infinite Blades"],"picked":"Dodge and Roll","floor":4},{"not_picked":["Outmaneuver","Eviscerate"],"picked":"Endless Agony","floor":7},{"not_picked":["Phantasmal Killer","PiercingWail"],"picked":"Escape Plan","floor":13},{"not_picked":["Cloak And Dagger","Outmaneuver"],"picked":"Deflect","floor":14},{"not_picked":["Night Terror","Doppelganger"],"picked":"Malaise","floor":16},{"not_picked":[],"picked":"Calculated Gamble+1","floor":18},{"not_picked":[],"picked":"Footwork","floor":19},{"not_picked":[],"picked":"Quick Slash","floor":21},{"not_picked":[],"picked":"PiercingWail","floor":22},{"not_picked":["Heel Hook"],"picked":"SKIP","floor":25},{"not_picked":["Infinite Blades"],"picked":"SKIP","floor":27}],"player_experience":255175,"relics_obtained":[{"floor":7,"key":"Happy Flower"},{"floor":9,"key":"Regal Pillow"},{"floor":19,"key":"Red Mask"},{"floor":26,"key":"Unceasing Top"},{"floor":27,"key":"Omamori"}],"event_choices":[{"damage_healed":0,"gold_gain":0,"player_choice":"Lose Max HP","damage_taken":0,"relics_obtained":["Golden Idol"],"max_hp_gain":0,"max_hp_loss":6,"event_name":"Golden Idol","floor":5,"gold_loss":0},{"cards_removed":["Distraction"],"damage_healed":24,"gold_gain":0,"player_choice":"Offered Uncommon","damage_taken":0,"max_hp_gain":0,"max_hp_loss":0,"event_name":"Bonfire Elementals","floor":12,"gold_loss":0},{"damage_healed":0,"gold_gain":0,"player_choice":"Fought Bandits","damage_taken":0,"max_hp_gain":0,"max_hp_loss":0,"event_name":"Masked Bandits","floor":19,"gold_loss":0},{"damage_healed":0,"gold_gain":0,"cards_transformed":["Strike_G"],"player_choice":"Transformed","damage_taken":0,"max_hp_gain":0,"max_hp_loss":0,"event_name":"Transmorgrifier","floor":20,"gold_loss":0,"cards_obtained":["Phantasmal Killer"]}],"is_beta":false,"boss_relics":[{"not_picked":["Velvet Choker","Runic Pyramid"],"picked":"Busted Crown"}],"items_purged_floors":[3,10,24],"is_endless":false,"potions_floor_spawned":[1,13,14,16,19,22],"killed_by":"Snake Plant","ascension_level":2}