{"gold_per_floor":[19,19,34,34,34,34,34,34,34,58,76,89,107,132,132,252,315,340,353,353,371,75,75,94,94,94,94,94,118,143,43,43,169,169,193,193,68,68,89,89,104,104,104,118,131,131],"floor_reached":46,"playtime":1746,"items_purged":["Strike_R","Strike_R","Defend_R"],"score":458,"play_id":"c78197cb-4114-4490-9dce-aabb9dcbf22b","local_time":"20190726183559","is_ascension_mode":true,"campfire_choices":[{"data":"Bash","floor":6,"key":"SMITH"},{"floor":15,"key":"REST"},{"data":"Seeing Red","floor":23,"key":"SMITH"},{"data":"Inflame","floor":27,"key":"SMITH"},{"data":"Heavy Blade","floor":32,"key":"SMITH"},{"data":"Searing Blow+2","floor":40,"key":"SMITH"},{"data":"Berserk","floor":42,"key":"SMITH"}],"neow_cost":"NO_GOLD","seed_source_timestamp":180479282997010,"circlet_count":0,"master_deck":["Strike_R+1","Defend_R+1","Bash+1","Inflame+1","Heavy Blade+1","Flame Barrier","Battle Trance+1","Rampage","Feed","Pummel","Clothesline+1","Necronomicurse","Rampage","Seeing Red+1","Ghostly Armor","Searing Blow+3","Wild Strike+1","Offering","Combust","Berserk+1","True Grit+1","Heavy Blade+1"],"relics":["Burning Blood","Golden Idol","Paper Frog","Tiny House","Necronomicon","Vajra","Sundial","Empty Cage","Prayer Wheel"],"potions_floor_usage":[18,24,29,33,41],"damage_taken":[{"damage":5,"enemies":"Small Slimes","floor":1,"turns":4},{"damage":5,"enemies":"2 Louse","floor":3,"turns":3},{"damage":0,"enemies":"Cultist","floor":10,"turns":3},{"damage":14,"enemies":"Looter","floor":11,"turns":3},{"damage":2,"enemies":"Red Slaver","floor":12,"turns":3},{"damage":11,"enemies":"Exordium Wildlife","floor":13,"turns":4},{"damage":0,"enemies":"Large Slime","floor":14,"turns":5},{"damage":26,"enemies":"Slime Boss","floor":16,"turns":8},{"damage":27,"enemies":"Chosen","floor":18,"turns":7},{"damage":13,"enemies":"3 Byrds","floor":19,"turns":5},{"damage":0,"enemies":"Snecko","floor":21,"turns":2},{"damage":11,"enemies":"Sentry and Sphere","floor":24,"turns":3},{"damage":13,"enemies":"Cultist and Chosen","floor":29,"turns":5},{"damage":3,"enemies":"Centurion and Healer","floor":30,"turns":4},{"damage":27,"enemies":"Automaton","floor":33,"turns":5},{"damage":6,"enemies":"Orb Walker","floor":35,"turns":2},{"damage":20,"enemies":"3 Shapes","floor":39,"turns":4},{"damage":52,"enemies":"Transient","floor":41,"turns":5},{"damage":15,"enemies":"3 Darklings","floor":44,"turns":4},{"damage":19,"enemies":"Jaw Worm Horde","floor":45,"turns":4},{"damage":12,"enemies":"Writhing Mass","floor":46,"turns":2}],"seed_played":"-2620728750445586966","potions_obtained":[{"floor":8,"key":"Ancient Potion"},{"floor":8,"key":"GamblersBrew"},{"floor":8,"key":"Block Potion"},{"floor":12,"key":"Fire Potion"},{"floor":17,"key":"BloodPotion"},{"floor":18,"key":"SteroidPotion"},{"floor":29,"key":"Dexterity Potion"},{"floor":33,"key":"AttackPotion"},{"floor":35,"key":"LiquidBronze"},{"floor":45,"key":"LiquidBronze"}],"is_trial":false,"path_per_floor":["M","?","M","$","?","R","$","?","T","M","M","M","M","M","R","B",null,"M","M","?","M","$","R","M","$","T","R","?","M","M","$","R","B",null,"M","?","$","?","M","R","M","R","T","M","M","M"],"character_chosen":"IRONCLAD","items_purchased":["Vajra","Seeing Red"],"campfire_rested":1,"item_purchase_floors":[22,22],"current_hp_per_floor":[80,60,61,61,45,45,45,45,45,51,43,47,42,48,72,52,85,64,60,44,50,50,50,67,67,67,67,67,60,63,63,63,42,88,88,88,88,88,77,77,31,31,31,22,12,0],"gold":131,"neow_bonus":"REMOVE_TWO","is_prod":false,"is_daily":false,"chose_seed":false,"campfire_upgraded":6,"win_rate":0,"timestamp":1564191359,"path_taken":["M","?","M","$","?","R","$","?","T","M","M","M","M","M","R","BOSS","M","M","?","M","$","R","M","$","T","R","?","M","?","$","R","BOSS","M","?","$","?","M","R","M","R","T","M","?","M"],"build_version":"2019-07-17","purchased_purges":3,"victory":false,"max_hp_per_floor":[80,80,80,80,80,80,80,80,80,80,80,80,80,80,80,80,85,85,88,88,88,88,88,88,88,88,88,88,88,88,88,88,88,88,88,88,88,88,91,91,91,91,91,91,94,94],"card_choices":[{"not_picked":["Havoc","Sentinel","Headbutt"],"picked":"SKIP","floor":1},{"not_picked":["Clash","Twin Strike"],"picked":"Shrug It Off","floor":3},{"not_picked":["Thunderclap","Heavy Blade"],"picked":"Inflame","floor":10},{"not_picked":["Clash","Warcry"],"picked":"Heavy Blade","floor":11},{"not_picked":["Thunderclap","Dropkick"],"picked":"Flame Barrier","floor":12},{"not_picked":["Thunderclap","Hemokinesis"],"picked":"Battle Trance","floor":13},{"not_picked":["Offering","Uppercut"],"picked":"Rampage","floor":14},{"not_picked":["Barricade","Immolate"],"picked":"Feed","floor":16},{"not_picked":["Sentinel","Perfected Strike"],"picked":"Pummel","floor":18},{"not_picked":["Intimidate","Havoc"],"picked":"Clothesline+1","floor":19},{"not_picked":["Shrug It Off","Headbutt"],"picked":"Rampage","floor":21},{"not_picked":["Cleave","Clash+1"],"picked":"Ghostly Armor","floor":24},{"not_picked":["Double Tap","Clash+1"],"picked":"Searing Blow+1","floor":29},{"not_picked":["Twin Strike","Hemokinesis"],"picked":"Wild Strike+1","floor":30},{"not_picked":["Barricade","Fiend Fire"],"picked":"Offering","floor":33},{"not_picked":["Wild Strike","Body Slam","Pommel Strike"],"picked":"SKIP","floor":35},{"not_picked":["Headbutt","Anger"],"picked":"Combust","floor":39},{"not_picked":["Disarm+1","Body Slam+1"],"picked":"Berserk","floor":41},{"not_picked":["Sever Soul","Uppercut"],"picked":"True Grit+1","floor":44},{"not_picked":["Anger+1","Clash","Wild Strike+1"],"picked":"SKIP","floor":44},{"not_picked":["Cleave+1","Wild Strike"],"picked":"Heavy Blade+1","floor":45},{"not_picked":["Searing Blow+1","Anger+1","Limit Break"],"picked":"SKIP","floor":45}],"player_experience":221333,"relics_obtained":[{"floor":9,"key":"Paper Frog"},{"floor":20,"key":"Necronomicon"},{"floor":26,"key":"Sundial"},{"floor":43,"key":"Prayer Wheel"}],"event_choices":[{"damage_healed":0,"gold_gain":0,"player_choice":"Take Damage","damage_taken":20,"relics_obtained":["Golden Idol"],"max_hp_gain":0,"max_hp_loss":0,"event_name":"Golden Idol","floor":2,"gold_loss":0},{"damage_healed":0,"gold_gain":0,"player_choice":"Entered Light","damage_taken":16,"max_hp_gain":0,"max_hp_loss":0,"event_name":"Shining Light","floor":5,"gold_loss":0,"cards_upgraded":["Defend_R","Strike_R"]},{"damage_healed":0,"gold_gain":0,"player_choice":"Got Potions","damage_taken":0,"max_hp_gain":0,"max_hp_loss":0,"event_name":"Lab","floor":8,"gold_loss":0},{"damage_healed":0,"gold_gain":0,"player_choice":"Obtained Book","damage_taken":16,"max_hp_gain":0,"max_hp_loss":0,"event_name":"Cursed Tome","floor":20,"gold_loss":0},{"damage_healed":0,"gold_gain":0,"player_choice":"Ignored","damage_taken":0,"max_hp_gain":0,"max_hp_loss":0,"event_name":"N\u0027loth","floor":28,"gold_loss":0},{"cards_removed":["Shrug It Off"],"damage_healed":0,"gold_gain":0,"player_choice":"Removed Skill","damage_taken":0,"max_hp_gain":0,"max_hp_loss":0,"event_name":"Falling","floor":36,"gold_loss":0},{"damage_healed":0,"gold_gain":0,"player_choice":"Upgraded","damage_taken":0,"max_hp_gain":0,"max_hp_loss":0,"event_name":"Upgrade Shrine","floor":38,"gold_loss":0,"cards_upgraded":["Searing Blow"]}],"is_beta":false,"boss_relics":[{"not_picked":["Velvet Choker","Sozu"],"picked":"Tiny House"},{"not_picked":["Pandora\u0027s Box","Runic Dome"],"picked":"Empty Cage"}],"items_purged_floors":[22,31,37],"is_endless":false,"potions_floor_spawned":[10,12,14,18,21,29,33,35,45],"killed_by":"Writhing Mass","ascension_level":2}