{"gold_per_floor":[118,134,134,147,72,72,91,126,126,126,152,152,152,217,217,217],"floor_reached":16,"playtime":589,"items_purged":["Pain"],"score":189,"play_id":"07c2a027-d331-4b49-818b-b4d23fbe6b09","local_time":"20190722222147","is_ascension_mode":true,"campfire_choices":[{"data":"Bash","floor":6,"key":"SMITH"},{"data":"Combust","floor":10,"key":"SMITH"},{"data":"Exhume","floor":13,"key":"SMITH"},{"data":"Havoc","floor":15,"key":"SMITH"}],"neow_cost":"NONE","seed_source_timestamp":116044320253412,"circlet_count":0,"master_deck":["AscendersBane","Strike_R","Strike_R","Strike_R","Strike_R","Defend_R","Defend_R","Defend_R","Defend_R","Bash+1","Clothesline","Impervious","Combust+1","Exhume+1","Havoc+1"],"relics":["Burning Blood","WarpedTongs","Oddly Smooth Stone","Sundial","Bird Faced Urn","Red Skull"],"potions_floor_usage":[16,16],"damage_taken":[{"damage":10,"enemies":"2 Louse","floor":1,"turns":4},{"damage":7,"enemies":"Cultist","floor":2,"turns":5},{"damage":4,"enemies":"Small Slimes","floor":4,"turns":5},{"damage":4,"enemies":"Blue Slaver","floor":7,"turns":4},{"damage":10,"enemies":"Lagavulin","floor":8,"turns":8},{"damage":20,"enemies":"3 Sentries","floor":11,"turns":6},{"damage":19,"enemies":"Gremlin Nob","floor":14,"turns":4},{"damage":40,"enemies":"The Guardian","floor":16,"turns":9}],"seed_played":"-3943597747154135396","potions_obtained":[{"floor":4,"key":"SteroidPotion"},{"floor":8,"key":"AttackPotion"}],"is_trial":false,"path_per_floor":["M","M","?","M","$","R","M","E","T","R","E","?","R","?","R","B"],"character_chosen":"IRONCLAD","items_purchased":[],"campfire_rested":0,"item_purchase_floors":[],"current_hp_per_floor":[64,63,63,65,65,65,67,63,63,63,49,49,49,38,38,0],"gold":217,"neow_bonus":"REMOVE_CARD","is_prod":false,"is_daily":false,"chose_seed":false,"campfire_upgraded":4,"win_rate":0,"timestamp":1563848507,"path_taken":["M","M","?","?","$","R","M","E","T","R","E","?","R","?","R","BOSS"],"build_version":"2019-07-17","purchased_purges":1,"victory":false,"max_hp_per_floor":[75,75,75,75,75,75,75,75,75,75,75,75,75,75,75,75],"card_choices":[{"not_picked":["Headbutt","Body Slam"],"picked":"Clothesline","floor":1},{"not_picked":["Entrench","Headbutt"],"picked":"Impervious","floor":2},{"not_picked":["Headbutt","Power Through","Twin Strike"],"picked":"SKIP","floor":4},{"not_picked":["Dual Wield","Flex"],"picked":"Combust","floor":7},{"not_picked":["Warcry","Clash","Twin Strike"],"picked":"SKIP","floor":8},{"not_picked":["Body Slam","Infernal Blade"],"picked":"Exhume","floor":11},{"not_picked":["Headbutt","Burning Pact"],"picked":"Havoc","floor":14}],"player_experience":717631,"relics_obtained":[{"floor":8,"key":"Oddly Smooth Stone"},{"floor":9,"key":"Sundial"},{"floor":11,"key":"Bird Faced Urn"},{"floor":14,"key":"Red Skull"}],"event_choices":[{"damage_healed":0,"gold_gain":0,"player_choice":"Rummage","damage_taken":0,"relics_obtained":["WarpedTongs"],"max_hp_gain":0,"max_hp_loss":0,"event_name":"Accursed Blacksmith","floor":3,"gold_loss":0,"cards_obtained":["Pain"]},{"damage_healed":0,"gold_gain":0,"player_choice":"Ignored","damage_taken":0,"max_hp_gain":0,"max_hp_loss":0,"event_name":"Shining Light","floor":12,"gold_loss":0},{"damage_healed":0,"gold_gain":0,"player_choice":"Searched \u00271\u0027 times","damage_taken":0,"max_hp_gain":0,"max_hp_loss":0,"event_name":"Dead Adventurer","floor":14,"gold_loss":0}],"is_beta":false,"boss_relics":[],"items_purged_floors":[5],"is_endless":false,"potions_floor_spawned":[4,8],"killed_by":"The Guardian","ascension_level":15}