{"gold_per_floor":[119,50,68,68,68,83,83,155,236,250,285,297,308,327,327,430,430,443,443,353,129,143,177,189,189,189,54,71,71,71,71,71,173,173,185,60,60,77,77,77,77,88,88,88,104,124,124,138,138,138,138,138,64,98,98],"floor_reached":56,"playtime":13951,"items_purged":["Strike_G+1","Strike_G+1","Strike_G+1"],"score":1169,"play_id":"75360187-e7a5-48df-91fd-68e783a6f24d","local_time":"20190819175245","is_ascension_mode":false,"campfire_choices":[{"data":"Noxious Fumes","floor":15.0,"key":"SMITH"},{"data":"Neutralize","floor":25.0,"key":"SMITH"},{"data":"Catalyst","floor":30.0,"key":"SMITH"},{"data":"Ghostly","floor":32.0,"key":"SMITH"},{"data":"Ghostly","floor":40.0,"key":"SMITH"},{"data":"Ghostly","floor":44.0,"key":"SMITH"},{"data":"Ghostly","floor":47.0,"key":"SMITH"},{"floor":49.0,"key":"RECALL"},{"data":"Ghostly","floor":52.0,"key":"SMITH"}],"neow_cost":"PERCENT_DAMAGE","seed_source_timestamp":75176967071800,"circlet_count":0,"master_deck":["Defend_G+1","Defend_G+1","Defend_G+1","Defend_G+1","Defend_G+1","Strike_G+1","Survivor","Neutralize+1","Noxious Fumes+1","Bane+1","Deadly Poison","Dagger Throw+1","Poisoned Stab+1","Catalyst+1","Ghostly+1","Ghostly+1","Ghostly+1","Ghostly+1","Ghostly+1","Wraith Form v2","Caltrops"],"special_seed":0,"relics":["Ring of the Snake","Tingsha","Blood Vial","Molten Egg 2","Bottled Tornado","Pocketwatch","Busted Crown","Anchor","Omamori","HoveringKite","Sundial","Centennial Puzzle"],"potions_floor_usage":[55],"damage_taken":[{"damage":0.0,"enemies":"2 Louse","floor":1.0,"turns":2.0},{"damage":0.0,"enemies":"Cultist","floor":3.0,"turns":4.0},{"damage":0.0,"enemies":"Jaw Worm","floor":6.0,"turns":5.0},{"damage":9.0,"enemies":"Large Slime","floor":10.0,"turns":7.0},{"damage":13.0,"enemies":"Gremlin Nob","floor":11.0,"turns":4.0},{"damage":5.0,"enemies":"Gremlin Gang","floor":12.0,"turns":3.0},{"damage":0.0,"enemies":"2 Fungi Beasts","floor":13.0,"turns":3.0},{"damage":0.0,"enemies":"3 Louse","floor":14.0,"turns":2.0},{"damage":4.0,"enemies":"Slime Boss","floor":16.0,"turns":8.0},{"damage":5.0,"enemies":"3 Byrds","floor":18.0,"turns":3.0},{"damage":0.0,"enemies":"Chosen","floor":22.0,"turns":3.0},{"damage":0.0,"enemies":"Gremlin Leader","floor":23.0,"turns":5.0},{"damage":2.0,"enemies":"Shelled Parasite and Fungi","floor":24.0,"turns":4.0},{"damage":8.0,"enemies":"Centurion and Healer","floor":28.0,"turns":5.0},{"damage":0.0,"enemies":"Colosseum Slavers","floor":31.0,"turns":4.0},{"damage":2.0,"enemies":"Automaton","floor":33.0,"turns":8.0},{"damage":0.0,"enemies":"3 Shapes","floor":35.0,"turns":3.0},{"damage":0.0,"enemies":"3 Darklings","floor":38.0,"turns":4.0},{"damage":0.0,"enemies":"Sphere and 2 Shapes","floor":42.0,"turns":5.0},{"damage":0.0,"enemies":"Jaw Worm Horde","floor":45.0,"turns":5.0},{"damage":0.0,"enemies":"4 Shapes","floor":46.0,"turns":4.0},{"damage":0.0,"enemies":"Transient","floor":48.0,"turns":5.0},{"damage":32.0,"enemies":"Awakened One","floor":50.0,"turns":18.0},{"damage":1.0,"enemies":"Shield and Spear","floor":54.0,"turns":8.0},{"damage":32,"enemies":"The Heart","floor":55,"turns":12}],"seed_played":"7955952007112410094","potions_obtained":[{"floor":3.0,"key":"Weak Potion"},{"floor":10.0,"key":"SteroidPotion"},{"floor":12.0,"key":"Ancient Potion"},{"floor":14.0,"key":"LiquidBronze"},{"floor":22.0,"key":"GhostInAJar"},{"floor":24.0,"key":"SteroidPotion"},{"floor":33.0,"key":"Explosive Potion"},{"floor":46.0,"key":"GamblersBrew"}],"is_trial":false,"path_per_floor":["M","$","M","?","?","M","?","T","T","M","E","M","M","M","R","B",null,"M","?","?","$","M","E","M","R","T","$","M","?","R","?","R","B",null,"M","$","?","M","$","R","?","M","T","R","M","M","R","M","R","B",null,"R","$","E","B",null],"character_chosen":"THE_SILENT","items_purchased":["Noxious Fumes","Anchor","Catalyst","Caltrops"],"campfire_rested":0,"item_purchase_floors":[2,21,27,53],"current_hp_per_floor":[49,49,49,35,58,58,51,51,51,44,33,30,32,34,34,32,70,65,65,65,65,67,69,68,68,68,68,62,35,35,35,35,33,35,35,35,33,33,33,33,33,33,33,33,33,33,33,33,33,1,33,33,33,32,1],"gold":98,"neow_bonus":"ONE_RARE_RELIC","is_prod":false,"is_daily":false,"chose_seed":false,"campfire_upgraded":8,"win_rate":0,"timestamp":1566229965,"path_taken":["M","$","M","?","?","M","?","?","T","M","E","?","M","M","R","BOSS","M","?","?","$","?","E","M","R","T","$","M","?","R","?","R","BOSS","M","$","?","M","$","R","?","?","T","R","M","M","R","M","R","BOSS","R","$","E","BOSS"],"build_version":"2019-01-23","purchased_purges":3,"victory":true,"max_hp_per_floor":[70,70,70,70,70,70,70,70,70,70,70,70,70,70,70,70,70,70,70,70,70,70,70,70,70,70,70,70,35,35,35,35,35,35,35,35,33,33,33,33,33,33,33,33,33,33,33,33,33,33,33,33,33,33,33],"card_choices":[{"not_picked":["Sucker Punch","Escape Plan","Predator"],"picked":"SKIP","floor":1.0},{"not_picked":["Eviscerate","Dagger Spray"],"picked":"Bane","floor":3.0},{"not_picked":["Crippling Poison","Poisoned Stab","Choke"],"picked":"SKIP","floor":6.0},{"not_picked":["Bouncing Flask","Deflect"],"picked":"Deadly Poison","floor":10.0},{"not_picked":["Caltrops","Terror"],"picked":"Dagger Throw+1","floor":11.0},{"not_picked":["Caltrops","Blur","Venomology"],"picked":"SKIP","floor":12.0},{"not_picked":["Slice+1","Sucker Punch+1"],"picked":"Poisoned Stab+1","floor":13.0},{"not_picked":["Masterful Stab+1","Poisoned Stab+1","Backflip"],"picked":"SKIP","floor":14.0},{"not_picked":["Flying Knee+1"],"picked":"SKIP","floor":22.0},{"not_picked":["Accuracy+1"],"picked":"SKIP","floor":23.0},{"not_picked":["Masterful Stab+1"],"picked":"SKIP","floor":24.0},{"not_picked":["Outmaneuver+1"],"picked":"SKIP","floor":28.0},{"not_picked":[],"picked":"Wraith Form v2","floor":33.0},{"not_picked":["Backflip+1"],"picked":"SKIP","floor":35.0},{"not_picked":["Blade Dance"],"picked":"SKIP","floor":38.0},{"not_picked":["Predator+1"],"picked":"SKIP","floor":42.0},{"not_picked":["Underhanded Strike+1"],"picked":"SKIP","floor":45.0},{"not_picked":["Quick Slash+1"],"picked":"SKIP","floor":46.0},{"not_picked":["Predator+1"],"picked":"SKIP","floor":48.0},{"not_picked":["Reflex"],"picked":"SKIP","floor":54.0}],"player_experience":245453,"relics_obtained":[{"floor":8.0,"key":"Molten Egg 2"},{"floor":9.0,"key":"Bottled Tornado"},{"floor":11.0,"key":"Pocketwatch"},{"floor":23.0,"key":"Omamori"},{"floor":43.0,"key":"Sundial"},{"floor":54.0,"key":"Centennial Puzzle"}],"event_choices":[{"damage_healed":0.0,"max_hp_gain":0.0,"max_hp_loss":0.0,"gold_gain":0.0,"event_name":"Shining Light","player_choice":"Entered Light","floor":4.0,"gold_loss":0.0,"damage_taken":14.0,"cards_upgraded":["Strike_G","Defend_G"]},{"damage_healed":23.0,"max_hp_gain":0.0,"max_hp_loss":0.0,"gold_gain":0.0,"event_name":"Big Fish","player_choice":"Banana","floor":5.0,"gold_loss":0.0,"damage_taken":0.0},{"damage_healed":0.0,"max_hp_gain":0.0,"max_hp_loss":0.0,"gold_gain":0.0,"event_name":"Scrap Ooze","player_choice":"Success","floor":7.0,"gold_loss":0.0,"damage_taken":7.0,"relics_obtained":["Blood Vial"]},{"damage_healed":0.0,"max_hp_gain":0.0,"max_hp_loss":0.0,"gold_gain":0.0,"event_name":"Back to Basics","player_choice":"Simplicity","floor":19.0,"gold_loss":0.0,"damage_taken":0.0,"cards_upgraded":["Defend_G","Defend_G","Defend_G","Defend_G","Strike_G","Strike_G","Strike_G","Strike_G"]},{"cards_removed":["Strike_G"],"damage_healed":0.0,"max_hp_gain":0.0,"max_hp_loss":0.0,"gold_gain":0.0,"event_name":"Designer","player_choice":"Upgrade and Remove","floor":20.0,"gold_loss":90.0,"damage_taken":0.0,"cards_upgraded":["Bane"]},{"damage_healed":0.0,"max_hp_gain":0.0,"max_hp_loss":35.0,"gold_gain":0.0,"event_name":"Ghosts","player_choice":"Became a Ghost","floor":29.0,"gold_loss":0.0,"damage_taken":0.0,"cards_obtained":["Ghostly","Ghostly","Ghostly","Ghostly","Ghostly"]},{"damage_healed":0.0,"max_hp_gain":0.0,"max_hp_loss":0.0,"gold_gain":0.0,"event_name":"Colosseum","player_choice":"Fight","floor":31.0,"gold_loss":0.0,"damage_taken":0.0},{"damage_healed":0.0,"max_hp_gain":0.0,"max_hp_loss":0.0,"gold_gain":0.0,"event_name":"Colosseum","player_choice":"Fled From Nobs","floor":31.0,"gold_loss":0.0,"damage_taken":0.0},{"damage_healed":0.0,"max_hp_gain":0.0,"max_hp_loss":2.0,"gold_gain":0.0,"event_name":"Winding Halls","player_choice":"Max HP","floor":37.0,"gold_loss":0.0,"damage_taken":0.0},{"damage_healed":0.0,"max_hp_gain":0.0,"max_hp_loss":0.0,"gold_gain":0.0,"event_name":"SecretPortal","player_choice":"Ignored","floor":41.0,"gold_loss":0.0,"damage_taken":0.0}],"is_beta":false,"boss_relics":[{"not_picked":["Black Star","Eternal Feather"],"picked":"Busted Crown"},{"not_picked":["Coffee Dripper","Pandora\u0027s Box"],"picked":"HoveringKite"}],"items_purged_floors":[21,27,36],"is_endless":false,"potions_floor_spawned":[3,10,12,14,22,24,33,46],"ascension_level":0}