{"gold_per_floor":[111,186,186,111,124,124,149,167,193,210,228,261,261,11,11,114,114,130,130,148,158,33,33,65,65,134,134,134,134,168,180,180,279,279,292,292,303,303,313,313,342,342,367,387,237,337,370,386,386,386],"floor_reached":50,"playtime":5527,"items_purged":["Strike_R","Defend_R","Strike_R","Strike_R"],"score":716,"play_id":"16b6cd90-a7b8-409e-98e3-8a6d184d15b6","local_time":"20190819193334","is_ascension_mode":true,"campfire_choices":[{"data":"Combust","floor":6,"key":"SMITH"},{"data":"Uppercut","floor":15,"key":"SMITH"},{"data":"Flame Barrier","floor":23,"key":"SMITH"},{"data":"Immolate","floor":27,"key":"SMITH"},{"data":"RitualDagger","floor":29,"key":"SMITH"},{"floor":32,"key":"REST"},{"floor":40,"key":"REST"},{"data":"Heavy Blade","floor":42,"key":"SMITH"},{"floor":49,"key":"REST"}],"neow_cost":"NONE","seed_source_timestamp":5196486713600,"circlet_count":0,"master_deck":["Strike_R","Defend_R","Defend_R","Defend_R","Bash","Rupture+1","Combust+1","Heavy Blade+1","Flame Barrier+1","Uppercut+1","Power Through+1","Sword Boomerang","Immolate+1","Cleave+1","Bloodletting","RitualDagger+1","Rupture+1","Entrench+1","Bludgeon","Pain","Decay","Decay","Spot Weakness+1","Sword Boomerang+1","Madness","Madness","Rage+1","Shrug It Off+1","Barricade","Shrug It Off+1","Rage+1"],"relics":["Burning Blood","NeowsBlessing","Anchor","Strawberry","Ancient Tea Set","PreservedInsect","Sozu","Bottled Flame","Shuriken","Vajra","Calling Bell","War Paint","Sundial","Bird Faced Urn","Orichalcum","Juzu Bracelet","Prayer Wheel","Lantern"],"potions_floor_usage":[12,16,16,39],"damage_taken":[{"damage":0,"enemies":"2 Louse","floor":1,"turns":1},{"damage":0,"enemies":"Cultist","floor":5,"turns":1},{"damage":0,"enemies":"Lagavulin","floor":7,"turns":2},{"damage":5,"enemies":"Small Slimes","floor":8,"turns":3},{"damage":2,"enemies":"3 Louse","floor":10,"turns":2},{"damage":0,"enemies":"Looter","floor":11,"turns":3},{"damage":3,"enemies":"3 Sentries","floor":12,"turns":6},{"damage":60,"enemies":"Hexaghost","floor":16,"turns":8},{"damage":15,"enemies":"Spheric Guardian","floor":18,"turns":4},{"damage":0,"enemies":"Chosen","floor":20,"turns":3},{"damage":2,"enemies":"Snake Plant","floor":21,"turns":3},{"damage":2,"enemies":"Gremlin Leader","floor":24,"turns":3},{"damage":6,"enemies":"Slavers","floor":30,"turns":2},{"damage":21,"enemies":"Shelled Parasite and Fungi","floor":31,"turns":4},{"damage":60,"enemies":"Champ","floor":33,"turns":9},{"damage":4,"enemies":"3 Darklings","floor":35,"turns":3},{"damage":22,"enemies":"3 Shapes","floor":37,"turns":3},{"damage":39,"enemies":"Maw","floor":39,"turns":6},{"damage":2,"enemies":"Reptomancer","floor":41,"turns":3},{"damage":12,"enemies":"Jaw Worm Horde","floor":44,"turns":3},{"damage":5,"enemies":"Mind Bloom Boss Battle","floor":46,"turns":6},{"damage":48,"enemies":"Nemesis","floor":47,"turns":5},{"damage":6,"enemies":"3 Darklings","floor":48,"turns":2},{"damage":73,"enemies":"Time Eater","floor":50,"turns":8}],"seed_played":"-8867229410221801621","potions_obtained":[{"floor":5,"key":"Fire Potion"},{"floor":7,"key":"FearPotion"},{"floor":8,"key":"Ancient Potion"},{"floor":16,"key":"Weak Potion"}],"is_trial":false,"path_per_floor":["M","?","?","$","M","R","E","M","T","M","M","E","?","$","R","B",null,"M","?","M","M","$","R","E","?","T","R","?","R","E","M","R","B",null,"M","?","M","?","M","R","E","R","T","M","$","?","E","M","R","B"],"character_chosen":"IRONCLAD","items_purchased":["PreservedInsect"],"campfire_rested":3,"item_purchase_floors":[14],"current_hp_per_floor":[80,69,69,69,75,75,80,80,87,87,87,87,80,80,80,26,87,78,78,84,87,87,87,87,87,87,87,81,81,81,66,87,33,87,87,87,74,63,36,62,66,66,66,64,64,71,35,39,65,0],"gold":386,"neow_bonus":"THREE_ENEMY_KILL","is_prod":false,"is_daily":false,"chose_seed":false,"campfire_upgraded":6,"win_rate":0,"timestamp":1566236014,"path_taken":["M","?","?","$","M","R","E","M","T","?","M","E","?","$","R","BOSS","M","?","M","M","$","R","E","?","T","R","?","R","E","M","R","BOSS","M","?","M","?","M","R","E","R","T","M","$","?","E","M","R","BOSS"],"build_version":"2019-07-17","purchased_purges":4,"victory":false,"max_hp_per_floor":[80,80,80,80,80,80,80,80,87,87,87,87,87,87,87,87,87,87,87,87,87,87,87,87,87,87,87,87,87,87,87,87,87,87,87,87,87,87,87,87,87,87,87,87,87,87,87,87,87,87],"card_choices":[{"not_picked":["Flex","Twin Strike"],"picked":"Rupture","floor":1},{"not_picked":["Infernal Blade","Body Slam"],"picked":"Combust","floor":5},{"not_picked":["Fiend Fire","Clothesline"],"picked":"Heavy Blade","floor":7},{"not_picked":["Shrug It Off","Fire Breathing"],"picked":"Flame Barrier","floor":8},{"not_picked":["Intimidate","Clash"],"picked":"Uppercut","floor":10},{"not_picked":["Body Slam","Heavy Blade"],"picked":"Power Through","floor":11},{"not_picked":["Shrug It Off","Heavy Blade"],"picked":"Sword Boomerang","floor":12},{"not_picked":["Fiend Fire","Demon Form"],"picked":"Immolate","floor":16},{"not_picked":["Warcry","Twin Strike+1"],"picked":"Cleave+1","floor":18},{"not_picked":["True Grit","Body Slam","Twin Strike+1"],"picked":"SKIP","floor":20},{"not_picked":["Anger","Intimidate","Cleave"],"picked":"SKIP","floor":21},{"not_picked":["Anger","Body Slam"],"picked":"Bloodletting","floor":24},{"not_picked":["Wild Strike","Armaments"],"picked":"Rupture+1","floor":30},{"not_picked":["Reckless Charge","Pummel"],"picked":"Entrench","floor":31},{"not_picked":["Dark Embrace","Berserk"],"picked":"Bludgeon","floor":33},{"not_picked":["Entrench","Clash+1"],"picked":"Spot Weakness+1","floor":35},{"not_picked":["Flex","True Grit"],"picked":"Sword Boomerang+1","floor":37},{"not_picked":["Clothesline","Pommel Strike+1","Warcry"],"picked":"SKIP","floor":39},{"not_picked":["Shockwave","Warcry+1"],"picked":"Rage+1","floor":41},{"not_picked":["Dropkick+1","Reaper"],"picked":"Shrug It Off+1","floor":44},{"not_picked":["Spot Weakness+1","Perfected Strike+1"],"picked":"Barricade","floor":47},{"not_picked":["Perfected Strike","Havoc+1"],"picked":"Shrug It Off+1","floor":48},{"not_picked":["Heavy Blade","Body Slam"],"picked":"Rage+1","floor":48}],"player_experience":223433,"relics_obtained":[{"floor":7,"key":"Anchor"},{"floor":9,"key":"Strawberry"},{"floor":12,"key":"Ancient Tea Set"},{"floor":24,"key":"Bottled Flame"},{"floor":26,"key":"Shuriken"},{"floor":30,"key":"Vajra"},{"floor":34,"key":"War Paint"},{"floor":34,"key":"Sundial"},{"floor":34,"key":"Bird Faced Urn"},{"floor":41,"key":"Orichalcum"},{"floor":43,"key":"Juzu Bracelet"},{"floor":46,"key":"Prayer Wheel"},{"floor":47,"key":"Lantern"}],"event_choices":[{"damage_healed":0,"gold_gain":75,"player_choice":"Gather Gold","damage_taken":11,"max_hp_gain":0,"max_hp_loss":0,"event_name":"World of Goop","floor":2,"gold_loss":0},{"damage_healed":0,"gold_gain":0,"player_choice":"Upgraded","damage_taken":0,"max_hp_gain":0,"max_hp_loss":0,"event_name":"Upgrade Shrine","floor":3,"gold_loss":0,"cards_upgraded":["Rupture"]},{"cards_removed":["Strike_R"],"damage_healed":0,"gold_gain":0,"player_choice":"Card Removal","damage_taken":7,"max_hp_gain":0,"max_hp_loss":0,"event_name":"Golden Wing","floor":13,"gold_loss":0},{"damage_healed":0,"gold_gain":0,"player_choice":"Ignored","damage_taken":0,"max_hp_gain":0,"max_hp_loss":0,"event_name":"Vampires","floor":19,"gold_loss":0},{"damage_healed":0,"gold_gain":0,"player_choice":"Ignored","damage_taken":0,"max_hp_gain":0,"max_hp_loss":0,"event_name":"Ghosts","floor":25,"gold_loss":0},{"damage_healed":0,"gold_gain":0,"player_choice":"Joined the Cult","damage_taken":6,"max_hp_gain":0,"max_hp_loss":0,"event_name":"Nest","floor":28,"gold_loss":0,"cards_obtained":["RitualDagger"]},{"damage_healed":0,"gold_gain":0,"player_choice":"Ignored","damage_taken":0,"max_hp_gain":0,"max_hp_loss":0,"event_name":"Tomb of Lord Red Mask","floor":36,"gold_loss":0},{"damage_healed":0,"gold_gain":0,"player_choice":"Embrace Madness","damage_taken":11,"max_hp_gain":0,"max_hp_loss":0,"event_name":"Winding Halls","floor":38,"gold_loss":0,"cards_obtained":["Madness","Madness"]},{"damage_healed":0,"gold_gain":0,"player_choice":"Fight","damage_taken":0,"max_hp_gain":0,"max_hp_loss":0,"event_name":"MindBloom","floor":46,"gold_loss":0}],"is_beta":false,"boss_relics":[{"not_picked":["Mark of Pain","Fusion Hammer"],"picked":"Sozu"},{"not_picked":["Lizard Tail","Eternal Feather"],"picked":"Calling Bell"}],"items_purged_floors":[4,14,22,45],"is_endless":false,"potions_floor_spawned":[5,7,8,11,16,18,20,30,37,44,46,47,48],"killed_by":"Time Eater","ascension_level":3}