{"gold_per_floor":[109,59,78,26,37,63,74,74,74,90,90,90,120,133,133,236,236,236,191,191,141,141,141,141,141,141,141,40,40,40,40,40,40,40,40,40,40,40,40,40,40,40,40,40,40,40,40,40,40,40,40,40,40,40,40],"floor_reached":55,"playtime":3812,"items_purged":["Strike_R+1"],"score":857,"play_id":"ab126639-6a18-4fc8-a277-9ac8f10492ff","local_time":"20181213173122","is_ascension_mode":false,"campfire_choices":[{"data":"Searing Blow+1","floor":15,"key":"SMITH"},{"data":"Searing Blow+2","floor":23,"key":"SMITH"},{"data":"Searing Blow+3","floor":25,"key":"SMITH"},{"data":"True Grit","floor":29,"key":"SMITH"},{"data":"Ghostly","floor":32,"key":"SMITH"},{"data":"Searing Blow+4","floor":41,"key":"SMITH"},{"floor":49,"key":"RECALL"},{"data":"Ghostly","floor":52,"key":"SMITH"}],"neow_cost":"NONE","seed_source_timestamp":1717696598453132,"circlet_count":0,"master_deck":["Strike_R+1","Strike_R+1","Strike_R+1","Defend_R+1","Defend_R+1","Defend_R+1","Defend_R+1","Bash","Searing Blow+5","Anger","Metallicize","Clothesline","Clash","Infernal Blade","Battle Trance","Metallicize","Feel No Pain","Ghostly+1","Ghostly+1","Ghostly","Ghostly","Ghostly+1","True Grit+1","Iron Wave","Headbutt+1","Reaper","Juggernaut","Blood for Blood+1","Sever Soul+1","Fire Breathing+1","Reckless Charge+1","Seeing Red","Corruption","Double Tap","Disarm"],"relics":["Burning Blood","Ornamental Fan","Mercury Hourglass","Kunai","StoneCalendar","Ectoplasm","Tiny Chest","Charon\u0027s Ashes","Letter Opener","Tiny House","Dead Branch","Oddly Smooth Stone","Blue Candle","Regal Pillow","Orichalcum"],"potions_floor_usage":[6,6,6,6,13,13,22,27,39,40,40,46],"damage_taken":[{"damage":14,"enemies":"Small Slimes","floor":1,"turns":5},{"damage":4,"enemies":"2 Louse","floor":3,"turns":3},{"damage":1,"enemies":"Jaw Worm","floor":5,"turns":3},{"damage":20,"enemies":"Lagavulin","floor":6,"turns":7},{"damage":9,"enemies":"2 Fungi Beasts","floor":7,"turns":4},{"damage":0,"enemies":"3 Louse","floor":10,"turns":3},{"damage":21,"enemies":"3 Sentries","floor":13,"turns":6},{"damage":0,"enemies":"Large Slime","floor":14,"turns":4},{"damage":10,"enemies":"The Guardian","floor":16,"turns":10},{"damage":0,"enemies":"3 Byrds","floor":18,"turns":5},{"damage":20,"enemies":"2 Thieves","floor":19,"turns":4},{"damage":4,"enemies":"Snecko","floor":22,"turns":6},{"damage":12,"enemies":"Slavers","floor":27,"turns":6},{"damage":0,"enemies":"Gremlin Leader","floor":30,"turns":6},{"damage":0,"enemies":"Centurion and Healer","floor":31,"turns":6},{"damage":16,"enemies":"Collector","floor":33,"turns":8},{"damage":0,"enemies":"Orb Walker","floor":35,"turns":3},{"damage":0,"enemies":"3 Shapes","floor":36,"turns":3},{"damage":0,"enemies":"Mind Bloom Boss Battle","floor":37,"turns":7},{"damage":4,"enemies":"Maw","floor":39,"turns":8},{"damage":1,"enemies":"Reptomancer","floor":40,"turns":6},{"damage":6,"enemies":"3 Darklings","floor":42,"turns":4},{"damage":2,"enemies":"Giant Head","floor":45,"turns":8},{"damage":1,"enemies":"Spire Growth","floor":46,"turns":4},{"damage":15,"enemies":"Maw","floor":48,"turns":7},{"damage":33,"enemies":"Time Eater","floor":50,"turns":13},{"damage":22,"enemies":"Shield and Spear","floor":54,"turns":7},{"damage":45,"enemies":"The Heart","floor":55,"turns":8}],"seed_played":"8879945628870027303","potions_obtained":[{"floor":1,"key":"SteroidPotion"},{"floor":3,"key":"EntropicBrew"},{"floor":6,"key":"LiquidBronze"},{"floor":14,"key":"Ancient Potion"},{"floor":19,"key":"Regen Potion"},{"floor":27,"key":"Weak Potion"},{"floor":33,"key":"PowerPotion"},{"floor":34,"key":"SkillPotion"},{"floor":40,"key":"SpeedPotion"},{"floor":45,"key":"Poison Potion"}],"is_trial":false,"path_per_floor":["M","?","M","$","M","E","M","?","T","M","?","?","E","M","R","B",null,"M","M","?","?","M","R","?","R","T","E","$","R","E","M","R","B",null,"M","M","?","?","M","E","R","M","T","?","E","M","$","M","R","B",null,"R","$","E","B"],"character_chosen":"IRONCLAD","items_purchased":["Anger","Headbutt"],"campfire_rested":0,"item_purchase_floors":[4,28],"current_hp_per_floor":[80,80,82,82,87,73,70,58,58,64,64,64,49,55,55,51,88,88,74,44,44,44,44,44,44,44,44,44,44,44,44,44,34,49,49,49,49,49,49,49,49,49,49,49,49,49,49,40,40,17,49,49,49,33,0],"gold":40,"neow_bonus":"TEN_PERCENT_HP_BONUS","is_prod":false,"is_daily":false,"chose_seed":false,"campfire_upgraded":7,"win_rate":0,"timestamp":1544700682,"path_taken":["M","?","M","$","M","E","M","?","T","?","?","?","E","M","R","BOSS","M","M","?","?","?","R","?","R","T","E","$","R","E","M","R","BOSS","M","M","?","?","?","E","R","M","T","?","E","M","?","M","R","BOSS","R","$","E","BOSS"],"build_version":"2018-12-06","purchased_purges":1,"victory":false,"max_hp_per_floor":[88,88,88,88,88,88,88,88,88,88,88,88,88,88,88,88,88,88,88,44,44,44,44,44,44,44,44,44,44,44,44,44,44,49,49,49,49,49,49,49,49,49,49,49,49,49,49,49,49,49,49,49,49,49,49],"card_choices":[{"not_picked":["Dual Wield","Perfected Strike","Havoc"],"picked":"SKIP","floor":1},{"not_picked":["Body Slam","Flex"],"picked":"Searing Blow","floor":3},{"not_picked":["Second Wind","Dual Wield"],"picked":"Metallicize","floor":5},{"not_picked":["Twin Strike","Sentinel"],"picked":"Clothesline","floor":6},{"not_picked":["Body Slam","Clothesline"],"picked":"Clash","floor":7},{"not_picked":["Inflame","Armaments"],"picked":"Infernal Blade","floor":10},{"not_picked":["Shrug It Off","Berserk"],"picked":"Battle Trance","floor":13},{"not_picked":["Inflame","Perfected Strike"],"picked":"Metallicize","floor":14},{"not_picked":["Thunderclap","Twin Strike","Cleave"],"picked":"SKIP","floor":18},{"not_picked":["Clash","Twin Strike"],"picked":"Feel No Pain","floor":19},{"not_picked":["Fire Breathing","Uppercut+1"],"picked":"True Grit","floor":22},{"not_picked":["Sword Boomerang+1","Dual Wield"],"picked":"Iron Wave","floor":27},{"not_picked":["Cleave","Feed"],"picked":"Reaper","floor":30},{"not_picked":["Perfected Strike","Wild Strike+1","Rampage"],"picked":"SKIP","floor":31},{"not_picked":["Double Tap","Limit Break"],"picked":"Juggernaut","floor":33},{"not_picked":["Cleave","Sentinel+1","Corruption+1"],"picked":"SKIP","floor":35},{"not_picked":["Sentinel","Sword Boomerang"],"picked":"Blood for Blood+1","floor":36},{"not_picked":["Armaments+1","Battle Trance+1"],"picked":"Sever Soul+1","floor":37},{"not_picked":["Burning Pact","Spot Weakness"],"picked":"Fire Breathing+1","floor":39},{"not_picked":["Flex+1","Seeing Red+1"],"picked":"Reckless Charge+1","floor":40},{"not_picked":["Rampage+1","Clothesline"],"picked":"Seeing Red","floor":42},{"not_picked":["Uppercut","Searing Blow","Body Slam"],"picked":"SKIP","floor":45},{"not_picked":["Havoc","Sword Boomerang+1"],"picked":"Corruption","floor":46},{"not_picked":["Anger+1","Rage+1"],"picked":"Double Tap","floor":48},{"not_picked":["Pommel Strike+1","Shrug It Off+1"],"picked":"Disarm","floor":54}],"player_experience":235594,"relics_obtained":[{"floor":6,"key":"Ornamental Fan"},{"floor":9,"key":"Kunai"},{"floor":13,"key":"StoneCalendar"},{"floor":26,"key":"Tiny Chest"},{"floor":27,"key":"Charon\u0027s Ashes"},{"floor":30,"key":"Letter Opener"},{"floor":37,"key":"Dead Branch"},{"floor":40,"key":"Oddly Smooth Stone"},{"floor":45,"key":"Regal Pillow"},{"floor":54,"key":"Orichalcum"}],"event_choices":[{"cards_removed":["Strike_R"],"damage_healed":0,"gold_gain":0,"player_choice":"Card Removal","damage_taken":0,"max_hp_gain":0,"max_hp_loss":0,"event_name":"The Cleric","floor":2,"gold_loss":50},{"damage_healed":0,"gold_gain":0,"player_choice":"Success","damage_taken":12,"relics_obtained":["Mercury Hourglass"],"max_hp_gain":0,"max_hp_loss":0,"event_name":"Scrap Ooze","floor":8,"gold_loss":0},{"damage_healed":0,"gold_gain":0,"player_choice":"Grow","damage_taken":0,"max_hp_gain":0,"max_hp_loss":0,"event_name":"Living Wall","floor":11,"gold_loss":0,"cards_upgraded":["Searing Blow"]},{"damage_healed":0,"gold_gain":0,"player_choice":"Ignored","damage_taken":0,"max_hp_gain":0,"max_hp_loss":0,"event_name":"Liars Game","floor":12,"gold_loss":0},{"damage_healed":0,"gold_gain":0,"player_choice":"Became a Ghost","damage_taken":0,"max_hp_gain":0,"max_hp_loss":44,"event_name":"Ghosts","floor":20,"gold_loss":0,"cards_obtained":["Ghostly","Ghostly","Ghostly","Ghostly","Ghostly"]},{"damage_healed":0,"gold_gain":100,"player_choice":"Bet on Murderer","damage_taken":0,"max_hp_gain":0,"max_hp_loss":0,"event_name":"The Joust","floor":21,"gold_loss":50},{"damage_healed":0,"gold_gain":0,"player_choice":"Simplicity","damage_taken":0,"max_hp_gain":0,"max_hp_loss":0,"event_name":"Back to Basics","floor":24,"gold_loss":0,"cards_upgraded":["Strike_R","Strike_R","Strike_R","Strike_R","Defend_R","Defend_R","Defend_R","Defend_R"]},{"damage_healed":0,"gold_gain":0,"player_choice":"Fight","damage_taken":0,"max_hp_gain":0,"max_hp_loss":0,"event_name":"MindBloom","floor":37,"gold_loss":0},{"damage_healed":0,"gold_gain":0,"player_choice":"Upgraded","damage_taken":0,"max_hp_gain":0,"max_hp_loss":0,"event_name":"Upgrade Shrine","floor":38,"gold_loss":0,"cards_upgraded":["Ghostly"]},{"damage_healed":0,"gold_gain":0,"player_choice":"Gave Potion","damage_taken":0,"relics_obtained":["Blue Candle"],"max_hp_gain":0,"max_hp_loss":0,"event_name":"WeMeetAgain","floor":44,"gold_loss":0}],"is_beta":false,"boss_relics":[{"not_picked":["Fusion Hammer","Lizard Tail"],"picked":"Ectoplasm"},{"not_picked":["Orrery","Eternal Feather"],"picked":"Tiny House"}],"items_purged_floors":[28],"is_endless":false,"potions_floor_spawned":[1,3,6,14,19,27,33,40,45],"killed_by":"The Heart","ascension_level":0}