{"gold_per_floor":[109,126,146,166,166,201,201,231,258,208,220,275,275,295,295,393,393,406,46,61,79,79,79,79,79],"floor_reached":25,"playtime":1293,"items_purged":["Strike_G"],"score":234,"play_id":"ff7a5560-89ef-4cff-8933-ce5be3e72a7d","local_time":"20190818163052","is_ascension_mode":true,"campfire_choices":[{"data":"Endless Agony","floor":7,"key":"SMITH"},{"data":"Caltrops","floor":13,"key":"SMITH"},{"data":"Cloak And Dagger","floor":15,"key":"SMITH"},{"data":"A Thousand Cuts","floor":23,"key":"SMITH"}],"neow_cost":"NONE","seed_source_timestamp":547999301551171,"circlet_count":0,"master_deck":["Strike_G","Strike_G","Strike_G","Defend_G","Defend_G","Defend_G","Defend_G","Defend_G","Survivor","Neutralize+1","Poisoned Stab","Predator+1","Distraction","Bouncing Flask","Endless Agony+1","Cloak And Dagger+1","Caltrops+1","A Thousand Cuts+1","Choke","Backflip","Crippling Poison","Dodge and Roll","Accuracy","Infinite Blades","Blade Dance","Well Laid Plans"],"special_seed":0,"relics":["Ring of the Snake","Ornamental Fan","Dream Catcher","Centennial Puzzle","Orrery","Membership Card","Strawberry","MutagenicStrength"],"potions_floor_usage":[6,6,16,16,16,25,25],"damage_taken":[{"damage":0.0,"enemies":"Cultist","floor":1.0,"turns":4.0},{"damage":0,"enemies":"Jaw Worm","floor":2,"turns":5},{"damage":0,"enemies":"2 Louse","floor":3,"turns":2},{"damage":0,"enemies":"Looter","floor":4,"turns":3},{"damage":12,"enemies":"Gremlin Nob","floor":6,"turns":4},{"damage":19,"enemies":"3 Sentries","floor":8,"turns":8},{"damage":4,"enemies":"Large Slime","floor":11,"turns":4},{"damage":3,"enemies":"Gremlin Gang","floor":14,"turns":4},{"damage":25,"enemies":"Slime Boss","floor":16,"turns":9},{"damage":0,"enemies":"Chosen","floor":18,"turns":5},{"damage":24,"enemies":"Shell Parasite","floor":20,"turns":5},{"damage":31,"enemies":"Centurion and Healer","floor":21,"turns":6},{"damage":52,"enemies":"Slavers","floor":25,"turns":4}],"seed_played":"-3205448798831268617","potions_obtained":[{"floor":2,"key":"SpeedPotion"},{"floor":3,"key":"LiquidBronze"},{"floor":4,"key":"Weak Potion"},{"floor":8,"key":"FearPotion"},{"floor":14,"key":"Dexterity Potion"},{"floor":16,"key":"Weak Potion"},{"floor":18,"key":"LiquidBronze"}],"is_trial":false,"path_per_floor":["M","M","M","M","?","E","R","E","T","?","M","?","R","M","R","B",null,"M","$","M","M","?","R","?","E"],"character_chosen":"THE_SILENT","items_purchased":["Membership Card","Infinite Blades","Strawberry"],"campfire_rested":0,"item_purchase_floors":[19,19,19],"current_hp_per_floor":[70,70,70,70,70,58,58,39,39,39,35,35,35,32,32,7,70,70,77,53,22,47,47,47,0],"gold":79,"neow_bonus":"UPGRADE_CARD","is_prod":false,"is_daily":false,"chose_seed":false,"campfire_upgraded":4,"win_rate":0,"timestamp":1566163852,"path_taken":["M","?","M","M","?","E","R","E","T","?","M","?","R","M","R","BOSS","M","$","M","M","?","R","?","E"],"build_version":"2019-07-17","purchased_purges":1,"victory":false,"max_hp_per_floor":[70,70,70,70,70,70,70,70,70,70,70,70,70,70,70,70,70,70,77,77,77,77,77,77,77],"card_choices":[{"not_picked":["PiercingWail","Masterful Stab"],"picked":"Poisoned Stab","floor":1.0},{"not_picked":["Dagger Throw","Reflex"],"picked":"Predator","floor":2},{"not_picked":["Underhanded Strike","Slice"],"picked":"Distraction","floor":3},{"not_picked":["Quick Slash","Deadly Poison"],"picked":"Bouncing Flask","floor":4},{"not_picked":["Eviscerate","Flechettes"],"picked":"Endless Agony","floor":6},{"not_picked":["Tactician","Flying Knee"],"picked":"Cloak And Dagger","floor":8},{"not_picked":["PiercingWail","Backflip"],"picked":"Caltrops","floor":11},{"not_picked":["Slice","Tactician","Flying Knee"],"picked":"SKIP","floor":14},{"not_picked":["Phantasmal Killer","Wraith Form v2"],"picked":"A Thousand Cuts","floor":16},{"not_picked":["Acrobatics","Prepared"],"picked":"Choke","floor":17},{"not_picked":["Crippling Poison","Noxious Fumes"],"picked":"Backflip","floor":17},{"not_picked":["PiercingWail","Flechettes"],"picked":"Crippling Poison","floor":17},{"not_picked":["Acrobatics","Finisher"],"picked":"Dodge and Roll","floor":17},{"not_picked":["Acrobatics","Setup"],"picked":"Accuracy","floor":18},{"not_picked":["Eviscerate","Tactician"],"picked":"Blade Dance","floor":20},{"not_picked":["Leg Sweep","Dagger Throw"],"picked":"Well Laid Plans","floor":21}],"player_experience":165715,"relics_obtained":[{"floor":6,"key":"Ornamental Fan"},{"floor":8,"key":"Dream Catcher"},{"floor":9,"key":"Centennial Puzzle"}],"event_choices":[{"damage_healed":0,"gold_gain":0,"player_choice":"Grow","damage_taken":0,"max_hp_gain":0,"max_hp_loss":0,"event_name":"Living Wall","floor":5,"gold_loss":0,"cards_upgraded":["Predator"]},{"cards_removed":["Strike_G"],"damage_healed":0,"gold_gain":0,"player_choice":"Card Removal","damage_taken":0,"max_hp_gain":0,"max_hp_loss":0,"event_name":"The Cleric","floor":10,"gold_loss":50},{"damage_healed":0,"gold_gain":55,"player_choice":"Gained Gold","damage_taken":0,"max_hp_gain":0,"max_hp_loss":0,"event_name":"Golden Wing","floor":12,"gold_loss":0},{"damage_healed":25,"gold_gain":0,"player_choice":"Heal","damage_taken":0,"max_hp_gain":0,"max_hp_loss":0,"event_name":"The Library","floor":22,"gold_loss":0},{"damage_healed":0,"gold_gain":0,"player_choice":"Inject Mutagens","damage_taken":0,"relics_obtained":["MutagenicStrength"],"max_hp_gain":0,"max_hp_loss":0,"event_name":"Drug Dealer","floor":24,"gold_loss":0}],"is_beta":false,"boss_relics":[{"not_picked":["Velvet Choker","Busted Crown"],"picked":"Orrery"}],"items_purged_floors":[19],"is_endless":false,"potions_floor_spawned":[2,3,4,8,14,16,18],"killed_by":"Slavers","ascension_level":2}