{"gold_per_floor":[111,124,139,152,166,200,200,200],"floor_reached":8,"playtime":402,"items_purged":[],"score":99,"play_id":"496e696a-df25-47f0-a53f-a5514bb0a0d6","local_time":"20190630115554","is_ascension_mode":true,"campfire_choices":[{"data":"Body Slam","floor":7,"key":"SMITH"}],"neow_cost":"PERCENT_DAMAGE","seed_source_timestamp":833887547916166,"circlet_count":0,"master_deck":["AscendersBane","Strike_R","Strike_R","Strike_R","Strike_R","Strike_R","Defend_R","Defend_R","Defend_R","Defend_R","Bash","Juggernaut","Body Slam+1","Anger","Hemokinesis","Shrug It Off","Flame Barrier"],"relics":["Burning Blood","Singing Bowl"],"potions_floor_usage":[4,6,8],"damage_taken":[{"damage":4,"enemies":"Cultist","floor":1,"turns":5},{"damage":11,"enemies":"Jaw Worm","floor":2,"turns":5},{"damage":7,"enemies":"Small Slimes","floor":3,"turns":4},{"damage":10,"enemies":"Gremlin Gang","floor":4,"turns":6},{"damage":9,"enemies":"Blue Slaver","floor":5,"turns":4},{"damage":18,"enemies":"Lagavulin","floor":6,"turns":5},{"damage":32,"enemies":"3 Sentries","floor":8,"turns":5}],"seed_played":"-3869747011531739863","potions_obtained":[{"floor":3,"key":"AttackPotion"},{"floor":4,"key":"Energy Potion"},{"floor":6,"key":"Fire Potion"}],"is_trial":false,"path_per_floor":["M","M","M","M","M","E","R","E"],"character_chosen":"IRONCLAD","items_purchased":[],"campfire_rested":0,"item_purchase_floors":[],"current_hp_per_floor":[53,48,47,43,40,30,30,0],"gold":200,"neow_bonus":"THREE_RARE_CARDS","is_prod":false,"is_daily":false,"chose_seed":false,"campfire_upgraded":1,"win_rate":0,"timestamp":1561913754,"path_taken":["M","M","M","M","M","E","R","E"],"build_version":"2019-01-23","purchased_purges":0,"victory":false,"max_hp_per_floor":[80,80,80,80,80,82,82,82],"card_choices":[{"not_picked":["Dark Embrace","Double Tap"],"picked":"Juggernaut","floor":0},{"not_picked":["True Grit","Clash"],"picked":"Body Slam","floor":1},{"not_picked":["Flex","Headbutt"],"picked":"Anger","floor":2},{"not_picked":["Headbutt","Body Slam"],"picked":"Hemokinesis","floor":3},{"not_picked":["Sever Soul","Clothesline"],"picked":"Shrug It Off","floor":4},{"not_picked":["Iron Wave","Flex"],"picked":"Flame Barrier","floor":5},{"not_picked":["Evolve","Bloodletting","Reckless Charge"],"picked":"Singing Bowl","floor":6}],"player_experience":313626,"relics_obtained":[{"floor":6,"key":"Singing Bowl"}],"event_choices":[],"is_beta":false,"boss_relics":[],"items_purged_floors":[],"is_endless":false,"potions_floor_spawned":[3,4,6],"killed_by":"3 Sentries","ascension_level":13}