{"gold_per_floor":[116,136,61,76,76,106,121,121,121,121,135,150,150,177,177,254,254,274,284,18,34,34,66,66,94,140,140,140,160,160,186,186,263,263,282,292,232,244,263,298,82,82,82,108,108,122,45,64,64,64],"floor_reached":51,"playtime":2269,"items_purged":[],"score":1524,"play_id":"483e1ad8-d8ed-4c12-b07d-94bd50e8b7f8","local_time":"20190716184614","is_ascension_mode":true,"campfire_choices":[{"data":"Uppercut","floor":8,"key":"SMITH"},{"data":"Shockwave","floor":15,"key":"SMITH"},{"data":"Pain","floor":24,"key":"PURGE"},{"data":"Fiend Fire","floor":27,"key":"SMITH"},{"floor":32,"key":"REST"},{"data":"Parasite","floor":42,"key":"PURGE"},{"floor":49,"key":"REST"}],"neow_cost":"NONE","seed_source_timestamp":586752296341080,"circlet_count":0,"master_deck":["AscendersBane","Strike_R+1","Strike_R+1","Strike_R+1","Strike_R+1","Defend_R+1","Defend_R+1","Defend_R+1","Defend_R+1","Bash","Flame Barrier","Spot Weakness","Sword Boomerang","Uppercut+1","Shockwave+1","Twin Strike","Fiend Fire+1","Offering","Feel No Pain","Carnage+1","Battle Trance","Offering","Shrug It Off+1","Impervious","Sentinel+1","Shrug It Off","Feed","Disarm","Rupture"],"relics":["Burning Blood","NeowsBlessing","Happy Flower","Bag of Preparation","WarpedTongs","Letter Opener","Sozu","Singing Bowl","Peace Pipe","Magic Flower","Regal Pillow","Bronze Scales","Orrery","Pear","Mummified Hand","Ancient Tea Set","Paper Frog","PreservedInsect"],"potions_floor_usage":[6,11,25,25],"damage_taken":[{"damage":0,"enemies":"Jaw Worm","floor":1,"turns":1},{"damage":0,"enemies":"Small Slimes","floor":2,"turns":1},{"damage":0,"enemies":"Cultist","floor":4,"turns":1},{"damage":22,"enemies":"Lagavulin","floor":6,"turns":6},{"damage":15,"enemies":"2 Fungi Beasts","floor":7,"turns":3},{"damage":5,"enemies":"Gremlin Gang","floor":11,"turns":3},{"damage":14,"enemies":"Looter","floor":12,"turns":3},{"damage":21,"enemies":"3 Sentries","floor":14,"turns":4},{"damage":22,"enemies":"The Guardian","floor":16,"turns":11},{"damage":9,"enemies":"Spheric Guardian","floor":18,"turns":1},{"damage":9,"enemies":"2 Thieves","floor":19,"turns":2},{"damage":6,"enemies":"Snecko","floor":21,"turns":2},{"damage":25,"enemies":"Book of Stabbing","floor":23,"turns":4},{"damage":6,"enemies":"Gremlin Leader","floor":25,"turns":4},{"damage":18,"enemies":"Cultist and Chosen","floor":29,"turns":3},{"damage":12,"enemies":"Slavers","floor":31,"turns":3},{"damage":14,"enemies":"Collector","floor":33,"turns":4},{"damage":2,"enemies":"Orb Walker","floor":35,"turns":3},{"damage":19,"enemies":"3 Shapes","floor":36,"turns":10},{"damage":9,"enemies":"Writhing Mass","floor":38,"turns":7},{"damage":21,"enemies":"Transient","floor":39,"turns":5},{"damage":21,"enemies":"Reptomancer","floor":40,"turns":5},{"damage":30,"enemies":"Nemesis","floor":44,"turns":5},{"damage":10,"enemies":"4 Shapes","floor":46,"turns":6},{"damage":6,"enemies":"Jaw Worm Horde","floor":48,"turns":4},{"damage":63,"enemies":"Awakened One","floor":50,"turns":15}],"seed_played":"-1088333116444122013","potions_obtained":[{"floor":2,"key":"Fire Potion"},{"floor":4,"key":"PowerPotion"},{"floor":7,"key":"Explosive Potion"},{"floor":14,"key":"Regen Potion"}],"is_trial":false,"path_per_floor":["M","M","?","M","?","E","M","R","T","?","M","M","?","E","R","B",null,"M","M","$","M","?","E","R","E","T","R","?","M","?","E","R","B",null,"M","M","?","M","M","E","$","R","T","E","?","M","$","M","R","B",null],"character_chosen":"IRONCLAD","items_purchased":["Singing Bowl","Disarm","Ancient Tea Set","Rupture"],"campfire_rested":2,"item_purchase_floors":[20,41,41,47],"current_hp_per_floor":[74,75,75,75,75,59,50,50,50,50,51,43,43,28,28,12,59,56,53,53,55,55,36,36,47,47,47,47,40,40,37,76,71,83,87,85,95,97,87,77,77,77,77,58,58,64,64,74,118,64],"gold":64,"neow_bonus":"THREE_ENEMY_KILL","is_prod":false,"is_daily":false,"chose_seed":false,"campfire_upgraded":3,"win_rate":0,"timestamp":1563320774,"path_taken":["M","M","?","M","?","E","M","R","T","?","?","M","?","E","R","BOSS","M","M","$","?","?","E","R","E","T","R","?","M","?","E","R","BOSS","M","?","?","M","?","E","?","R","T","E","?","?","$","M","R","BOSS"],"build_version":"2019-07-05","purchased_purges":0,"victory":true,"max_hp_per_floor":[75,75,75,75,75,75,75,75,75,75,75,75,75,75,75,75,75,75,75,75,77,77,77,77,79,79,79,79,81,81,81,81,81,85,87,93,103,105,107,109,109,106,106,108,108,113,113,118,118,118],"card_choices":[{"not_picked":["Perfected Strike","Sword Boomerang"],"picked":"Flame Barrier","floor":1},{"not_picked":["True Grit","Anger"],"picked":"Spot Weakness","floor":2},{"not_picked":["Blood for Blood","Clash"],"picked":"Sword Boomerang","floor":4},{"not_picked":["Perfected Strike","Sword Boomerang"],"picked":"Uppercut","floor":6},{"not_picked":["Impervious","Warcry"],"picked":"Shockwave","floor":7},{"not_picked":["Clash","Rage"],"picked":"Twin Strike","floor":11},{"not_picked":["Iron Wave","Thunderclap"],"picked":"Fiend Fire","floor":12},{"not_picked":["Clash","Heavy Blade","Body Slam"],"picked":"SKIP","floor":14},{"not_picked":["Juggernaut","Fiend Fire"],"picked":"Offering","floor":16},{"not_picked":["Rupture","Hemokinesis"],"picked":"Feel No Pain","floor":18},{"not_picked":["Power Through","Sword Boomerang"],"picked":"Carnage+1","floor":19},{"not_picked":["Infernal Blade","Perfected Strike+1","Warcry"],"picked":"Singing Bowl","floor":21},{"not_picked":["Shockwave","Twin Strike"],"picked":"Battle Trance","floor":23},{"not_picked":["Searing Blow","Rupture","Bloodletting"],"picked":"Singing Bowl","floor":25},{"not_picked":["Intimidate","Clothesline","Twin Strike"],"picked":"Singing Bowl","floor":29},{"not_picked":["Inflame","Ghostly Armor+1"],"picked":"Shrug It Off+1","floor":31},{"not_picked":["Brutality","Reaper"],"picked":"Impervious","floor":33},{"not_picked":["Wild Strike","Anger"],"picked":"Sentinel+1","floor":34},{"not_picked":["Sentinel","True Grit"],"picked":"Shrug It Off","floor":34},{"not_picked":["Perfected Strike+1","Headbutt","Reckless Charge"],"picked":"Singing Bowl","floor":34},{"not_picked":["Sword Boomerang","Thunderclap"],"picked":"Feed","floor":34},{"not_picked":["Flex","Sword Boomerang","Wild Strike"],"picked":"Singing Bowl","floor":34},{"not_picked":["Sword Boomerang","Dual Wield","Ghostly Armor+1"],"picked":"Singing Bowl","floor":35},{"not_picked":["Clash","Metallicize+1","Clothesline"],"picked":"Singing Bowl","floor":36},{"not_picked":["Double Tap","Body Slam","Cleave"],"picked":"Singing Bowl","floor":38},{"not_picked":["Rampage","Second Wind+1","Flame Barrier+1"],"picked":"Singing Bowl","floor":39},{"not_picked":["Cleave","Clash","Burning Pact+1"],"picked":"Singing Bowl","floor":40},{"not_picked":["Perfected Strike","Flex","Second Wind"],"picked":"Singing Bowl","floor":44},{"not_picked":["True Grit","Anger+1","Intimidate"],"picked":"Singing Bowl","floor":46},{"not_picked":["True Grit","Perfected Strike","Spot Weakness"],"picked":"Singing Bowl","floor":48}],"player_experience":378768,"relics_obtained":[{"floor":6,"key":"Happy Flower"},{"floor":9,"key":"Bag of Preparation"},{"floor":14,"key":"Letter Opener"},{"floor":23,"key":"Peace Pipe"},{"floor":25,"key":"Magic Flower"},{"floor":26,"key":"Regal Pillow"},{"floor":31,"key":"Bronze Scales"},{"floor":40,"key":"Mummified Hand"},{"floor":43,"key":"Paper Frog"},{"floor":44,"key":"PreservedInsect"}],"event_choices":[{"cards_removed":["Strike_R"],"damage_healed":0,"gold_gain":0,"player_choice":"Card Removal","damage_taken":0,"max_hp_gain":0,"max_hp_loss":0,"event_name":"The Cleric","floor":3,"gold_loss":75},{"damage_healed":0,"gold_gain":0,"player_choice":"Ignored","damage_taken":0,"max_hp_gain":0,"max_hp_loss":0,"event_name":"Shining Light","floor":5,"gold_loss":0},{"damage_healed":0,"gold_gain":0,"player_choice":"Got Potions","damage_taken":0,"max_hp_gain":0,"max_hp_loss":0,"event_name":"Lab","floor":10,"gold_loss":0},{"damage_healed":0,"gold_gain":0,"player_choice":"Rummage","damage_taken":0,"relics_obtained":["WarpedTongs"],"max_hp_gain":0,"max_hp_loss":0,"event_name":"Accursed Blacksmith","floor":13,"gold_loss":0,"cards_obtained":["Pain"]},{"damage_healed":0,"gold_gain":0,"player_choice":"Ignored","damage_taken":0,"max_hp_gain":0,"max_hp_loss":0,"event_name":"Ghosts","floor":22,"gold_loss":0},{"damage_healed":0,"gold_gain":0,"player_choice":"Simplicity","damage_taken":0,"max_hp_gain":0,"max_hp_loss":0,"event_name":"Back to Basics","floor":28,"gold_loss":0,"cards_upgraded":["Strike_R","Strike_R","Strike_R","Strike_R","Defend_R","Defend_R","Defend_R","Defend_R"]},{"damage_healed":0,"gold_gain":0,"player_choice":"Copied","damage_taken":0,"max_hp_gain":0,"max_hp_loss":0,"event_name":"Duplicator","floor":30,"gold_loss":0,"cards_obtained":["Offering"]},{"damage_healed":0,"gold_gain":0,"player_choice":"Paid Gold","damage_taken":0,"relics_obtained":["Pear"],"max_hp_gain":0,"max_hp_loss":0,"event_name":"WeMeetAgain","floor":37,"gold_loss":60},{"damage_healed":0,"gold_gain":0,"player_choice":"Ignored","damage_taken":0,"max_hp_gain":0,"max_hp_loss":0,"event_name":"Transmorgrifier","floor":45,"gold_loss":0}],"is_beta":false,"boss_relics":[{"not_picked":["Tiny House","Busted Crown"],"picked":"Sozu"},{"not_picked":["Black Blood","Cursed Key"],"picked":"Orrery"}],"items_purged_floors":[],"is_endless":false,"potions_floor_spawned":[2,4,7,14,19,21,25,33,38,39,44,46],"ascension_level":16}