{"gold_per_floor":[112,71,71,71,71,109,132,9,9,40,40,78,78,93,93,93],"floor_reached":16,"playtime":406,"items_purged":["Strike_R"],"score":219,"play_id":"54ea91c6-18f2-4fae-9b60-39ec77a6508d","local_time":"20190528215743","is_ascension_mode":true,"campfire_choices":[{"floor":13,"key":"REST"},{"floor":15,"key":"DIG"}],"neow_cost":"NONE","seed_source_timestamp":1208308185761528,"circlet_count":0,"master_deck":["AscendersBane","Strike_R","Strike_R","Strike_R+1","Strike_R+1","Defend_R","Defend_R","Defend_R","Defend_R","Bash","Armaments","Flame Barrier","Inflame","Shrug It Off","Clothesline","Shockwave","Disarm"],"relics":["Burning Blood","NeowsBlessing","Golden Idol","Blood Vial","Shovel","Smiling Mask","Bottled Flame","Frozen Egg 2"],"potions_floor_usage":[12,16],"damage_taken":[{"damage":0,"enemies":"Cultist","floor":1,"turns":1},{"damage":0,"enemies":"Gremlin Nob","floor":6,"turns":1},{"damage":0,"enemies":"Jaw Worm","floor":7,"turns":1},{"damage":35,"enemies":"Lagavulin","floor":10,"turns":11},{"damage":26,"enemies":"Gremlin Nob","floor":12,"turns":5},{"damage":0,"enemies":"Small Slimes","floor":14,"turns":4},{"damage":51,"enemies":"Hexaghost","floor":16,"turns":13}],"seed_played":"-6501655264766442176","potions_obtained":[{"floor":1,"key":"LiquidBronze"},{"floor":5,"key":"Swift Potion"},{"floor":12,"key":"SteroidPotion"}],"is_trial":false,"path_per_floor":["M","$","?","?","?","E","M","$","T","E","?","E","R","M","R","B"],"character_chosen":"IRONCLAD","items_purchased":["Flame Barrier","Clothesline"],"campfire_rested":1,"item_purchase_floors":[2,8],"current_hp_per_floor":[78,78,58,63,63,69,77,77,77,50,33,15,40,48,48,0],"gold":93,"neow_bonus":"THREE_ENEMY_KILL","is_prod":false,"is_daily":false,"chose_seed":false,"campfire_upgraded":0,"win_rate":0,"timestamp":1559095063,"path_taken":["M","?","?","?","?","E","?","$","T","E","?","E","R","M","R","BOSS"],"build_version":"2019-01-23","purchased_purges":1,"victory":false,"max_hp_per_floor":[80,80,80,85,85,85,85,85,85,85,85,85,85,85,85,85],"card_choices":[{"not_picked":["Sever Soul","Body Slam"],"picked":"Armaments","floor":1},{"not_picked":["Clash","Feel No Pain"],"picked":"Inflame","floor":6},{"not_picked":["Twin Strike","True Grit"],"picked":"Shrug It Off","floor":7},{"not_picked":["Armaments","Flex","Second Wind"],"picked":"SKIP","floor":10},{"not_picked":["Bloodletting","Uppercut"],"picked":"Shockwave","floor":12},{"not_picked":["Anger","Thunderclap"],"picked":"Disarm","floor":14}],"player_experience":534032,"relics_obtained":[{"floor":6,"key":"Blood Vial"},{"floor":9,"key":"Shovel"},{"floor":10,"key":"Smiling Mask"},{"floor":12,"key":"Bottled Flame"},{"floor":15,"key":"Frozen Egg 2"}],"event_choices":[{"damage_healed":0,"gold_gain":0,"player_choice":"Take Damage","damage_taken":20,"relics_obtained":["Golden Idol"],"max_hp_gain":0,"max_hp_loss":0,"event_name":"Golden Idol","floor":3,"gold_loss":0},{"damage_healed":0,"gold_gain":0,"player_choice":"Donut","damage_taken":0,"max_hp_gain":5,"max_hp_loss":0,"event_name":"Big Fish","floor":4,"gold_loss":0},{"damage_healed":0,"gold_gain":0,"player_choice":"Got Potions","damage_taken":0,"max_hp_gain":0,"max_hp_loss":0,"event_name":"Lab","floor":5,"gold_loss":0},{"damage_healed":0,"gold_gain":0,"player_choice":"Entered Light","damage_taken":17,"max_hp_gain":0,"max_hp_loss":0,"event_name":"Shining Light","floor":11,"gold_loss":0,"cards_upgraded":["Strike_R","Strike_R"]}],"is_beta":false,"boss_relics":[],"items_purged_floors":[8],"is_endless":false,"potions_floor_spawned":[1,12,14],"killed_by":"Hexaghost","ascension_level":11}