{"gold_per_floor":[11,24,24,41,41,71,71,86,140,159,159,170,200,212,212,310,310,328,253,253,22,32,32,32,32,55,55,71,71,105,118,118,221,221,237,537,551,569,583,617,617,433,459,559,572,572,586,600,600,600],"floor_reached":51,"playtime":2725,"items_purged":[],"score":760,"play_id":"7dcd028d-3da5-443c-a87a-2647f0634e80","local_time":"20190103233449","is_ascension_mode":true,"campfire_choices":[{"data":"Zap","floor":7.0,"key":"SMITH"},{"data":"Coolheaded","floor":11.0,"key":"SMITH"},{"floor":15.0,"key":"REST"},{"data":"Apotheosis","floor":23.0,"key":"SMITH"},{"floor":29.0,"key":"REST"},{"data":"Hologram","floor":32.0,"key":"SMITH"},{"floor":41,"key":"REST"},{"floor":46,"key":"REST"},{"floor":49,"key":"REST"}],"neow_cost":"NO_GOLD","seed_source_timestamp":0,"circlet_count":0,"master_deck":["Strike_B","Defend_B","Defend_B","Zap+1","Dualcast","Conserve Battery","Hologram+1","Steam","Coolheaded+1","Doom and Gloom","Capacitor","Conserve Battery","Stack","Biased Cognition","Compile Driver","Redo","Apotheosis+1","Genetic Algorithm","Steam","Creative AI","Fission","Redo+1","Genetic Algorithm","Auto Shields+1","Barrage","Consume","Heatsinks","Chaos","Gash","Parasite","Turbo+1"],"special_seed":0,"relics":["Cracked Core","Cables","Ancient Tea Set","Odd Mushroom","Busted Crown","Enchiridion","Orichalcum","Lantern","Philosopher\u0027s Stone","Unceasing Top","Smiling Mask","Mango"],"potions_floor_usage":[],"damage_taken":[{"damage":0.0,"enemies":"2 Louse","floor":1.0,"turns":3.0},{"damage":2.0,"enemies":"Cultist","floor":2.0,"turns":4.0},{"damage":2.0,"enemies":"Small Slimes","floor":4.0,"turns":3.0},{"damage":23.0,"enemies":"Lagavulin","floor":6.0,"turns":8.0},{"damage":3.0,"enemies":"Red Slaver","floor":8.0,"turns":3.0},{"damage":1.0,"enemies":"Exordium Wildlife","floor":10.0,"turns":4.0},{"damage":0.0,"enemies":"Blue Slaver","floor":12.0,"turns":3.0},{"damage":29.0,"enemies":"The Mushroom Lair","floor":13.0,"turns":4.0},{"damage":0.0,"enemies":"2 Fungi Beasts","floor":14.0,"turns":3.0},{"damage":27.0,"enemies":"Slime Boss","floor":16.0,"turns":9.0},{"damage":8.0,"enemies":"Spheric Guardian","floor":18.0,"turns":6.0},{"damage":15.0,"enemies":"3 Byrds","floor":22.0,"turns":4.0},{"damage":0.0,"enemies":"Shelled Parasite and Fungi","floor":28.0,"turns":4.0},{"damage":9.0,"enemies":"Gremlin Leader","floor":30.0,"turns":4.0},{"damage":0.0,"enemies":"Snake Plant","floor":31.0,"turns":2.0},{"damage":6.0,"enemies":"Collector","floor":33.0,"turns":11.0},{"damage":0,"enemies":"Orb Walker","floor":35,"turns":5},{"damage":22,"enemies":"3 Darklings","floor":37,"turns":5},{"damage":17,"enemies":"Writhing Mass","floor":38,"turns":4},{"damage":0,"enemies":"Maw","floor":39,"turns":7},{"damage":43,"enemies":"Reptomancer","floor":40,"turns":7},{"damage":0,"enemies":"Mind Bloom Boss Battle","floor":44,"turns":4},{"damage":7,"enemies":"Spire Growth","floor":45,"turns":5},{"damage":15,"enemies":"Writhing Mass","floor":47,"turns":5},{"damage":0,"enemies":"Maw","floor":48,"turns":6},{"damage":41,"enemies":"Time Eater","floor":50,"turns":11}],"seed_played":"1029549156498779151","potions_obtained":[{"floor":6.0,"key":"SkillPotion"},{"floor":12.0,"key":"SteroidPotion"},{"floor":14.0,"key":"Explosive Potion"},{"floor":16.0,"key":"FairyPotion"},{"floor":18.0,"key":"FairyPotion"},{"floor":40,"key":"Fire Potion"}],"is_trial":false,"path_per_floor":["M","M","?","M","?","E","R","M","T","M","R","M","?","M","R","B",null,"M","?","?","$","M","R","?","$","T","?","M","R","E","M","R","B",null,"M","?","M","M","M","E","R","$","T","?","M","R","M","M","R","B",null],"character_chosen":"DEFECT","items_purchased":["Redo","Apotheosis","Consume","Heatsinks","Chaos"],"campfire_rested":5,"item_purchase_floors":[21,21,42,42,42],"current_hp_per_floor":[75,73,75,73,73,50,50,47,47,46,46,46,17,17,39,12,75,67,67,51,51,36,36,36,36,36,36,36,58,49,49,49,43,75,75,75,53,36,36,7,29,29,29,43,36,62,47,47,73,32],"gold":600,"neow_bonus":"REMOVE_TWO","is_prod":false,"is_daily":false,"chose_seed":false,"campfire_upgraded":4,"win_rate":0,"timestamp":1546576489,"path_taken":["M","M","?","?","?","E","R","M","T","?","R","M","?","M","R","BOSS","M","?","?","$","M","R","?","?","T","?","M","R","E","M","R","BOSS","M","?","M","?","M","E","R","$","T","?","M","R","M","M","R","BOSS"],"build_version":"2019-01-03v2","purchased_purges":0,"victory":true,"max_hp_per_floor":[75,75,75,75,75,75,75,75,75,75,75,75,75,75,75,75,75,75,75,75,75,75,75,75,75,75,75,75,75,75,75,75,75,75,75,75,75,75,75,75,75,75,75,89,89,89,89,89,89,89],"card_choices":[{"not_picked":["Turbo","Self Repair"],"picked":"Conserve Battery","floor":1.0},{"not_picked":["Ball Lightning","Double Energy"],"picked":"Darkness","floor":2.0},{"not_picked":["Double Energy","Barrage"],"picked":"Hologram","floor":4.0},{"not_picked":["Double Energy","Steam Power"],"picked":"Steam","floor":6.0},{"not_picked":["Rip and Tear","Chill"],"picked":"Coolheaded","floor":8.0},{"not_picked":["Sweeping Beam","Rebound"],"picked":"Doom and Gloom","floor":10.0},{"not_picked":["Rip and Tear","Consume"],"picked":"Capacitor","floor":12.0},{"not_picked":["Turbo","White Noise"],"picked":"Conserve Battery","floor":13.0},{"not_picked":["Ball Lightning","Beam Cell"],"picked":"Stack","floor":14.0},{"not_picked":["Multi-Cast","Buffer"],"picked":"Biased Cognition","floor":16.0},{"not_picked":[],"picked":"Compile Driver","floor":18.0},{"not_picked":[],"picked":"Genetic Algorithm","floor":22.0},{"not_picked":[],"picked":"Steam","floor":28.0},{"not_picked":[],"picked":"Creative AI","floor":30.0},{"not_picked":["Turbo"],"picked":"SKIP","floor":31.0},{"not_picked":[],"picked":"Fission","floor":33.0},{"not_picked":[],"picked":"Redo+1","floor":35},{"not_picked":[],"picked":"Genetic Algorithm","floor":37},{"not_picked":[],"picked":"Auto Shields+1","floor":38},{"not_picked":["Auto Shields"],"picked":"SKIP","floor":39},{"not_picked":[],"picked":"Barrage","floor":40},{"not_picked":[],"picked":"Gash","floor":44},{"not_picked":["Cold Snap"],"picked":"SKIP","floor":45},{"not_picked":["Skim+1"],"picked":"SKIP","floor":47},{"not_picked":[],"picked":"Turbo+1","floor":48}],"player_experience":210074,"relics_obtained":[{"floor":6.0,"key":"Cables"},{"floor":9.0,"key":"Ancient Tea Set"},{"floor":13.0,"key":"Odd Mushroom"},{"floor":20.0,"key":"Enchiridion"},{"floor":26.0,"key":"Orichalcum"},{"floor":30.0,"key":"Lantern"},{"floor":40,"key":"Unceasing Top"},{"floor":43,"key":"Smiling Mask"},{"floor":44,"key":"Mango"}],"event_choices":[{"cards_removed":["Darkness"],"damage_healed":2.0,"max_hp_gain":0.0,"max_hp_loss":0.0,"gold_gain":0.0,"event_name":"Bonfire Elementals","player_choice":"Offered Uncommon","floor":3.0,"gold_loss":0.0,"damage_taken":0.0},{"cards_removed":["Strike_B"],"damage_healed":0.0,"max_hp_gain":0.0,"max_hp_loss":0.0,"gold_gain":0.0,"event_name":"Purifier","player_choice":"Purged","floor":5.0,"gold_loss":0.0,"damage_taken":0.0},{"damage_healed":0.0,"max_hp_gain":0.0,"max_hp_loss":0.0,"gold_gain":0.0,"event_name":"Mushrooms","player_choice":"Fought Mushrooms","floor":13.0,"gold_loss":0.0,"damage_taken":0.0},{"cards_removed":["Defend_B"],"damage_healed":0.0,"max_hp_gain":0.0,"max_hp_loss":0.0,"gold_gain":0.0,"event_name":"Beggar","player_choice":"Gave Gold","floor":19.0,"gold_loss":75.0,"damage_taken":0.0},{"damage_healed":0.0,"max_hp_gain":0.0,"max_hp_loss":0.0,"gold_gain":0.0,"event_name":"Cursed Tome","player_choice":"Obtained Book","floor":20.0,"gold_loss":0.0,"damage_taken":16.0},{"cards_removed":["Strike_B"],"damage_healed":0.0,"max_hp_gain":0.0,"max_hp_loss":0.0,"gold_gain":0.0,"event_name":"Back to Basics","player_choice":"Elegance","floor":24.0,"gold_loss":0.0,"damage_taken":0.0},{"damage_healed":0,"gold_gain":300,"player_choice":"Gold","damage_taken":0,"max_hp_gain":0,"max_hp_loss":0,"event_name":"Wheel of Change","floor":36,"gold_loss":0},{"damage_healed":0,"gold_gain":0,"player_choice":"Fight","damage_taken":0,"max_hp_gain":0,"max_hp_loss":0,"event_name":"MindBloom","floor":44,"gold_loss":0}],"is_beta":false,"boss_relics":[{"not_picked":["White Beast Statue","Black Star"],"picked":"Busted Crown"},{"not_picked":["Velvet Choker","Pandora\u0027s Box"],"picked":"Philosopher\u0027s Stone"}],"items_purged_floors":[],"is_endless":false,"potions_floor_spawned":[6,12,14,16,18,22,28,31,37,38,40,44,47],"ascension_level":1}