{"gold_per_floor":[109,109,120,136,136,136,170,186,210,62,93,103,103,137,137,137],"floor_reached":16,"playtime":597,"items_purged":["Strike_G"],"score":210,"play_id":"5c920810-b9c8-49e4-a7c8-898b12499b1f","local_time":"20190722223203","is_ascension_mode":true,"campfire_choices":[{"data":"Neutralize","floor":6,"key":"SMITH"},{"floor":15,"key":"REST"}],"neow_cost":"NONE","seed_source_timestamp":116654418273761,"circlet_count":0,"master_deck":["AscendersBane","Strike_G","Strike_G","Strike_G","Strike_G","Defend_G","Defend_G","Defend_G","Defend_G","Defend_G","Survivor","Neutralize+1","Deadly Poison","Glass Knife","PiercingWail","Well Laid Plans","Blur","Crippling Poison","Parasite","Skewer"],"relics":["Ring of the Snake","Regal Pillow","Juzu Bracelet","Lantern","The Courier"],"potions_floor_usage":[16,16],"damage_taken":[{"damage":0,"enemies":"Jaw Worm","floor":1,"turns":6},{"damage":1,"enemies":"Cultist","floor":3,"turns":4},{"damage":0,"enemies":"Small Slimes","floor":4,"turns":3},{"damage":32,"enemies":"Lagavulin","floor":7,"turns":8},{"damage":0,"enemies":"2 Fungi Beasts","floor":8,"turns":3},{"damage":30,"enemies":"Gremlin Nob","floor":11,"turns":5},{"damage":0,"enemies":"Blue Slaver","floor":12,"turns":4},{"damage":7,"enemies":"Lagavulin","floor":14,"turns":6},{"damage":83,"enemies":"Slime Boss","floor":16,"turns":10}],"seed_played":"8129272080723669844","potions_obtained":[{"floor":1,"key":"SpeedPotion"},{"floor":7,"key":"Strength Potion"},{"floor":14,"key":"Regen Potion"}],"is_trial":false,"path_per_floor":["M","?","M","M","?","R","E","M","T","$","E","M","?","E","R","B"],"character_chosen":"THE_SILENT","items_purchased":["Well Laid Plans"],"campfire_rested":1,"item_purchase_floors":[10],"current_hp_per_floor":[65,72,71,71,71,71,39,39,39,39,9,9,27,20,56,0],"gold":137,"neow_bonus":"TEN_PERCENT_HP_BONUS","is_prod":false,"is_daily":false,"chose_seed":false,"campfire_upgraded":1,"win_rate":0,"timestamp":1563849123,"path_taken":["M","?","M","?","?","R","E","M","T","$","E","M","?","E","R","BOSS"],"build_version":"2019-07-17","purchased_purges":1,"victory":false,"max_hp_per_floor":[72,72,72,72,72,72,72,72,72,72,72,72,72,72,72,72],"card_choices":[{"not_picked":["Dagger Throw","All Out Attack"],"picked":"Deadly Poison","floor":1},{"not_picked":["Backflip","Prepared","Underhanded Strike"],"picked":"SKIP","floor":3},{"not_picked":["Deflect","Backflip","Outmaneuver"],"picked":"SKIP","floor":4},{"not_picked":["Backflip","Riddle With Holes"],"picked":"Glass Knife","floor":7},{"not_picked":["Dagger Throw","Deadly Poison"],"picked":"PiercingWail","floor":8},{"not_picked":["Eviscerate","Dagger Throw"],"picked":"Blur","floor":11},{"not_picked":["Sucker Punch","Caltrops"],"picked":"Crippling Poison","floor":12},{"not_picked":["Bane","Endless Agony"],"picked":"Skewer","floor":14}],"player_experience":718220,"relics_obtained":[{"floor":7,"key":"Regal Pillow"},{"floor":9,"key":"Juzu Bracelet"},{"floor":11,"key":"Lantern"},{"floor":14,"key":"The Courier"}],"event_choices":[{"damage_healed":7,"gold_gain":0,"player_choice":"Full Heal","damage_taken":0,"max_hp_gain":0,"max_hp_loss":0,"event_name":"Wheel of Change","floor":2,"gold_loss":0},{"damage_healed":0,"gold_gain":0,"player_choice":"Ignored","damage_taken":0,"max_hp_gain":0,"max_hp_loss":0,"event_name":"Liars Game","floor":5,"gold_loss":0},{"damage_healed":18,"gold_gain":0,"player_choice":"Healed and dodged fight","damage_taken":0,"max_hp_gain":0,"max_hp_loss":0,"event_name":"Mushrooms","floor":13,"gold_loss":0,"cards_obtained":["Parasite"]}],"is_beta":false,"boss_relics":[],"items_purged_floors":[10],"is_endless":false,"potions_floor_spawned":[1,7,11,14],"killed_by":"Slime Boss","ascension_level":15}