{"gold_per_floor":[110,124,49,124,136,164,185,185,185,204,224,224,250,250],"floor_reached":14,"playtime":616,"items_purged":["Defend_R"],"score":110,"play_id":"aa3d4f45-ab67-487f-8e33-8cd81d02c8c7","local_time":"20190730090329","is_ascension_mode":true,"campfire_choices":[{"data":"Uppercut","floor":12,"key":"SMITH"}],"neow_cost":"NONE","seed_source_timestamp":305253404782672,"circlet_count":0,"master_deck":["Strike_R","Strike_R","Strike_R","Strike_R","Strike_R","Defend_R","Defend_R","Defend_R","Bash","Pommel Strike","Pummel","Battle Trance","Carnage","Uppercut+1","Shrug It Off","Feed"],"relics":["Burning Blood","Shuriken","Odd Mushroom","Matryoshka","Regal Pillow"],"potions_floor_usage":[1,7,10,13,13,13],"damage_taken":[{"damage":3,"enemies":"Small Slimes","floor":1,"turns":4},{"damage":11,"enemies":"2 Louse","floor":2,"turns":3},{"damage":6,"enemies":"Cultist","floor":5,"turns":3},{"damage":20,"enemies":"Gremlin Nob","floor":6,"turns":4},{"damage":36,"enemies":"The Mushroom Lair","floor":7,"turns":4},{"damage":16,"enemies":"Blue Slaver","floor":10,"turns":3},{"damage":11,"enemies":"Looter","floor":11,"turns":2},{"damage":20,"enemies":"3 Sentries","floor":13,"turns":5},{"damage":20,"enemies":"Exordium Wildlife","floor":14,"turns":2}],"seed_played":"-1011224846833488772","potions_obtained":[{"floor":0,"key":"Fruit Juice"},{"floor":0,"key":"SkillPotion"},{"floor":0,"key":"SneckoOil"},{"floor":2,"key":"BloodPotion"},{"floor":6,"key":"SkillPotion"},{"floor":7,"key":"Strength Potion"},{"floor":8,"key":"EntropicBrew"},{"floor":10,"key":"Dexterity Potion"}],"is_trial":false,"path_per_floor":["M","M","$","?","M","E","?","?","T","M","M","R","E","M"],"character_chosen":"IRONCLAD","items_purchased":[],"campfire_rested":0,"item_purchase_floors":[],"current_hp_per_floor":[85,80,80,69,69,55,25,25,25,36,31,31,17,0],"gold":250,"neow_bonus":"THREE_SMALL_POTIONS","is_prod":false,"is_daily":false,"chose_seed":false,"campfire_upgraded":1,"win_rate":0,"timestamp":1564502609,"path_taken":["M","M","$","?","M","E","?","?","T","M","M","R","E","M"],"build_version":"2019-07-17","purchased_purges":1,"victory":false,"max_hp_per_floor":[85,85,85,85,85,85,85,85,85,85,85,85,85,85],"card_choices":[{"not_picked":["Clash","Havoc"],"picked":"Pommel Strike","floor":1},{"not_picked":["Heavy Blade","Evolve"],"picked":"Pummel","floor":2},{"not_picked":["Havoc","Inflame"],"picked":"Battle Trance","floor":5},{"not_picked":["Evolve","Armaments","Bloodletting"],"picked":"SKIP","floor":6},{"not_picked":["Cleave","Fire Breathing"],"picked":"Carnage","floor":7},{"not_picked":["Flex","Sword Boomerang"],"picked":"Uppercut","floor":10},{"not_picked":["Rage","Heavy Blade"],"picked":"Shrug It Off","floor":11},{"not_picked":["Body Slam","Rage"],"picked":"Feed","floor":13}],"player_experience":270484,"relics_obtained":[{"floor":6,"key":"Shuriken"},{"floor":7,"key":"Odd Mushroom"},{"floor":9,"key":"Matryoshka"},{"floor":13,"key":"Regal Pillow"}],"event_choices":[{"damage_healed":0,"gold_gain":75,"player_choice":"Gather Gold","damage_taken":11,"max_hp_gain":0,"max_hp_loss":0,"event_name":"World of Goop","floor":4,"gold_loss":0},{"damage_healed":0,"gold_gain":0,"player_choice":"Fought Mushrooms","damage_taken":0,"max_hp_gain":0,"max_hp_loss":0,"event_name":"Mushrooms","floor":7,"gold_loss":0},{"damage_healed":0,"gold_gain":0,"player_choice":"Got Potions","damage_taken":0,"max_hp_gain":0,"max_hp_loss":0,"event_name":"Lab","floor":8,"gold_loss":0}],"is_beta":false,"boss_relics":[],"items_purged_floors":[3],"is_endless":false,"potions_floor_spawned":[2,6,7,10],"killed_by":"Exordium Wildlife","ascension_level":2}