{"gold_per_floor":[109,109,125,135,148,148,177,177,177,197,225,173,173,185,185,258,258,276,41,58,58,127,127,127,154,154,154,154],"floor_reached":28,"playtime":999,"items_purged":["Strike_B"],"score":455,"play_id":"3e6d1558-eb1c-40af-8413-caf7aafed8e3","local_time":"20190803090845","is_ascension_mode":true,"campfire_choices":[{"data":"Doom and Gloom","floor":6.0,"key":"SMITH"},{"data":"Coolheaded","floor":8,"key":"SMITH"},{"floor":13,"key":"REST"},{"data":"Gash","floor":15,"key":"SMITH"},{"floor":23,"key":"REST"},{"floor":27,"key":"REST"}],"neow_cost":"NONE","seed_source_timestamp":2108558204408654,"circlet_count":0,"master_deck":["AscendersBane","Defend_B+1","Defend_B","Defend_B","Defend_B","Zap+1","Dualcast","Doom and Gloom+1","FTL","Coolheaded+1","Gash+1","Sweeping Beam","Undo","All For One","Thunder Strike+1","Steam+1","Coolheaded+1","Fusion","Defragment","Ghostly","Ghostly","Ghostly","Loop"],"special_seed":0,"relics":["Cracked Core","Bronze Scales","War Paint","Pantograph","Mummified Hand","Astrolabe","Bag of Preparation","Matryoshka","Bottled Flame","Dream Catcher","Toxic Egg 2"],"potions_floor_usage":[7,7,18],"damage_taken":[{"damage":0.0,"enemies":"2 Louse","floor":1.0,"turns":2.0},{"damage":7.0,"enemies":"Jaw Worm","floor":3.0,"turns":3.0},{"damage":0.0,"enemies":"Small Slimes","floor":4.0,"turns":2.0},{"damage":9.0,"enemies":"Looter","floor":5.0,"turns":3.0},{"damage":8,"enemies":"Lagavulin","floor":7,"turns":5},{"damage":10,"enemies":"Exordium Thugs","floor":10,"turns":4},{"damage":25,"enemies":"Gremlin Nob","floor":11,"turns":4},{"damage":0,"enemies":"Red Slaver","floor":14,"turns":2},{"damage":12,"enemies":"Hexaghost","floor":16,"turns":9},{"damage":17,"enemies":"2 Thieves","floor":18,"turns":2},{"damage":0,"enemies":"Spheric Guardian","floor":20,"turns":4},{"damage":20,"enemies":"Book of Stabbing","floor":25,"turns":6},{"damage":35,"enemies":"Slavers","floor":28,"turns":4}],"seed_played":"-350663516545082557","potions_obtained":[{"floor":1.0,"key":"Block Potion"},{"floor":4.0,"key":"FearPotion"},{"floor":11,"key":"PowerPotion"},{"floor":18,"key":"FocusPotion"},{"floor":20,"key":"FocusPotion"}],"is_trial":false,"path_per_floor":["M","?","M","M","M","R","E","R","T","M","E","?","R","M","R","B",null,"M","$","M","?","T","R","?","E","T","R","E"],"character_chosen":"DEFECT","items_purchased":["Bag of Preparation"],"campfire_rested":3,"item_purchase_floors":[19],"current_hp_per_floor":[64,64,57,57,48,48,40,40,40,30,5,5,26,26,26,39,63,46,46,46,26,26,48,38,18,18,29,0],"gold":154,"neow_bonus":"RANDOM_COMMON_RELIC","is_prod":false,"is_daily":false,"chose_seed":false,"campfire_upgraded":3,"win_rate":0,"timestamp":1564841325,"path_taken":["M","?","M","M","M","R","E","R","T","M","E","?","R","M","R","BOSS","M","$","M","?","?","R","?","E","T","R","E"],"build_version":"2019-07-17","purchased_purges":1,"victory":false,"max_hp_per_floor":[71,71,71,71,71,71,71,71,71,71,71,71,71,71,71,71,71,71,71,71,76,76,76,38,38,38,38,38],"card_choices":[{"not_picked":["Cold Snap","Force Field"],"picked":"Doom and Gloom","floor":1.0},{"not_picked":["Steam","Rebound"],"picked":"FTL","floor":3.0},{"not_picked":["Rebound","Hologram"],"picked":"Coolheaded","floor":4.0},{"not_picked":["Hologram","Cold Snap"],"picked":"Gash","floor":5.0},{"not_picked":["Cold Snap","Recycle","Reprogram"],"picked":"SKIP","floor":7},{"not_picked":["Cold Snap","Streamline"],"picked":"Sweeping Beam","floor":10},{"not_picked":["Sweeping Beam","Beam Cell","Go for the Eyes"],"picked":"SKIP","floor":11},{"not_picked":["Leap","Multi-Cast"],"picked":"Undo","floor":14},{"not_picked":["Thunder Strike","Amplify"],"picked":"All For One","floor":16},{"not_picked":["Steam+1","Stack"],"picked":"Fusion","floor":18},{"not_picked":["Rebound","Hologram"],"picked":"Defragment","floor":20},{"not_picked":["Streamline","Aggregate","Hyperbeam"],"picked":"SKIP","floor":25},{"not_picked":["Compile Driver","Stack+1"],"picked":"Loop","floor":27}],"player_experience":414212,"relics_obtained":[{"floor":7,"key":"War Paint"},{"floor":9,"key":"Pantograph"},{"floor":11,"key":"Mummified Hand"},{"floor":22,"key":"Matryoshka"},{"floor":25,"key":"Bottled Flame"},{"floor":26,"key":"Dream Catcher"},{"floor":26,"key":"Toxic Egg 2"}],"event_choices":[{"damage_healed":0.0,"max_hp_gain":0.0,"max_hp_loss":0.0,"gold_gain":0.0,"event_name":"The Cleric","player_choice":"Leave","floor":2.0,"gold_loss":0.0,"damage_taken":0.0},{"damage_healed":0,"gold_gain":0,"player_choice":"Left Gold","damage_taken":0,"max_hp_gain":0,"max_hp_loss":0,"event_name":"World of Goop","floor":12,"gold_loss":52},{"damage_healed":0,"gold_gain":0,"player_choice":"Shed Blood","damage_taken":25,"max_hp_gain":5,"max_hp_loss":0,"event_name":"Forgotten Altar","floor":21,"gold_loss":0},{"damage_healed":0,"gold_gain":0,"player_choice":"Became a Ghost","damage_taken":0,"max_hp_gain":0,"max_hp_loss":38,"event_name":"Ghosts","floor":24,"gold_loss":0,"cards_obtained":["Ghostly","Ghostly","Ghostly"]}],"is_beta":false,"boss_relics":[{"not_picked":["Eternal Feather","Velvet Choker"],"picked":"Astrolabe"}],"items_purged_floors":[19],"is_endless":false,"potions_floor_spawned":[1,4,5,11,18,20],"killed_by":"Slavers","ascension_level":17}