{"gold_per_floor":[115,115,135,135,135,135,162,88,88,163,9,19,33,33,33,33],"floor_reached":16,"playtime":792,"items_purged":[],"score":113,"play_id":"d5752baa-8ed1-42e7-9aa6-fc60c292caec","local_time":"20190819100807","is_ascension_mode":true,"campfire_choices":[{"data":"Warcry","floor":6,"key":"SMITH"},{"floor":15,"key":"REST"}],"neow_cost":"NONE","seed_source_timestamp":404577070890,"circlet_count":0,"master_deck":["Strike_R","Strike_R","Strike_R","Strike_R","Defend_R","Defend_R","Defend_R","Defend_R","Bash","Warcry+1","Clothesline+1","Shrug It Off","Inflame","Flame Barrier","Clash","Shrug It Off","Metallicize"],"relics":["Burning Blood","Potion Belt","Paper Frog","Meat on the Bone","Mummified Hand"],"potions_floor_usage":[7,12,13],"damage_taken":[{"damage":16,"enemies":"Small Slimes","floor":1,"turns":4},{"damage":15,"enemies":"Cultist","floor":3,"turns":5},{"damage":35,"enemies":"3 Sentries","floor":7,"turns":10},{"damage":0,"enemies":"2 Louse","floor":12,"turns":3},{"damage":0,"enemies":"Looter","floor":13,"turns":4},{"damage":82,"enemies":"Slime Boss","floor":16,"turns":15}],"seed_played":"4690667902845530873","potions_obtained":[{"floor":3,"key":"LiquidBronze"},{"floor":12,"key":"Poison Potion"}],"is_trial":false,"path_per_floor":["M","?","M","?","?","R","E","$","T","?","$","M","M","$","R","B"],"character_chosen":"IRONCLAD","items_purchased":["BloodPotion","Inflame","Flame Barrier","Clash"],"campfire_rested":1,"item_purchase_floors":[8,11,11,11],"current_hp_per_floor":[70,70,61,54,54,54,25,25,25,14,14,52,58,58,80,0],"gold":33,"neow_bonus":"RANDOM_COMMON_RELIC","is_prod":false,"is_daily":false,"chose_seed":false,"campfire_upgraded":1,"win_rate":0,"timestamp":1566205687,"path_taken":["M","?","?","?","?","R","E","?","T","?","$","M","M","?","R","BOSS"],"build_version":"2019-07-17","purchased_purges":0,"victory":false,"max_hp_per_floor":[80,80,80,80,80,80,80,80,80,80,80,80,80,80,80,80],"card_choices":[{"not_picked":["Cleave","Body Slam","Havoc"],"picked":"SKIP","floor":1},{"not_picked":["Flex","Armaments"],"picked":"Clothesline","floor":3},{"not_picked":["Offering","Iron Wave"],"picked":"Shrug It Off","floor":7},{"not_picked":["Warcry","Anger"],"picked":"Shrug It Off","floor":12},{"not_picked":["Intimidate","Sword Boomerang"],"picked":"Metallicize","floor":13}],"player_experience":427429,"relics_obtained":[{"floor":7,"key":"Meat on the Bone"},{"floor":9,"key":"Mummified Hand"}],"event_choices":[{"damage_healed":0,"gold_gain":0,"cards_transformed":["Strike_R"],"player_choice":"Transformed","damage_taken":0,"max_hp_gain":0,"max_hp_loss":0,"event_name":"Transmorgrifier","floor":2,"gold_loss":0,"cards_obtained":["Warcry"]},{"damage_healed":0,"gold_gain":0,"player_choice":"Success","damage_taken":7,"relics_obtained":["Paper Frog"],"max_hp_gain":0,"max_hp_loss":0,"event_name":"Scrap Ooze","floor":4,"gold_loss":0},{"damage_healed":0,"gold_gain":0,"player_choice":"Grow","damage_taken":0,"max_hp_gain":0,"max_hp_loss":0,"event_name":"Living Wall","floor":5,"gold_loss":0,"cards_upgraded":["Clothesline"]},{"damage_healed":0,"gold_gain":75,"player_choice":"Gather Gold","damage_taken":11,"max_hp_gain":0,"max_hp_loss":0,"event_name":"World of Goop","floor":10,"gold_loss":0}],"is_beta":false,"boss_relics":[],"items_purged_floors":[],"is_endless":false,"potions_floor_spawned":[3,12],"killed_by":"Slime Boss","ascension_level":3}