{"gold_per_floor":[116,41,59,9,27,60,30,46,46,56,56,67,99,116,116,219,219,229,129,145,162,174,174,193,193,248,267,267],"floor_reached":28,"playtime":1168,"items_purged":["Strike_R","Burning Pact"],"score":236,"play_id":"890a7d9a-a974-4848-bea0-cf49dcb71a5b","local_time":"20190807000018","is_ascension_mode":false,"campfire_choices":[{"data":"Bash","floor":15,"key":"SMITH"},{"floor":23,"key":"REST"},{"floor":25,"key":"REST"}],"neow_cost":"NONE","seed_source_timestamp":102106870610161,"circlet_count":0,"master_deck":["Bash+1","Metallicize","Offering","Metallicize","Double Tap","Combust","Warcry","Clash","True Grit","Sentinel","Infernal Blade","Dual Wield"],"relics":["Burning Blood","Potion Belt","Orichalcum","Blue Candle","Pandora\u0027s Box","Tiny Chest"],"potions_floor_usage":[13,16,16,21,28,28,28],"damage_taken":[{"damage":6,"enemies":"2 Louse","floor":1,"turns":4},{"damage":2,"enemies":"Jaw Worm","floor":3,"turns":6},{"damage":0,"enemies":"Small Slimes","floor":5,"turns":4},{"damage":22,"enemies":"Gremlin Nob","floor":6,"turns":4},{"damage":7,"enemies":"Looter","floor":7,"turns":4},{"damage":3,"enemies":"Red Slaver","floor":8,"turns":6},{"damage":10,"enemies":"2 Fungi Beasts","floor":10,"turns":4},{"damage":5,"enemies":"Looter","floor":12,"turns":3},{"damage":9,"enemies":"3 Sentries","floor":13,"turns":11},{"damage":12,"enemies":"Large Slime","floor":14,"turns":7},{"damage":48,"enemies":"Hexaghost","floor":16,"turns":10},{"damage":16,"enemies":"3 Byrds","floor":18,"turns":4},{"damage":16,"enemies":"Shell Parasite","floor":20,"turns":6},{"damage":35,"enemies":"Snecko","floor":21,"turns":8},{"damage":15,"enemies":"Snake Plant","floor":22,"turns":4},{"damage":16,"enemies":"Cultist and Chosen","floor":24,"turns":6},{"damage":25,"enemies":"Shelled Parasite and Fungi","floor":27,"turns":4},{"damage":66,"enemies":"Book of Stabbing","floor":28,"turns":7}],"seed_played":"3930722773931728144","potions_obtained":[{"floor":1,"key":"SpeedPotion"},{"floor":3,"key":"GamblersBrew"},{"floor":5,"key":"PowerPotion"},{"floor":6,"key":"Regen Potion"},{"floor":13,"key":"Poison Potion"},{"floor":14,"key":"Strength Potion"},{"floor":16,"key":"PowerPotion"},{"floor":21,"key":"BloodPotion"},{"floor":27,"key":"Poison Potion"}],"is_trial":false,"path_per_floor":["M","$","M","?","M","E","M","M","T","M","$","M","E","M","R","B",null,"M","$","M","M","M","R","M","R","T","M","E"],"character_chosen":"IRONCLAD","items_purchased":[],"campfire_rested":2,"item_purchase_floors":[],"current_hp_per_floor":[80,80,80,80,80,64,63,66,66,62,62,63,75,69,69,27,80,70,70,60,31,22,46,36,60,60,41,0],"gold":267,"neow_bonus":"THREE_CARDS","is_prod":false,"is_daily":false,"chose_seed":false,"campfire_upgraded":1,"win_rate":0,"timestamp":1565150418,"path_taken":["M","$","M","?","M","E","M","M","T","M","$","M","E","M","R","BOSS","M","$","M","M","M","R","M","R","T","M","E"],"build_version":"2019-07-17","purchased_purges":2,"victory":false,"max_hp_per_floor":[80,80,80,80,80,80,80,80,80,80,80,80,80,80,80,80,80,80,80,80,80,80,80,80,80,80,80,80],"card_choices":[{"not_picked":["Warcry","Heavy Blade"],"picked":"Metallicize","floor":0},{"not_picked":["Rage","Seeing Red","Pommel Strike"],"picked":"SKIP","floor":1},{"not_picked":["Clothesline","Ghostly Armor","Thunderclap"],"picked":"SKIP","floor":3},{"not_picked":["Cleave","Fire Breathing","Twin Strike"],"picked":"SKIP","floor":5},{"not_picked":["Corruption","Heavy Blade","Barricade"],"picked":"SKIP","floor":6},{"not_picked":["Flex","Pommel Strike","Body Slam"],"picked":"SKIP","floor":7},{"not_picked":["Anger","Wild Strike","Heavy Blade"],"picked":"SKIP","floor":8},{"not_picked":["Wild Strike","Power Through","Heavy Blade"],"picked":"SKIP","floor":10},{"not_picked":["Body Slam","Headbutt","Shockwave"],"picked":"SKIP","floor":12},{"not_picked":["Twin Strike","Feed"],"picked":"Offering","floor":13},{"not_picked":["Wild Strike","Warcry"],"picked":"Metallicize","floor":14},{"not_picked":["Shrug It Off","Twin Strike","Wild Strike"],"picked":"SKIP","floor":18},{"not_picked":["Havoc","Fire Breathing","Clothesline"],"picked":"SKIP","floor":20},{"not_picked":["Brutality","Perfected Strike"],"picked":"Infernal Blade","floor":21},{"not_picked":["Headbutt","Anger","Clash"],"picked":"SKIP","floor":22},{"not_picked":["True Grit","Carnage","Metallicize"],"picked":"SKIP","floor":24},{"not_picked":["Shrug It Off","Headbutt"],"picked":"Dual Wield","floor":27}],"player_experience":754498,"relics_obtained":[{"floor":6,"key":"Potion Belt"},{"floor":9,"key":"Orichalcum"},{"floor":13,"key":"Blue Candle"},{"floor":26,"key":"Tiny Chest"}],"event_choices":[{"cards_removed":["Defend_R"],"damage_healed":0,"gold_gain":0,"player_choice":"Card Removal","damage_taken":0,"max_hp_gain":0,"max_hp_loss":0,"event_name":"The Cleric","floor":4,"gold_loss":50}],"is_beta":false,"boss_relics":[{"not_picked":["Velvet Choker","Tiny House"],"picked":"Pandora\u0027s Box"}],"items_purged_floors":[2,19],"is_endless":false,"potions_floor_spawned":[1,3,5,6,13,14,16,21,27],"killed_by":"Book of Stabbing","ascension_level":0}