{"gold_per_floor":[112,112,73,248,260,260,140,168,168,201,201,201,225,205,205,309,309,322,341,341,5,5],"floor_reached":22,"playtime":715,"items_purged":["Doubt"],"score":234,"play_id":"4178252f-2b22-4c26-82b8-be334baa2a29","local_time":"20190109215621","is_ascension_mode":true,"campfire_choices":[{"data":"Metallicize","floor":6,"key":"SMITH"},{"data":"Heavy Blade","floor":11,"key":"SMITH"},{"data":"Bash","floor":15,"key":"SMITH"}],"neow_cost":"NONE","seed_source_timestamp":100981684051876,"circlet_count":0,"master_deck":["Strike_R+1","Strike_R","Strike_R","Strike_R+1","Strike_R","Defend_R","Defend_R","Defend_R","Defend_R","Bash+1","Heavy Blade+1","Rupture","Metallicize+1","Shrug It Off","Rupture","Warcry","Barricade+1","Wild Strike+1","Hemokinesis+1","Armaments","Perfected Strike"],"relics":["Black Blood","NeowsBlessing","Dead Branch","Bag of Marbles","Whetstone","Orichalcum","Pantograph"],"potions_floor_usage":[16,16,16,20],"damage_taken":[{"damage":0,"enemies":"Jaw Worm","floor":1,"turns":1},{"damage":0,"enemies":"Small Slimes","floor":5,"turns":1},{"damage":0,"enemies":"Gremlin Nob","floor":8,"turns":1},{"damage":31,"enemies":"3 Sentries","floor":10,"turns":7},{"damage":19,"enemies":"The Guardian","floor":16,"turns":8},{"damage":78,"enemies":"Spheric Guardian","floor":18,"turns":18},{"damage":9,"enemies":"Chosen","floor":19,"turns":9},{"damage":24,"enemies":"Centurion and Healer","floor":22,"turns":3}],"seed_played":"8317335127674618529","potions_obtained":[{"floor":8,"key":"AttackPotion"},{"floor":10,"key":"SteroidPotion"},{"floor":14,"key":"Strength Potion"},{"floor":19,"key":"Fruit Juice"}],"is_trial":false,"path_per_floor":["M","?","$","?","M","R","$","E","T","E","R","?","T","?","R","B",null,"M","M","?","$","M"],"character_chosen":"IRONCLAD","items_purchased":["Rupture","Shrug It Off","Armaments","Pantograph","Perfected Strike"],"campfire_rested":0,"item_purchase_floors":[3,7,21,21,21],"current_hp_per_floor":[80,80,80,80,80,80,80,80,80,55,55,55,55,55,55,42,80,12,13,18,18,0],"gold":5,"neow_bonus":"THREE_ENEMY_KILL","is_prod":false,"is_daily":false,"chose_seed":false,"campfire_upgraded":3,"win_rate":0,"timestamp":1547088981,"path_taken":["M","?","$","?","?","R","?","E","T","E","R","?","?","?","R","BOSS","M","?","?","$","M"],"build_version":"2019-01-03v4","purchased_purges":1,"victory":false,"max_hp_per_floor":[80,80,80,80,80,80,80,80,80,80,80,80,80,80,80,80,80,80,80,85,85,85],"card_choices":[{"not_picked":["Flex","Iron Wave"],"picked":"Heavy Blade","floor":1},{"not_picked":["Cleave","Havoc"],"picked":"Metallicize","floor":5},{"not_picked":["Limit Break","Bludgeon"],"picked":"Rupture","floor":8},{"not_picked":["True Grit","Havoc"],"picked":"Warcry","floor":10},{"not_picked":["Dark Embrace","Immolate"],"picked":"Barricade","floor":16},{"not_picked":["Anger+1","Reckless Charge+1"],"picked":"Wild Strike+1","floor":18},{"not_picked":["Iron Wave","Warcry"],"picked":"Hemokinesis+1","floor":19}],"player_experience":248622,"relics_obtained":[{"floor":8,"key":"Bag of Marbles"},{"floor":10,"key":"Whetstone"},{"floor":13,"key":"Orichalcum"}],"event_choices":[{"damage_healed":0,"gold_gain":0,"player_choice":"Box","damage_taken":0,"relics_obtained":["Dead Branch"],"max_hp_gain":0,"max_hp_loss":0,"event_name":"Big Fish","floor":2,"gold_loss":0,"cards_obtained":["Regret"]},{"damage_healed":0,"gold_gain":175,"player_choice":"AGREE","damage_taken":0,"max_hp_gain":0,"max_hp_loss":0,"event_name":"Liars Game","floor":4,"gold_loss":0,"cards_obtained":["Doubt"]},{"cards_removed":["Regret"],"damage_healed":0,"gold_gain":0,"player_choice":"Forget","damage_taken":0,"max_hp_gain":0,"max_hp_loss":0,"event_name":"Living Wall","floor":12,"gold_loss":0},{"damage_healed":0,"gold_gain":0,"player_choice":"Bought 1 Potion","damage_taken":0,"max_hp_gain":0,"max_hp_loss":0,"event_name":"The Woman in Blue","floor":14,"gold_loss":0},{"damage_healed":0,"gold_gain":0,"player_choice":"Forge","damage_taken":0,"max_hp_gain":0,"max_hp_loss":0,"event_name":"Accursed Blacksmith","floor":20,"gold_loss":0,"cards_upgraded":["Barricade"]}],"is_beta":false,"boss_relics":[{"not_picked":["White Beast Statue","Runic Pyramid"],"picked":"Black Blood"}],"items_purged_floors":[7],"is_endless":false,"potions_floor_spawned":[8,10,19],"killed_by":"Centurion and Healer","ascension_level":2}