{"gold_per_floor":[114,114,127,145,158,158,192,211,211,223,241,257,585,106,106,205,205,221,41,58,96,96,96],"floor_reached":23,"playtime":1246,"items_purged":["Strike_R"],"score":207,"play_id":"32c001d0-cd7d-4781-ab2a-6888fd02833c","local_time":"20181231001010","is_ascension_mode":false,"campfire_choices":[{"data":"Combust","floor":6,"key":"SMITH"},{"data":"Magnetism","floor":15,"key":"SMITH"}],"neow_cost":"TEN_PERCENT_HP_LOSS","seed_source_timestamp":742495943182127,"circlet_count":0,"master_deck":["Strike_R","Strike_R","Defend_R","Defend_R","Bash","Evolve","Sword Boomerang","Combust+1","Spot Weakness","Shrug It Off","Iron Wave","Iron Wave","Inflame","Feed","Hemokinesis","Flex","Metallicize","Feed","Magnetism+1","Flex","Shrug It Off","Demon Form","Armaments","Fire Breathing","Flame Barrier+1","Inflame+1"],"relics":["Burning Blood","Blue Candle","Gremlin Horn","Old Coin","Bronze Scales","Empty Cage","Vajra"],"potions_floor_usage":[11,16,16,20],"damage_taken":[{"damage":7,"enemies":"2 Louse","floor":1,"turns":4},{"damage":6,"enemies":"Cultist","floor":3,"turns":3},{"damage":8,"enemies":"Jaw Worm","floor":4,"turns":3},{"damage":4,"enemies":"Blue Slaver","floor":5,"turns":4},{"damage":12,"enemies":"Lagavulin","floor":7,"turns":6},{"damage":12,"enemies":"Large Slime","floor":8,"turns":5},{"damage":0,"enemies":"3 Louse","floor":10,"turns":2},{"damage":4,"enemies":"Blue Slaver","floor":11,"turns":3},{"damage":3,"enemies":"2 Fungi Beasts","floor":12,"turns":3},{"damage":18,"enemies":"3 Sentries","floor":13,"turns":5},{"damage":43,"enemies":"The Guardian","floor":16,"turns":10},{"damage":42,"enemies":"2 Thieves","floor":18,"turns":4},{"damage":19,"enemies":"Shell Parasite","floor":20,"turns":8},{"damage":18,"enemies":"Centurion and Healer","floor":21,"turns":9},{"damage":28,"enemies":"Snecko","floor":23,"turns":5}],"seed_played":"-4172211371828952761","potions_obtained":[{"floor":1,"key":"Block Potion"},{"floor":3,"key":"Block Potion"},{"floor":7,"key":"Strength Potion"},{"floor":13,"key":"Regen Potion"},{"floor":16,"key":"EssenceOfSteel"},{"floor":21,"key":"Fire Potion"}],"is_trial":false,"path_per_floor":["M","?","M","M","M","R","E","M","T","M","M","M","E","$","R","B",null,"M","$","M","M","$","M"],"character_chosen":"IRONCLAD","items_purchased":["Magnetism","Bronze Scales","Flex","Shrug It Off","Vajra","Fire Breathing"],"campfire_rested":0,"item_purchase_floors":[14,14,14,14,19,19],"current_hp_per_floor":[71,71,71,69,71,71,65,59,59,68,70,76,67,67,67,48,84,51,51,38,26,26,0],"gold":96,"neow_bonus":"TRANSFORM_TWO_CARDS","is_prod":false,"is_daily":false,"chose_seed":false,"campfire_upgraded":2,"win_rate":0,"timestamp":1546233010,"path_taken":["M","?","M","M","M","R","E","M","T","?","M","M","E","$","R","BOSS","M","$","M","M","$","M"],"build_version":"2018-12-20","purchased_purges":1,"victory":false,"max_hp_per_floor":[72,72,72,72,72,72,72,72,72,75,75,78,81,81,81,84,84,87,87,87,87,87,87],"card_choices":[{"not_picked":["Rampage","Feel No Pain"],"picked":"Combust","floor":1},{"not_picked":["Havoc","Clash"],"picked":"Shrug It Off","floor":3},{"not_picked":["Shrug It Off","Havoc"],"picked":"Iron Wave","floor":4},{"not_picked":["Warcry","Havoc"],"picked":"Iron Wave","floor":5},{"not_picked":["Metallicize","Thunderclap"],"picked":"Inflame","floor":7},{"not_picked":["Clash","Anger"],"picked":"Feed","floor":8},{"not_picked":["Disarm","Havoc"],"picked":"Hemokinesis","floor":10},{"not_picked":["Sever Soul","Body Slam"],"picked":"Flex","floor":11},{"not_picked":["Shrug It Off","Clothesline"],"picked":"Metallicize","floor":12},{"not_picked":["Reckless Charge","Anger"],"picked":"Feed","floor":13},{"not_picked":["Reaper","Juggernaut"],"picked":"Demon Form","floor":16},{"not_picked":["Havoc+1","Ghostly Armor"],"picked":"Armaments","floor":18},{"not_picked":["Searing Blow+1","Body Slam"],"picked":"Flame Barrier+1","floor":20},{"not_picked":["Searing Blow","Heavy Blade"],"picked":"Inflame+1","floor":21}],"player_experience":197494,"relics_obtained":[{"floor":7,"key":"Blue Candle"},{"floor":9,"key":"Gremlin Horn"},{"floor":13,"key":"Old Coin"}],"event_choices":[{"damage_healed":0,"gold_gain":0,"player_choice":"1 cards matched","damage_taken":0,"max_hp_gain":0,"max_hp_loss":0,"event_name":"Match and Keep!","floor":2,"gold_loss":0,"cards_obtained":["Spot Weakness"]}],"is_beta":false,"boss_relics":[{"not_picked":["Lizard Tail","Runic Dome"],"picked":"Empty Cage"}],"items_purged_floors":[14],"is_endless":false,"potions_floor_spawned":[1,3,7,10,13,16,21],"killed_by":"Snecko","ascension_level":0}