{"gold_per_floor":[113,124,124,32,49,82,82,82,82,108,124,156,168,168],"floor_reached":14,"playtime":421,"items_purged":[],"score":116,"play_id":"9c4f7ef1-01d1-4847-a887-02d89136802b","local_time":"20190722150623","is_ascension_mode":true,"campfire_choices":[],"neow_cost":"NONE","seed_source_timestamp":9694574425807272,"circlet_count":0,"master_deck":["Strike_B","Strike_B","Strike_B","Defend_B","Defend_B","Defend_B","Defend_B","Zap","Dualcast","Ball Lightning","Barrage","Defragment","Gash","Gash","Cold Snap","Hello World","Compile Driver","Static Discharge","Echo Form","Chill"],"relics":["Eternal Feather","Bottled Flame","Strawberry","Blood Vial","Matryoshka"],"potions_floor_usage":[6,6,6,10,10,10,12],"damage_taken":[{"damage":3,"enemies":"Small Slimes","floor":1,"turns":3},{"damage":0,"enemies":"Cultist","floor":2,"turns":3},{"damage":6,"enemies":"Jaw Worm","floor":5,"turns":3},{"damage":21,"enemies":"Gremlin Nob","floor":6,"turns":5},{"damage":7,"enemies":"Lagavulin","floor":10,"turns":5},{"damage":6,"enemies":"Looter","floor":11,"turns":4},{"damage":28,"enemies":"Gremlin Nob","floor":12,"turns":4},{"damage":17,"enemies":"Red Slaver","floor":13,"turns":4},{"damage":14,"enemies":"Blue Slaver","floor":14,"turns":2}],"seed_played":"-2693630858931253771","potions_obtained":[{"floor":3,"key":"Weak Potion"},{"floor":3,"key":"Block Potion"},{"floor":3,"key":"EntropicBrew"},{"floor":5,"key":"FocusPotion"},{"floor":10,"key":"Explosive Potion"},{"floor":11,"key":"Poison Potion"}],"is_trial":false,"path_per_floor":["M","M","?","$","M","E","?","?","T","E","M","E","M","M"],"character_chosen":"DEFECT","items_purchased":["Defragment","Gash"],"campfire_rested":0,"item_purchase_floors":[4,4],"current_hp_per_floor":[72,72,72,72,66,45,50,50,57,50,46,20,5,0],"gold":168,"neow_bonus":"BOSS_RELIC","is_prod":false,"is_daily":false,"chose_seed":false,"campfire_upgraded":0,"win_rate":0,"timestamp":1563786383,"path_taken":["M","M","?","$","?","E","?","?","T","E","M","E","M","M"],"build_version":"2019-07-17","purchased_purges":0,"victory":false,"max_hp_per_floor":[75,75,75,75,75,75,80,80,87,87,87,87,87,87],"card_choices":[{"not_picked":["Leap","Steam Power"],"picked":"Ball Lightning","floor":1},{"not_picked":["Scrape","Fusion"],"picked":"Barrage","floor":2},{"not_picked":["Go for the Eyes","Cold Snap"],"picked":"Gash","floor":5},{"not_picked":["Leap","Turbo"],"picked":"Cold Snap","floor":6},{"not_picked":["FTL","Steam Power"],"picked":"Compile Driver","floor":10},{"not_picked":["Sweeping Beam","Barrage"],"picked":"Static Discharge","floor":11},{"not_picked":["Compile Driver","Storm"],"picked":"Echo Form","floor":12},{"not_picked":["Redo","Blizzard"],"picked":"Chill","floor":13}],"player_experience":1575597,"relics_obtained":[{"floor":6,"key":"Bottled Flame"},{"floor":9,"key":"Strawberry"},{"floor":10,"key":"Blood Vial"},{"floor":12,"key":"Matryoshka"}],"event_choices":[{"damage_healed":0,"gold_gain":0,"player_choice":"Got Potions","damage_taken":0,"max_hp_gain":0,"max_hp_loss":0,"event_name":"Lab","floor":3,"gold_loss":0},{"damage_healed":0,"gold_gain":0,"player_choice":"Donut","damage_taken":0,"max_hp_gain":5,"max_hp_loss":0,"event_name":"Big Fish","floor":7,"gold_loss":0},{"damage_healed":0,"gold_gain":0,"cards_transformed":["Strike_B"],"player_choice":"Transformed","damage_taken":0,"max_hp_gain":0,"max_hp_loss":0,"event_name":"Transmorgrifier","floor":8,"gold_loss":0,"cards_obtained":["Hello World"]}],"is_beta":false,"boss_relics":[],"items_purged_floors":[],"is_endless":false,"potions_floor_spawned":[5,10,11],"killed_by":"Blue Slaver","ascension_level":1}