{"gold_per_floor":[117,117,117,129,79,79,113,113,138,171,190,201,229,154,154,154],"floor_reached":16,"playtime":610,"items_purged":["Strike_R"],"score":183,"play_id":"3f26a1f2-e98b-4268-bcab-10c58d8b6052","local_time":"20190531210737","is_ascension_mode":true,"campfire_choices":[{"data":"Clothesline","floor":6,"key":"SMITH"},{"data":"Armaments","floor":8,"key":"SMITH"},{"data":"Flame Barrier","floor":15,"key":"SMITH"}],"neow_cost":"NONE","seed_source_timestamp":1464302027241520,"circlet_count":0,"master_deck":["AscendersBane","Strike_R","Strike_R","Strike_R","Defend_R","Defend_R","Defend_R","Defend_R","Bash+1","Clothesline+1","Armaments+1","Disarm","Disarm","Headbutt","Flame Barrier+1"],"relics":["Burning Blood","Oddly Smooth Stone","Orichalcum","Potion Belt","Red Skull","PreservedInsect"],"potions_floor_usage":[16,16],"damage_taken":[{"damage":13,"enemies":"Jaw Worm","floor":1,"turns":5},{"damage":2,"enemies":"2 Louse","floor":4,"turns":4},{"damage":30,"enemies":"Gremlin Nob","floor":7,"turns":5},{"damage":24,"enemies":"3 Sentries","floor":10,"turns":12},{"damage":0,"enemies":"Small Slimes","floor":11,"turns":3},{"damage":0,"enemies":"Exordium Wildlife","floor":12,"turns":4},{"damage":10,"enemies":"Lagavulin","floor":13,"turns":6},{"damage":57,"enemies":"Slime Boss","floor":16,"turns":8}],"seed_played":"-2726155732073411798","potions_obtained":[{"floor":4,"key":"Poison Potion"},{"floor":7,"key":"Strength Potion"},{"floor":10,"key":"SteroidPotion"},{"floor":13,"key":"Regen Potion"}],"is_trial":false,"path_per_floor":["M","?","T","M","?","R","E","R","T","E","M","M","E","$","R","B"],"character_chosen":"IRONCLAD","items_purchased":[],"campfire_rested":0,"item_purchase_floors":[],"current_hp_per_floor":[73,73,73,77,77,77,53,53,53,35,41,47,43,43,43,0],"gold":154,"neow_bonus":"TEN_PERCENT_HP_BONUS","is_prod":false,"is_daily":false,"chose_seed":false,"campfire_upgraded":3,"win_rate":0,"timestamp":1559351257,"path_taken":["M","?","?","M","?","R","E","R","T","E","M","M","E","$","R","BOSS"],"build_version":"2019-01-23","purchased_purges":1,"victory":false,"max_hp_per_floor":[88,88,88,88,88,88,88,88,88,88,88,88,88,88,88,88],"card_choices":[{"not_picked":["Body Slam","Perfected Strike","Evolve"],"picked":"SKIP","floor":1},{"not_picked":["Clash","Warcry"],"picked":"Clothesline","floor":4},{"not_picked":["Sentinel","Rage"],"picked":"Armaments","floor":7},{"not_picked":["Rampage","Perfected Strike"],"picked":"Disarm","floor":10},{"not_picked":["Pommel Strike","Perfected Strike"],"picked":"Disarm","floor":11},{"not_picked":["Warcry","Corruption"],"picked":"Headbutt","floor":12},{"not_picked":["Havoc","Seeing Red"],"picked":"Flame Barrier","floor":13}],"player_experience":548076,"relics_obtained":[{"floor":3,"key":"Oddly Smooth Stone"},{"floor":7,"key":"Orichalcum"},{"floor":9,"key":"Potion Belt"},{"floor":10,"key":"Red Skull"},{"floor":13,"key":"PreservedInsect"}],"event_choices":[{"damage_healed":0,"gold_gain":0,"player_choice":"Grow","damage_taken":0,"max_hp_gain":0,"max_hp_loss":0,"event_name":"Living Wall","floor":2,"gold_loss":0,"cards_upgraded":["Bash"]},{"cards_removed":["Strike_R"],"damage_healed":0,"gold_gain":0,"player_choice":"Card Removal","damage_taken":0,"max_hp_gain":0,"max_hp_loss":0,"event_name":"The Cleric","floor":5,"gold_loss":50}],"is_beta":false,"boss_relics":[],"items_purged_floors":[14],"is_endless":false,"potions_floor_spawned":[4,7,10,13],"killed_by":"Slime Boss","ascension_level":11}