{"gold_per_floor":[116,116,191,209,220,220,238,238,285,285,310,339,321,347,359,443,455,486,178,178,193,193,193],"floor_reached":23,"playtime":700,"items_purged":["Strike_R"],"score":325,"play_id":"22a02432-49b0-41f7-97d9-8677f50e2b51","local_time":"20190714235340","is_ascension_mode":true,"campfire_choices":[{"data":"Combust","floor":6,"key":"SMITH"},{"data":"Bash","floor":10,"key":"SMITH"},{"data":"Carnage","floor":15,"key":"SMITH"}],"neow_cost":"PERCENT_DAMAGE","seed_source_timestamp":175128294434418,"circlet_count":0,"master_deck":["AscendersBane","Strike_R","Strike_R","Strike_R","Strike_R","Defend_R","Defend_R","Defend_R","Defend_R","Bash+1","Reaper","Shrug It Off","Spot Weakness","Combust+1","Thunderclap","Disarm","Carnage+1","Offering","Combust","Burning Pact"],"relics":["Burning Blood","Red Skull","MawBank","Runic Pyramid","Singing Bowl","The Courier"],"potions_floor_usage":[11,23,23],"damage_taken":[{"damage":9,"enemies":"2 Louse","floor":1,"turns":3},{"damage":13,"enemies":"Jaw Worm","floor":4,"turns":6},{"damage":10,"enemies":"Cultist","floor":5,"turns":4},{"damage":11,"enemies":"2 Fungi Beasts","floor":7,"turns":3},{"damage":23,"enemies":"3 Sentries","floor":11,"turns":5},{"damage":30,"enemies":"Exordium Thugs","floor":12,"turns":5},{"damage":7,"enemies":"Looter","floor":13,"turns":4},{"damage":3,"enemies":"Exordium Wildlife","floor":14,"turns":5},{"damage":65,"enemies":"Slime Boss","floor":16,"turns":10},{"damage":35,"enemies":"3 Byrds","floor":18,"turns":5},{"damage":31,"enemies":"Spheric Guardian","floor":21,"turns":5},{"damage":24,"enemies":"Book of Stabbing","floor":23,"turns":4}],"seed_played":"-7589647730741239546","potions_obtained":[{"floor":4,"key":"Dexterity Potion"},{"floor":5,"key":"Strength Potion"},{"floor":12,"key":"EssenceOfSteel"}],"is_trial":false,"path_per_floor":["M","?","?","M","M","R","M","?","T","R","E","M","M","M","R","B",null,"M","$","T","M","?","E"],"character_chosen":"IRONCLAD","items_purchased":["Singing Bowl"],"campfire_rested":0,"item_purchase_floors":[19],"current_hp_per_floor":[55,55,44,41,44,44,47,52,52,52,65,53,62,72,72,30,68,48,48,48,23,23,17],"gold":193,"neow_bonus":"THREE_RARE_CARDS","is_prod":false,"is_daily":false,"chose_seed":false,"campfire_upgraded":3,"win_rate":0,"timestamp":1563162820,"path_taken":["M","?","?","M","M","R","M","?","T","R","E","M","?","M","R","BOSS","M","$","?","M","?","E"],"build_version":"2019-07-05","purchased_purges":1,"victory":false,"max_hp_per_floor":[75,75,75,75,75,75,75,80,80,80,80,80,80,80,80,80,80,80,80,80,80,80,80],"card_choices":[{"not_picked":["Limit Break","Brutality"],"picked":"Reaper","floor":0},{"not_picked":["Rupture","Flex"],"picked":"Shrug It Off","floor":1},{"not_picked":["Sword Boomerang","Metallicize"],"picked":"Spot Weakness","floor":4},{"not_picked":["Iron Wave","Wild Strike"],"picked":"Combust","floor":5},{"not_picked":["Heavy Blade","Flex","Clash"],"picked":"SKIP","floor":7},{"not_picked":["Twin Strike","Cleave"],"picked":"Thunderclap","floor":11},{"not_picked":["Body Slam","Feel No Pain"],"picked":"Disarm","floor":12},{"not_picked":["Iron Wave","Hemokinesis","Thunderclap"],"picked":"SKIP","floor":13},{"not_picked":["Perfected Strike","Wild Strike"],"picked":"Carnage","floor":14},{"not_picked":["Impervious","Fiend Fire"],"picked":"Offering","floor":16},{"not_picked":["Fire Breathing+1","Perfected Strike"],"picked":"Combust","floor":18},{"not_picked":["Twin Strike","Headbutt"],"picked":"Burning Pact","floor":21}],"player_experience":695008,"relics_obtained":[{"floor":9,"key":"Red Skull"},{"floor":11,"key":"MawBank"},{"floor":20,"key":"The Courier"}],"event_choices":[{"damage_healed":0,"gold_gain":0,"player_choice":"Ignored","damage_taken":0,"max_hp_gain":0,"max_hp_loss":0,"event_name":"Liars Game","floor":2,"gold_loss":0},{"damage_healed":0,"gold_gain":75,"player_choice":"Gather Gold","damage_taken":11,"max_hp_gain":0,"max_hp_loss":0,"event_name":"World of Goop","floor":3,"gold_loss":0},{"damage_healed":0,"gold_gain":0,"player_choice":"Donut","damage_taken":0,"max_hp_gain":5,"max_hp_loss":0,"event_name":"Big Fish","floor":8,"gold_loss":0},{"damage_healed":0,"gold_gain":0,"player_choice":"Bought 0 Potions","damage_taken":0,"max_hp_gain":0,"max_hp_loss":0,"event_name":"The Woman in Blue","floor":22,"gold_loss":0}],"is_beta":false,"boss_relics":[{"not_picked":["Lizard Tail","Philosopher\u0027s Stone"],"picked":"Runic Pyramid"}],"items_purged_floors":[19],"is_endless":false,"potions_floor_spawned":[4,5,12,16,18],"killed_by":"Book of Stabbing","ascension_level":14}