{"gold_per_floor":[115,135,210,226,226,260,260,277,277,77,140,153,169,169,169,273,273,291,311,321,246,246,246,246],"floor_reached":24,"playtime":1013,"items_purged":[],"score":238,"play_id":"9eb914e8-6a9d-4395-b7e3-e1724a15a650","local_time":"20190607140101","is_ascension_mode":true,"campfire_choices":[{"data":"Loop","floor":7,"key":"SMITH"},{"data":"Go for the Eyes","floor":15,"key":"SMITH"},{"floor":23,"key":"REST"}],"neow_cost":"NONE","seed_source_timestamp":7406348158350,"circlet_count":0,"master_deck":["Strike_B","Defend_B","Defend_B","Zap","Dualcast","Thunder Strike","Go for the Eyes+1","Self Repair","Loop+1","Ball Lightning","FTL","Conserve Battery","Creative AI+1","Tempest+1","Steam+1","Force Field+1","Hologram","Sunder+1","Decay"],"relics":["Cracked Core","Anchor","Frozen Egg 2","Lantern","Ginger","Astrolabe"],"potions_floor_usage":[6,8,16,24],"damage_taken":[{"damage":7,"enemies":"Small Slimes","floor":1,"turns":3},{"damage":2,"enemies":"Jaw Worm","floor":2,"turns":3},{"damage":0,"enemies":"2 Louse","floor":4,"turns":2},{"damage":25,"enemies":"Gremlin Nob","floor":6,"turns":4},{"damage":0,"enemies":"Exordium Wildlife","floor":8,"turns":2},{"damage":28,"enemies":"Gremlin Nob","floor":11,"turns":4},{"damage":0,"enemies":"3 Louse","floor":12,"turns":2},{"damage":7,"enemies":"Lots of Slimes","floor":13,"turns":3},{"damage":25,"enemies":"The Guardian","floor":16,"turns":10},{"damage":13,"enemies":"2 Thieves","floor":18,"turns":4},{"damage":30,"enemies":"3 Byrds","floor":19,"turns":5},{"damage":13,"enemies":"Snake Plant","floor":20,"turns":4},{"damage":68,"enemies":"Slavers","floor":24,"turns":4}],"seed_played":"-673889168108744772","potions_obtained":[{"floor":4,"key":"FearPotion"},{"floor":6,"key":"AttackPotion"},{"floor":12,"key":"SpeedPotion"},{"floor":13,"key":"AttackPotion"},{"floor":20,"key":"GamblersBrew"}],"is_trial":false,"path_per_floor":["M","M","?","M","?","E","R","M","T","$","?","M","M","?","R","B",null,"M","M","M","?","?","R","E"],"character_chosen":"DEFECT","items_purchased":["Lantern","Ball Lightning"],"campfire_rested":1,"item_purchase_floors":[10,10],"current_hp_per_floor":[68,66,55,62,59,41,41,41,41,41,20,20,20,45,45,27,75,62,39,33,33,33,55,0],"gold":246,"neow_bonus":"TRANSFORM_CARD","is_prod":false,"is_daily":false,"chose_seed":false,"campfire_upgraded":2,"win_rate":0,"timestamp":1559934061,"path_taken":["M","M","?","M","?","E","R","M","T","$","?","M","M","?","R","BOSS","M","M","M","?","?","R","E"],"build_version":"2019-01-23","purchased_purges":0,"victory":false,"max_hp_per_floor":[75,75,75,75,75,75,75,75,75,75,75,75,75,75,75,75,75,75,75,75,75,75,75,75],"card_choices":[{"not_picked":["Rebound","Recycle"],"picked":"Go for the Eyes","floor":1},{"not_picked":["Coolheaded","Redo"],"picked":"Self Repair","floor":2},{"not_picked":["Gash","Static Discharge"],"picked":"Loop","floor":4},{"not_picked":["Rip and Tear","Cold Snap","Rebound"],"picked":"SKIP","floor":6},{"not_picked":["Redo","Turbo","Multi-Cast"],"picked":"SKIP","floor":8},{"not_picked":["Chaos","BootSequence"],"picked":"FTL","floor":11},{"not_picked":["Rebound","Gash"],"picked":"Conserve Battery","floor":12},{"not_picked":["Steam","Sweeping Beam","Chaos"],"picked":"SKIP","floor":13},{"not_picked":["Fission","Multi-Cast"],"picked":"Creative AI+1","floor":16},{"not_picked":["Blizzard+1","Barrage"],"picked":"Hologram","floor":18},{"not_picked":["Compile Driver+1","Stack","Hello World+1"],"picked":"SKIP","floor":19},{"not_picked":["Beam Cell+1","BootSequence"],"picked":"Sunder+1","floor":20}],"player_experience":117783,"relics_obtained":[{"floor":6,"key":"Frozen Egg 2"},{"floor":11,"key":"Ginger"}],"event_choices":[{"damage_healed":0,"gold_gain":75,"player_choice":"Gather Gold","damage_taken":11,"max_hp_gain":0,"max_hp_loss":0,"event_name":"World of Goop","floor":3,"gold_loss":0},{"damage_healed":0,"gold_gain":0,"player_choice":"Success","damage_taken":3,"relics_obtained":["Anchor"],"max_hp_gain":0,"max_hp_loss":0,"event_name":"Scrap Ooze","floor":5,"gold_loss":0},{"damage_healed":0,"gold_gain":30,"player_choice":"Searched \u00272\u0027 times","damage_taken":0,"max_hp_gain":0,"max_hp_loss":0,"event_name":"Dead Adventurer","floor":11,"gold_loss":0},{"damage_healed":25,"gold_gain":0,"player_choice":"Banana","damage_taken":0,"max_hp_gain":0,"max_hp_loss":0,"event_name":"Big Fish","floor":14,"gold_loss":0},{"cards_removed":["Strike_B"],"damage_healed":0,"gold_gain":0,"player_choice":"Gave Gold","damage_taken":0,"max_hp_gain":0,"max_hp_loss":0,"event_name":"Beggar","floor":21,"gold_loss":75},{"damage_healed":0,"gold_gain":0,"player_choice":"Smashed Altar","damage_taken":0,"max_hp_gain":0,"max_hp_loss":0,"event_name":"Forgotten Altar","floor":22,"gold_loss":0,"cards_obtained":["Decay"]}],"is_beta":false,"boss_relics":[{"not_picked":["FrozenCore","Busted Crown"],"picked":"Astrolabe"}],"items_purged_floors":[],"is_endless":false,"potions_floor_spawned":[4,6,12,13,20],"killed_by":"Slavers","ascension_level":4}