{"gold_per_floor":[119,7,60,60,79,79,112,122,122,122,50,80,80,80,80,184,184,198,210,210,227,427,462,462,472,497,510,510,545,244,271,271,271],"floor_reached":33,"playtime":1422,"items_purged":["Strike_B","Strike_B"],"score":470,"play_id":"b4c56bd1-d51a-4fcd-aadf-ea835377e249","local_time":"20190609094621","is_ascension_mode":true,"campfire_choices":[{"data":"Hologram","floor":6,"key":"SMITH"},{"data":"Zap","floor":10,"key":"SMITH"},{"floor":13,"key":"REST"},{"data":"Defragment","floor":15,"key":"SMITH"},{"floor":24,"key":"REST"},{"floor":28,"key":"REST"},{"floor":32,"key":"REST"}],"neow_cost":"NONE","seed_source_timestamp":260379077411444,"circlet_count":0,"master_deck":["Strike_B","Strike_B","Defend_B","Defend_B","Defend_B","Defend_B","Zap+1","Dualcast","Sunder","Hologram+1","Conserve Battery","Coolheaded","Defragment+1","FTL","Machine Learning","Genetic Algorithm+1","Panacea+1","Heatsinks"],"relics":["Cracked Core","NeowsBlessing","Omamori","Bag of Marbles","Pantograph","Mercury Hourglass","Nuclear Battery","Bottled Tornado","Happy Flower","Vajra","Strawberry","War Paint"],"potions_floor_usage":[12,23,25,29,29,33],"damage_taken":[{"damage":0,"enemies":"Jaw Worm","floor":1,"turns":1},{"damage":0,"enemies":"Small Slimes","floor":5,"turns":1},{"damage":0,"enemies":"Lagavulin","floor":7,"turns":1},{"damage":0,"enemies":"Cultist","floor":8,"turns":2},{"damage":48,"enemies":"Gremlin Nob","floor":12,"turns":5},{"damage":36,"enemies":"Hexaghost","floor":16,"turns":9},{"damage":9,"enemies":"Shell Parasite","floor":18,"turns":4},{"damage":22,"enemies":"2 Thieves","floor":19,"turns":3},{"damage":17,"enemies":"3 Cultists","floor":21,"turns":4},{"damage":7,"enemies":"Gremlin Leader","floor":23,"turns":6},{"damage":7,"enemies":"Chosen and Byrds","floor":25,"turns":6},{"damage":13,"enemies":"Sentry and Sphere","floor":27,"turns":4},{"damage":21,"enemies":"Book of Stabbing","floor":29,"turns":7},{"damage":7,"enemies":"Slavers","floor":31,"turns":6},{"damage":99,"enemies":"Automaton","floor":33,"turns":12}],"seed_played":"5607683883869905482","potions_obtained":[{"floor":5,"key":"Poison Potion"},{"floor":8,"key":"Block Potion"},{"floor":19,"key":"GamblersBrew"},{"floor":21,"key":"PowerPotion"},{"floor":23,"key":"FearPotion"},{"floor":25,"key":"Weak Potion"}],"is_trial":false,"path_per_floor":["M","$","?","?","M","R","E","M","T","R","$","E","R","$","R","B",null,"M","M","?","M","?","E","R","M","T","M","R","E","$","E","R","B"],"character_chosen":"DEFECT","items_purchased":["Sunder","Defragment","Strawberry","Block Potion"],"campfire_rested":4,"item_purchase_floors":[2,11,30,30],"current_hp_per_floor":[68,68,68,65,65,65,65,65,65,65,65,17,39,39,39,28,63,54,32,32,15,15,8,30,23,23,10,32,11,18,11,35,0],"gold":271,"neow_bonus":"THREE_ENEMY_KILL","is_prod":false,"is_daily":false,"chose_seed":false,"campfire_upgraded":3,"win_rate":0,"timestamp":1560087981,"path_taken":["M","$","?","?","M","R","E","M","T","R","$","E","R","?","R","BOSS","M","M","?","?","?","E","R","M","T","M","R","E","?","E","R","BOSS"],"build_version":"2019-01-23","purchased_purges":2,"victory":false,"max_hp_per_floor":[75,75,75,75,75,75,75,75,75,75,75,75,75,75,75,75,75,75,75,75,75,75,75,75,75,75,75,75,75,82,82,82,82],"card_choices":[{"not_picked":["Stack","Consume","Gash"],"picked":"SKIP","floor":1},{"not_picked":["Rebound","Leap"],"picked":"Hologram","floor":5},{"not_picked":["Hello World","Barrage"],"picked":"Conserve Battery","floor":7},{"not_picked":["Lockon","Cold Snap"],"picked":"Coolheaded","floor":8},{"not_picked":["Storm","Consume"],"picked":"FTL","floor":12},{"not_picked":["Thunder Strike","Meteor Strike"],"picked":"Machine Learning","floor":16},{"not_picked":["Melter+1","Sweeping Beam","Lockon"],"picked":"SKIP","floor":18},{"not_picked":["Steam Power+1","Beam Cell"],"picked":"Genetic Algorithm","floor":19},{"not_picked":["Hologram","Stack","Turbo+1"],"picked":"SKIP","floor":21},{"not_picked":["Tempest+1","Cold Snap+1"],"picked":"Heatsinks","floor":23},{"not_picked":["Aggregate","Auto Shields+1","Conserve Battery"],"picked":"SKIP","floor":25},{"not_picked":["Rebound","Multi-Cast","Cold Snap+1"],"picked":"SKIP","floor":27},{"not_picked":["Hologram","Blizzard","Melter+1"],"picked":"SKIP","floor":29},{"not_picked":["Redo+1","Sweeping Beam+1","Rebound"],"picked":"SKIP","floor":31}],"player_experience":601949,"relics_obtained":[{"floor":7,"key":"Bag of Marbles"},{"floor":9,"key":"Pantograph"},{"floor":12,"key":"Mercury Hourglass"},{"floor":23,"key":"Bottled Tornado"},{"floor":26,"key":"Happy Flower"},{"floor":29,"key":"Vajra"},{"floor":31,"key":"War Paint"}],"event_choices":[{"damage_healed":0,"gold_gain":53,"player_choice":"Gained Gold","damage_taken":0,"max_hp_gain":0,"max_hp_loss":0,"event_name":"Golden Wing","floor":3,"gold_loss":0},{"damage_healed":0,"gold_gain":0,"player_choice":"Success","damage_taken":3,"relics_obtained":["Omamori"],"max_hp_gain":0,"max_hp_loss":0,"event_name":"Scrap Ooze","floor":4,"gold_loss":0},{"damage_healed":0,"gold_gain":0,"player_choice":"1 cards matched","damage_taken":0,"max_hp_gain":0,"max_hp_loss":0,"event_name":"Match and Keep!","floor":20,"gold_loss":0,"cards_obtained":["Panacea"]},{"damage_healed":0,"gold_gain":200,"player_choice":"Gold","damage_taken":0,"max_hp_gain":0,"max_hp_loss":0,"event_name":"Wheel of Change","floor":22,"gold_loss":0}],"is_beta":false,"boss_relics":[{"not_picked":["Tiny House","Velvet Choker"],"picked":"Nuclear Battery"}],"items_purged_floors":[2,30],"is_endless":false,"potions_floor_spawned":[5,8,19,21,23,25],"killed_by":"Automaton","ascension_level":8}