{"gold_per_floor":[114,124,135,135,135,161,238,238,238,248,261,22,0,0,0,0],"floor_reached":16,"playtime":583,"items_purged":[],"score":115,"play_id":"a4061fc0-4f1e-48d2-98c4-9399c6e01f0c","local_time":"20190603214633","is_ascension_mode":true,"campfire_choices":[{"floor":15,"key":"REST"}],"neow_cost":"NONE","seed_source_timestamp":473234084869,"circlet_count":0,"master_deck":["Strike_R","Strike_R","Strike_R","Strike_R","Defend_R","Defend_R","Defend_R","Defend_R","Bash+1","Thunderclap","Dark Embrace","Havoc","Flex","Metallicize","Corruption","Shrug It Off","Impervious","Good Instincts","Shockwave"],"relics":["Burning Blood","NeowsBlessing","Matryoshka","Smiling Mask"],"potions_floor_usage":[6,10],"damage_taken":[{"damage":0,"enemies":"Jaw Worm","floor":1,"turns":1},{"damage":0,"enemies":"2 Louse","floor":2,"turns":1},{"damage":0,"enemies":"Cultist","floor":3,"turns":1},{"damage":45,"enemies":"3 Sentries","floor":6,"turns":6},{"damage":15,"enemies":"Red Slaver","floor":10,"turns":4},{"damage":28,"enemies":"Large Slime","floor":11,"turns":10},{"damage":3,"enemies":"Looter","floor":14,"turns":4},{"damage":49,"enemies":"The Guardian","floor":16,"turns":10}],"seed_played":"4840287197026068099","potions_obtained":[{"floor":2,"key":"Explosive Potion"},{"floor":6,"key":"BloodPotion"}],"is_trial":false,"path_per_floor":["M","M","M","?","$","E","?","?","T","M","M","$","?","M","R","B"],"character_chosen":"IRONCLAD","items_purchased":["Impervious","Good Instincts"],"campfire_rested":1,"item_purchase_floors":[12,12],"current_hp_per_floor":[80,80,80,80,80,41,41,41,41,40,18,18,18,21,45,0],"gold":0,"neow_bonus":"THREE_ENEMY_KILL","is_prod":false,"is_daily":false,"chose_seed":false,"campfire_upgraded":0,"win_rate":0,"timestamp":1559616393,"path_taken":["M","M","M","?","$","E","?","?","T","M","?","?","?","M","R","BOSS"],"build_version":"2019-01-23","purchased_purges":0,"victory":false,"max_hp_per_floor":[80,80,80,80,80,80,80,80,80,80,80,80,80,80,80,80],"card_choices":[{"not_picked":["Iron Wave","True Grit"],"picked":"Thunderclap","floor":1},{"not_picked":["Headbutt","Evolve"],"picked":"Dark Embrace","floor":2},{"not_picked":["Metallicize","Battle Trance"],"picked":"Havoc","floor":3},{"not_picked":["Perfected Strike","Shrug It Off"],"picked":"Flex","floor":6},{"not_picked":["Thunderclap","Wild Strike"],"picked":"Corruption","floor":10},{"not_picked":["Clash","Sentinel"],"picked":"Shrug It Off","floor":11},{"not_picked":["Ghostly Armor","Blood for Blood"],"picked":"Shockwave","floor":14}],"player_experience":70851,"relics_obtained":[{"floor":6,"key":"Matryoshka"},{"floor":9,"key":"Smiling Mask"}],"event_choices":[{"damage_healed":0,"gold_gain":0,"player_choice":"Grow","damage_taken":0,"max_hp_gain":0,"max_hp_loss":0,"event_name":"Living Wall","floor":4,"gold_loss":0,"cards_upgraded":["Bash"]},{"damage_healed":0,"gold_gain":77,"player_choice":"Gained Gold","damage_taken":0,"max_hp_gain":0,"max_hp_loss":0,"event_name":"Golden Wing","floor":7,"gold_loss":0},{"damage_healed":0,"gold_gain":0,"cards_transformed":["Strike_R"],"player_choice":"Transformed","damage_taken":0,"max_hp_gain":0,"max_hp_loss":0,"event_name":"Transmorgrifier","floor":8,"gold_loss":0,"cards_obtained":["Metallicize"]},{"damage_healed":0,"gold_gain":0,"player_choice":"Left Gold","damage_taken":0,"max_hp_gain":0,"max_hp_loss":0,"event_name":"World of Goop","floor":13,"gold_loss":22}],"is_beta":false,"boss_relics":[],"items_purged_floors":[],"is_endless":false,"potions_floor_spawned":[2,6],"killed_by":"The Guardian","ascension_level":3}