{"gold_per_floor":[119,132,150,150,166,166,195,195,220,255,255,270,285,285,285,285],"floor_reached":16,"playtime":691,"items_purged":[],"score":123,"play_id":"a56ef2da-6447-4d9e-9136-8109f3278252","local_time":"20190113111623","is_ascension_mode":true,"campfire_choices":[{"data":"Outmaneuver","floor":6,"key":"SMITH"},{"floor":11,"key":"REST"},{"floor":15,"key":"REST"}],"neow_cost":"NONE","seed_source_timestamp":408213942980186,"circlet_count":0,"master_deck":["Defend_G","Defend_G","Defend_G","Strike_G","Strike_G","Strike_G","Strike_G","Strike_G","Survivor","Neutralize","Acrobatics+1","Expertise+1","Outmaneuver+1","Quick Slash","Deflect","Calculated Gamble","Outmaneuver","Endless Agony","Parasite"],"relics":["Ring of the Snake","NeowsBlessing","PreservedInsect","Oddly Smooth Stone","War Paint"],"potions_floor_usage":[7,13],"damage_taken":[{"damage":0,"enemies":"Jaw Worm","floor":1,"turns":1},{"damage":0,"enemies":"2 Louse","floor":2,"turns":1},{"damage":0,"enemies":"Cultist","floor":3,"turns":1},{"damage":8,"enemies":"Blue Slaver","floor":5,"turns":5},{"damage":31,"enemies":"Gremlin Nob","floor":7,"turns":5},{"damage":18,"enemies":"3 Sentries","floor":10,"turns":9},{"damage":10,"enemies":"3 Louse","floor":12,"turns":4},{"damage":2,"enemies":"Gremlin Gang","floor":13,"turns":5},{"damage":53,"enemies":"Hexaghost","floor":16,"turns":14}],"seed_played":"-2713776055291402720","potions_obtained":[{"floor":2,"key":"Block Potion"},{"floor":10,"key":"GhostInAJar"},{"floor":13,"key":"Fire Potion"}],"is_trial":false,"path_per_floor":["M","M","M","?","M","R","E","?","T","E","R","M","M","?","R","B"],"character_chosen":"THE_SILENT","items_purchased":[],"campfire_rested":2,"item_purchase_floors":[],"current_hp_per_floor":[70,70,70,63,55,55,24,24,24,6,27,17,15,32,53,0],"gold":285,"neow_bonus":"THREE_ENEMY_KILL","is_prod":false,"is_daily":false,"chose_seed":false,"campfire_upgraded":1,"win_rate":0,"timestamp":1547396183,"path_taken":["M","M","M","?","M","R","E","?","T","E","R","?","M","?","R","BOSS"],"build_version":"2019-01-10","purchased_purges":0,"victory":false,"max_hp_per_floor":[70,70,70,70,70,70,70,70,70,70,70,70,70,70,70,70],"card_choices":[{"not_picked":["Heel Hook","PiercingWail"],"picked":"Acrobatics","floor":1},{"not_picked":["Deflect","Night Terror"],"picked":"Expertise","floor":2},{"not_picked":["Reflex","Quick Slash"],"picked":"Outmaneuver","floor":3},{"not_picked":["Backflip","Blade Dance"],"picked":"Quick Slash","floor":5},{"not_picked":["Wraith Form v2","Sucker Punch"],"picked":"Deflect","floor":7},{"not_picked":["Flying Knee","Concentrate"],"picked":"Calculated Gamble","floor":10},{"not_picked":["Sucker Punch","Deadly Poison"],"picked":"Outmaneuver","floor":12},{"not_picked":["Concentrate","Leg Sweep"],"picked":"Endless Agony","floor":13}],"player_experience":261118,"relics_obtained":[{"floor":7,"key":"PreservedInsect"},{"floor":9,"key":"Oddly Smooth Stone"},{"floor":10,"key":"War Paint"}],"event_choices":[{"cards_removed":["Defend_G"],"damage_healed":0,"gold_gain":0,"player_choice":"Card Removal","damage_taken":7,"max_hp_gain":0,"max_hp_loss":0,"event_name":"Golden Wing","floor":4,"gold_loss":0},{"cards_removed":["Defend_G"],"damage_healed":0,"gold_gain":0,"player_choice":"Card Removal","damage_taken":0,"max_hp_gain":0,"max_hp_loss":0,"event_name":"Wheel of Change","floor":8,"gold_loss":0},{"damage_healed":17,"gold_gain":0,"player_choice":"Healed and dodged fight","damage_taken":0,"max_hp_gain":0,"max_hp_loss":0,"event_name":"Mushrooms","floor":14,"gold_loss":0,"cards_obtained":["Parasite"]}],"is_beta":false,"boss_relics":[],"items_purged_floors":[],"is_endless":false,"potions_floor_spawned":[2,10,13],"killed_by":"Hexaghost","ascension_level":2}