{"gold_per_floor":[110,110,37,56,56,56,113,113,136,169,189,63,98,98,98,195,195,214,214,50,66,77,107,126,126,173,204,204,239,35,48,48,146,146,156,172,29,48,48,48,74,37,37,47,47,64,89,0,0,0,0,0,0,0],"floor_reached":54,"playtime":2130,"items_purged":["Pain","Strike_B"],"score":1291,"play_id":"9beda5d1-d9d0-4333-80f7-fe9a20a432e5","local_time":"20190708232746","is_ascension_mode":true,"campfire_choices":[{"data":"Self Repair","floor":6,"key":"SMITH"},{"data":"Zap","floor":8,"key":"SMITH"},{"data":"Capacitor","floor":15,"key":"SMITH"},{"data":"Biased Cognition","floor":25,"key":"SMITH"},{"data":"Coolheaded","floor":32,"key":"SMITH"},{"floor":40,"key":"RECALL"},{"data":"Coolheaded","floor":49,"key":"SMITH"},{"floor":52,"key":"REST"}],"neow_cost":"NONE","seed_source_timestamp":0,"circlet_count":0,"master_deck":["AscendersBane","Strike_B+1","Strike_B+1","Defend_B","Defend_B","Defend_B","Defend_B","Zap+1","Dualcast","Cold Snap","Self Repair+1","Capacitor+1","Glacier","Coolheaded+1","Electrodynamics","Genetic Algorithm","Biased Cognition+1","Undo+1","White Noise+1","Coolheaded+1","Loop+1","Glacier","Loop+1","Seek+1","Gash","Capacitor+1","Storm+1","Parasite","Glacier","Writhe","Turbo"],"special_seed":0,"relics":["FrozenCore","NeowsBlessing","WarpedTongs","Tiny Chest","Ancient Tea Set","Whetstone","Anchor","Gremlin Horn","DataDisk","Juzu Bracelet","Sundial","Frozen Egg 2","Runic Pyramid","Strawberry","Bottled Flame","Dream Catcher","Red Mask"],"potions_floor_usage":[23,24,27,29,29,29,29,44,54],"damage_taken":[{"damage":0,"enemies":"Jaw Worm","floor":1,"turns":1},{"damage":0,"enemies":"Small Slimes","floor":4,"turns":1},{"damage":0,"enemies":"3 Sentries","floor":7,"turns":1},{"damage":38,"enemies":"Gremlin Nob","floor":10,"turns":5},{"damage":4,"enemies":"Cultist","floor":11,"turns":4},{"damage":5,"enemies":"3 Sentries","floor":13,"turns":8},{"damage":4,"enemies":"The Guardian","floor":16,"turns":15},{"damage":3,"enemies":"Spheric Guardian","floor":18,"turns":8},{"damage":0,"enemies":"Chosen","floor":21,"turns":7},{"damage":0,"enemies":"Centurion and Healer","floor":22,"turns":8},{"damage":47,"enemies":"Slavers","floor":23,"turns":7},{"damage":0,"enemies":"Chosen and Byrds","floor":24,"turns":6},{"damage":21,"enemies":"Gremlin Leader","floor":27,"turns":8},{"damage":8,"enemies":"Slavers","floor":29,"turns":4},{"damage":0,"enemies":"Shelled Parasite and Fungi","floor":31,"turns":7},{"damage":0,"enemies":"Automaton","floor":33,"turns":11},{"damage":15,"enemies":"3 Darklings","floor":35,"turns":4},{"damage":0,"enemies":"Orb Walker","floor":36,"turns":7},{"damage":5,"enemies":"4 Shapes","floor":38,"turns":4},{"damage":40,"enemies":"Nemesis","floor":41,"turns":15},{"damage":8,"enemies":"Writhing Mass","floor":44,"turns":6},{"damage":1,"enemies":"Spire Growth","floor":46,"turns":6},{"damage":54,"enemies":"Donu and Deca","floor":50,"turns":8},{"damage":83,"enemies":"Shield and Spear","floor":54,"turns":5}],"seed_played":"785080937468094566","potions_obtained":[{"floor":11,"key":"SpeedPotion"},{"floor":13,"key":"Block Potion"},{"floor":19,"key":"FocusPotion"},{"floor":23,"key":"Swift Potion"},{"floor":24,"key":"Block Potion"},{"floor":27,"key":"EntropicBrew"},{"floor":29,"key":"Strength Potion"},{"floor":35,"key":"SkillPotion"},{"floor":38,"key":"SkillPotion"}],"is_trial":false,"path_per_floor":["M","?","$","M","?","R","E","R","T","E","M","$","E","?","R","B",null,"M","?","$","M","M","E","M","R","T","E","?","E","$","M","R","B",null,"M","M","$","M","?","R","E","$","T","M","?","M","T","?","R","B",null,"R","$","E"],"character_chosen":"DEFECT","items_purchased":["Self Repair","Coolheaded","Biased Cognition","Loop+1","Glacier","Strawberry","Storm+1"],"campfire_rested":1,"item_purchase_floors":[3,12,20,30,30,37,42],"current_hp_per_floor":[68,61,61,61,61,61,71,71,71,43,49,49,54,54,54,60,71,75,75,75,75,75,38,48,48,48,37,37,29,29,49,49,59,71,66,75,82,82,82,82,52,52,52,54,75,82,82,82,82,38,71,82,82,0],"gold":0,"neow_bonus":"THREE_ENEMY_KILL","is_prod":false,"is_daily":false,"chose_seed":false,"campfire_upgraded":6,"win_rate":0,"timestamp":1562642866,"path_taken":["M","?","$","M","?","R","E","R","T","E","?","$","E","?","R","BOSS","M","?","$","?","?","E","M","R","T","E","?","E","?","M","R","BOSS","M","M","?","M","?","R","E","?","T","M","?","M","?","?","R","BOSS","R","$","E"],"build_version":"2019-07-05","purchased_purges":2,"victory":false,"max_hp_per_floor":[75,75,75,75,75,75,75,75,75,75,75,75,75,75,75,75,75,75,75,75,75,75,75,75,75,75,75,75,75,75,75,75,75,75,75,75,82,82,82,82,82,82,82,82,82,82,82,82,82,82,82,82,82,82],"card_choices":[{"not_picked":["Go for the Eyes","FTL"],"picked":"Cold Snap","floor":1},{"not_picked":["Steam","Darkness","Rebound"],"picked":"SKIP","floor":4},{"not_picked":["Go for the Eyes","Rebound"],"picked":"Capacitor","floor":7},{"not_picked":["Melter","Go for the Eyes","Rebound"],"picked":"SKIP","floor":10},{"not_picked":["Barrage","Beam Cell"],"picked":"Glacier","floor":11},{"not_picked":["Redo","Reboot","Cold Snap"],"picked":"SKIP","floor":13},{"not_picked":["Fission","Thunder Strike"],"picked":"Electrodynamics","floor":16},{"not_picked":["Rip and Tear","Beam Cell+1"],"picked":"Genetic Algorithm","floor":18},{"not_picked":["Beam Cell","Leap"],"picked":"Undo+1","floor":21},{"not_picked":["White Noise","Steam Power","Barrage"],"picked":"SKIP","floor":22},{"not_picked":["Steam","Melter","Sweeping Beam"],"picked":"SKIP","floor":23},{"not_picked":["White Noise","Redo","Conserve Battery"],"picked":"SKIP","floor":24},{"not_picked":["Steam","Stack"],"picked":"White Noise+1","floor":27},{"not_picked":["Beam Cell","Stack"],"picked":"Coolheaded","floor":29},{"not_picked":["Coolheaded","Lockon"],"picked":"Loop+1","floor":31},{"not_picked":["Reboot","Thunder Strike"],"picked":"Seek","floor":33},{"not_picked":["Steam Power+1","Redo"],"picked":"Gash","floor":35},{"not_picked":["Lockon","Chill","Conserve Battery"],"picked":"SKIP","floor":36},{"not_picked":["Compile Driver","Cold Snap","Barrage"],"picked":"SKIP","floor":38},{"not_picked":["Doom and Gloom","Lockon"],"picked":"Capacitor+1","floor":41},{"not_picked":["Go for the Eyes","Tempest"],"picked":"Glacier","floor":44},{"not_picked":["Leap","Reinforced Body","Barrage"],"picked":"SKIP","floor":46},{"not_picked":["Gash","Core Surge"],"picked":"Turbo","floor":52}],"player_experience":668861,"relics_obtained":[{"floor":7,"key":"Tiny Chest"},{"floor":9,"key":"Ancient Tea Set"},{"floor":10,"key":"Whetstone"},{"floor":13,"key":"Anchor"},{"floor":23,"key":"Gremlin Horn"},{"floor":26,"key":"DataDisk"},{"floor":27,"key":"Juzu Bracelet"},{"floor":29,"key":"Frozen Egg 2"},{"floor":41,"key":"Bottled Flame"},{"floor":47,"key":"Dream Catcher"}],"event_choices":[{"cards_removed":["Strike_B"],"damage_healed":0,"gold_gain":0,"player_choice":"Card Removal","damage_taken":7,"max_hp_gain":0,"max_hp_loss":0,"event_name":"Golden Wing","floor":2,"gold_loss":0},{"damage_healed":0,"gold_gain":0,"player_choice":"Rummage","damage_taken":0,"relics_obtained":["WarpedTongs"],"max_hp_gain":0,"max_hp_loss":0,"event_name":"Accursed Blacksmith","floor":5,"gold_loss":0,"cards_obtained":["Pain"]},{"damage_healed":0,"gold_gain":0,"player_choice":"Ignored","damage_taken":0,"max_hp_gain":0,"max_hp_loss":0,"event_name":"Liars Game","floor":14,"gold_loss":0},{"damage_healed":0,"gold_gain":0,"player_choice":"Got Potions","damage_taken":0,"max_hp_gain":0,"max_hp_loss":0,"event_name":"Lab","floor":19,"gold_loss":0},{"damage_healed":0,"gold_gain":0,"player_choice":"Opened","damage_taken":0,"relics_obtained":["Sundial"],"max_hp_gain":0,"max_hp_loss":0,"event_name":"The Mausoleum","floor":28,"gold_loss":0},{"damage_healed":0,"gold_gain":0,"player_choice":"Upgraded","damage_taken":0,"max_hp_gain":0,"max_hp_loss":0,"event_name":"Upgrade Shrine","floor":39,"gold_loss":0,"cards_upgraded":["Seek"]},{"damage_healed":21,"gold_gain":0,"player_choice":"Writhe","damage_taken":0,"max_hp_gain":0,"max_hp_loss":0,"event_name":"Winding Halls","floor":45,"gold_loss":0,"cards_obtained":["Writhe"]},{"damage_healed":0,"gold_gain":0,"player_choice":"Paid","damage_taken":0,"relics_obtained":["Red Mask"],"max_hp_gain":0,"max_hp_loss":0,"event_name":"Tomb of Lord Red Mask","floor":48,"gold_loss":89}],"is_beta":false,"boss_relics":[{"not_picked":["White Beast Statue","Pandora\u0027s Box"],"picked":"FrozenCore"},{"not_picked":["Calling Bell","Lizard Tail"],"picked":"Runic Pyramid"}],"items_purged_floors":[12,30],"is_endless":false,"potions_floor_spawned":[11,13,18,23,24,27,29,35,38,41],"killed_by":"Shield and Spear","ascension_level":12}