{"gold_per_floor":[112,112,112,62,85,85,108,108,108,128,169,185,185,225,225,346,346,369,91,115,30,45,85,85,98,124,124,145,170,170,193,193,314,314,330,330,355,425,550,550,571,420,420,445,445,164,184,184],"floor_reached":48,"playtime":2360,"items_purged":["Defend_R","Strike_R","Defend_R"],"score":582,"play_id":"3d7f4aa2-d283-4ee0-9a79-0a0d170276f8","local_time":"20190811095907","is_ascension_mode":true,"campfire_choices":[{"data":"Bash","floor":6,"key":"SMITH"},{"data":"Iron Wave","floor":8,"key":"SMITH"},{"data":"Pommel Strike","floor":13,"key":"SMITH"},{"floor":15,"key":"REST"},{"data":"Body Slam","floor":30,"key":"SMITH"},{"floor":32,"key":"REST"},{"data":"Heavy Blade","floor":40,"key":"SMITH"},{"data":"Armaments","floor":45,"key":"SMITH"}],"neow_cost":"NONE","seed_source_timestamp":185074902196602,"circlet_count":0,"master_deck":["Strike_R+1","Strike_R+1","Strike_R+1","Defend_R+1","Defend_R","Bash+1","Iron Wave+1","Shrug It Off","Burning Pact","Pommel Strike","Offering","Pommel Strike+1","Shrug It Off","Berserk","Body Slam+1","Battle Trance","Heavy Blade+1","Pommel Strike+1","Shrug It Off","Armaments+1","Sword Boomerang"],"relics":["Burning Blood","NeowsBlessing","Golden Idol","Whetstone","Pear","Dodecahedron","Busted Crown","Brimstone","Potion Belt","Anchor","Nloth\u0027s Gift","Runic Cube","Mercury Hourglass","Mango","Gambling Chip","Bronze Scales"],"potions_floor_usage":[11,23,23,33,37,41,47,48],"damage_taken":[{"damage":0,"enemies":"2 Louse","floor":1,"turns":1},{"damage":0,"enemies":"Jaw Worm","floor":5,"turns":1},{"damage":0,"enemies":"Small Slimes","floor":7,"turns":1},{"damage":3,"enemies":"Blue Slaver","floor":10,"turns":4},{"damage":29,"enemies":"3 Sentries","floor":11,"turns":10},{"damage":3,"enemies":"Looter","floor":12,"turns":3},{"damage":24,"enemies":"Lagavulin","floor":14,"turns":6},{"damage":26,"enemies":"The Guardian","floor":16,"turns":16},{"damage":6,"enemies":"Shell Parasite","floor":18,"turns":4},{"damage":8,"enemies":"2 Thieves","floor":20,"turns":3},{"damage":13,"enemies":"Cultist and Chosen","floor":22,"turns":4},{"damage":64,"enemies":"Slavers","floor":23,"turns":6},{"damage":18,"enemies":"Centurion and Healer","floor":25,"turns":3},{"damage":11,"enemies":"Shelled Parasite and Fungi","floor":28,"turns":3},{"damage":0,"enemies":"Snecko","floor":29,"turns":3},{"damage":3,"enemies":"Centurion and Healer","floor":31,"turns":4},{"damage":36,"enemies":"Champ","floor":33,"turns":6},{"damage":8,"enemies":"3 Darklings","floor":35,"turns":4},{"damage":11,"enemies":"3 Shapes","floor":37,"turns":3},{"damage":16,"enemies":"Mind Bloom Boss Battle","floor":39,"turns":5},{"damage":33,"enemies":"Jaw Worm Horde","floor":41,"turns":3},{"damage":0,"enemies":"Transient","floor":44,"turns":5},{"damage":42,"enemies":"Sphere and 2 Shapes","floor":47,"turns":4},{"damage":42,"enemies":"Maw","floor":48,"turns":4}],"seed_played":"-57695800523938238","potions_obtained":[{"floor":1,"key":"Regen Potion"},{"floor":7,"key":"Poison Potion"},{"floor":10,"key":"EssenceOfSteel"},{"floor":14,"key":"Weak Potion"},{"floor":18,"key":"Strength Potion"},{"floor":22,"key":"LiquidBronze"},{"floor":25,"key":"SteroidPotion"},{"floor":33,"key":"Dexterity Potion"},{"floor":35,"key":"Weak Potion"},{"floor":37,"key":"AttackPotion"},{"floor":41,"key":"Poison Potion"}],"is_trial":false,"path_per_floor":["M","?","?","?","M","R","M","R","T","M","E","M","R","E","R","B",null,"M","$","M","?","M","E","?","M","T","?","M","M","R","M","R","B",null,"M","?","M","T","?","R","M","$","T","M","R","$","M","M"],"character_chosen":"IRONCLAD","items_purchased":["Brimstone","PowerPotion","Bronze Scales"],"campfire_rested":2,"item_purchase_floors":[19,42,46],"current_hp_per_floor":[80,60,44,44,50,50,56,56,56,59,61,64,64,46,73,53,90,90,90,88,88,81,23,53,41,41,41,36,42,42,45,72,42,90,88,88,83,83,87,87,60,60,60,66,66,66,30,0],"gold":184,"neow_bonus":"THREE_ENEMY_KILL","is_prod":false,"is_daily":false,"chose_seed":false,"campfire_upgraded":6,"win_rate":0,"timestamp":1565542747,"path_taken":["M","?","?","?","M","R","M","R","T","M","E","M","R","E","R","BOSS","M","$","M","?","M","E","?","M","T","?","?","M","R","M","R","BOSS","M","?","M","?","?","R","M","$","T","?","R","$","M","M"],"build_version":"2019-07-17","purchased_purges":3,"victory":false,"max_hp_per_floor":[80,80,80,80,80,80,80,80,80,80,90,90,90,90,90,90,90,90,90,90,90,90,90,90,90,90,90,90,90,90,90,90,90,90,90,90,90,90,104,104,104,104,104,104,104,104,104,104],"card_choices":[{"not_picked":["Feel No Pain","Intimidate"],"picked":"Iron Wave","floor":1},{"not_picked":["Pommel Strike","Entrench"],"picked":"Shrug It Off","floor":5},{"not_picked":["Shockwave","Flex"],"picked":"Burning Pact","floor":7},{"not_picked":["Shrug It Off","Seeing Red"],"picked":"Pommel Strike","floor":10},{"not_picked":["Perfected Strike","Clash"],"picked":"Offering","floor":11},{"not_picked":["Iron Wave","Cleave"],"picked":"Pommel Strike","floor":12},{"not_picked":["Bludgeon","Armaments"],"picked":"Shrug It Off","floor":14},{"not_picked":["Offering","Exhume"],"picked":"Berserk","floor":16},{"not_picked":["Cleave"],"picked":"SKIP","floor":18},{"not_picked":[],"picked":"Body Slam","floor":20},{"not_picked":[],"picked":"Battle Trance","floor":22},{"not_picked":[],"picked":"Heavy Blade","floor":23},{"not_picked":[],"picked":"Pommel Strike+1","floor":25},{"not_picked":[],"picked":"Shrug It Off","floor":28},{"not_picked":["Fire Breathing"],"picked":"SKIP","floor":29},{"not_picked":["Feel No Pain"],"picked":"SKIP","floor":31},{"not_picked":["Infernal Blade"],"picked":"SKIP","floor":35},{"not_picked":["Corruption"],"picked":"SKIP","floor":37},{"not_picked":[],"picked":"Armaments","floor":41},{"not_picked":["Cleave+1"],"picked":"SKIP","floor":44},{"not_picked":[],"picked":"Sword Boomerang","floor":47}],"player_experience":347821,"relics_obtained":[{"floor":9,"key":"Whetstone"},{"floor":11,"key":"Pear"},{"floor":14,"key":"Dodecahedron"},{"floor":23,"key":"Red Skull"},{"floor":26,"key":"Anchor"},{"floor":38,"key":"Mercury Hourglass"},{"floor":39,"key":"Mango"},{"floor":43,"key":"Gambling Chip"}],"event_choices":[{"damage_healed":0,"gold_gain":0,"player_choice":"Take Damage","damage_taken":20,"relics_obtained":["Golden Idol"],"max_hp_gain":0,"max_hp_loss":0,"event_name":"Golden Idol","floor":2,"gold_loss":0},{"damage_healed":0,"gold_gain":0,"player_choice":"Entered Light","damage_taken":16,"max_hp_gain":0,"max_hp_loss":0,"event_name":"Shining Light","floor":3,"gold_loss":0,"cards_upgraded":["Strike_R","Defend_R"]},{"cards_removed":["Strike_R"],"damage_healed":0,"gold_gain":0,"player_choice":"Card Removal","damage_taken":0,"max_hp_gain":0,"max_hp_loss":0,"event_name":"The Cleric","floor":4,"gold_loss":50},{"damage_healed":0,"gold_gain":0,"player_choice":"Obtained Relic","damage_taken":0,"relics_obtained":["Potion Belt"],"max_hp_gain":0,"max_hp_loss":0,"event_name":"Addict","floor":21,"gold_loss":85},{"damage_healed":30,"gold_gain":0,"player_choice":"Heal","damage_taken":0,"max_hp_gain":0,"max_hp_loss":0,"event_name":"The Library","floor":24,"gold_loss":0},{"damage_healed":0,"gold_gain":0,"player_choice":"Traded Relic","damage_taken":0,"relics_obtained":["Nloth\u0027s Gift"],"max_hp_gain":0,"max_hp_loss":0,"event_name":"N\u0027loth","floor":27,"relics_lost":["Red Skull"],"gold_loss":0},{"damage_healed":0,"gold_gain":0,"player_choice":"Ignored","damage_taken":0,"max_hp_gain":0,"max_hp_loss":0,"event_name":"Tomb of Lord Red Mask","floor":36,"gold_loss":0},{"damage_healed":0,"gold_gain":0,"player_choice":"Fight","damage_taken":0,"max_hp_gain":0,"max_hp_loss":0,"event_name":"MindBloom","floor":39,"gold_loss":0}],"is_beta":false,"boss_relics":[{"not_picked":["White Beast Statue","Mark of Pain"],"picked":"Busted Crown"},{"not_picked":["Snecko Eye","Cursed Key"],"picked":"Runic Cube"}],"items_purged_floors":[19,42,46],"is_endless":false,"potions_floor_spawned":[1,7,10,14,16,18,22,25,33,35,37,41],"killed_by":"Maw","ascension_level":4}