{"gold_per_floor":[112,125,143,143,10,10,43,8,32,32,57,28,38,67,67,143,143,155,155,43,43,55,55,84,84,84,99,125,151,186,186,186,262,262,275,325,335,335,335,335,351,351,351,175,194,226,226,256,256,256,256,256,256,33,63,63],"floor_reached":56,"playtime":6156,"items_purged":["Strike_R"],"score":2004,"play_id":"71c04ec0-5454-434d-a025-9e5e111cc05c","local_time":"20190803140615","is_ascension_mode":true,"campfire_choices":[{"data":"Carnage","floor":6,"key":"SMITH"},{"data":"Armaments","floor":15,"key":"SMITH"},{"data":"Immolate","floor":23,"key":"SMITH"},{"data":"Disarm","floor":25,"key":"SMITH"},{"floor":32,"key":"REST"},{"floor":40,"key":"REST"},{"floor":42,"key":"RECALL"},{"floor":49,"key":"REST"},{"floor":53,"key":"REST"}],"neow_cost":"NONE","seed_source_timestamp":22486884099555,"circlet_count":0,"master_deck":["AscendersBane","Strike_R+1","Strike_R+1","Strike_R+1","Defend_R+1","Defend_R+1","Defend_R+1","Defend_R+1","Bash","Carnage+1","Rampage","Evolve","Armaments+1","Pommel Strike","Wild Strike","Shrug It Off+1","Headbutt","Immolate+1","Disarm+1","Anger","Inflame","Warcry+1","Bloodletting+1","Power Through","J.A.X.","Demon Form+1","Carnage","Apotheosis","Entrench","Exhume","Heavy Blade+1","Uppercut","Corruption+1"],"relics":["Burning Blood","Bronze Scales","Ancient Tea Set","PreservedInsect","Omamori","Centennial Puzzle","Singing Bowl","Black Star","Letter Opener","War Paint","Frozen Egg 2","Paper Frog","Du-Vu Doll","Bag of Marbles","Regal Pillow","Kunai","Snecko Eye","Dead Branch","Pen Nib","Orichalcum","Anchor","Red Skull","Medical Kit","Magic Flower","Bottled Flame"],"potions_floor_usage":[16,28,28,28,36,36,48,56],"damage_taken":[{"damage":4,"enemies":"Small Slimes","floor":1,"turns":3},{"damage":0,"enemies":"Cultist","floor":2,"turns":2},{"damage":0,"enemies":"2 Louse","floor":3,"turns":2},{"damage":5,"enemies":"3 Sentries","floor":7,"turns":6},{"damage":8,"enemies":"Gremlin Nob","floor":11,"turns":3},{"damage":1,"enemies":"2 Fungi Beasts","floor":13,"turns":3},{"damage":15,"enemies":"Lagavulin","floor":14,"turns":4},{"damage":18,"enemies":"Slime Boss","floor":16,"turns":9},{"damage":11,"enemies":"Spheric Guardian","floor":18,"turns":3},{"damage":12,"enemies":"Chosen","floor":22,"turns":3},{"damage":10,"enemies":"Gremlin Leader","floor":24,"turns":5},{"damage":8,"enemies":"Sentry and Sphere","floor":27,"turns":3},{"damage":13,"enemies":"Book of Stabbing","floor":28,"turns":5},{"damage":24,"enemies":"Gremlin Leader","floor":30,"turns":4},{"damage":71,"enemies":"Automaton","floor":33,"turns":11},{"damage":8,"enemies":"3 Darklings","floor":35,"turns":6},{"damage":23,"enemies":"2 Orb Walkers","floor":36,"turns":4},{"damage":2,"enemies":"3 Shapes","floor":37,"turns":3},{"damage":26,"enemies":"Maw","floor":41,"turns":7},{"damage":0,"enemies":"3 Darklings","floor":45,"turns":1},{"damage":6,"enemies":"Nemesis","floor":46,"turns":1},{"damage":42,"enemies":"Reptomancer","floor":48,"turns":4},{"damage":30,"enemies":"Awakened One","floor":50,"turns":8},{"damage":25,"enemies":"Donu and Deca","floor":51,"turns":5},{"damage":45,"enemies":"Shield and Spear","floor":55,"turns":4},{"damage":74,"enemies":"The Heart","floor":56,"turns":5}],"seed_played":"-1959146972748762521","potions_obtained":[{"floor":1,"key":"Ancient Potion"},{"floor":3,"key":"Weak Potion"},{"floor":10,"key":"EntropicBrew"},{"floor":10,"key":"FearPotion"},{"floor":16,"key":"LiquidBronze"},{"floor":27,"key":"Explosive Potion"},{"floor":35,"key":"Block Potion"},{"floor":41,"key":"Block Potion"},{"floor":48,"key":"Regen Potion"}],"is_trial":false,"path_per_floor":["M","M","M","?","$","R","E","?","T","?","E","$","M","E","R","B",null,"M","?","$","?","M","R","E","R","T","M","E","T","E","?","R","B",null,"M","?","M","?","?","R","M","R","T","$","M","E","?","E","R","B","B",null,"R","$","E","B"],"character_chosen":"IRONCLAD","items_purchased":["Evolve","Armaments","Shrug It Off","Inflame","Exhume","Medical Kit"],"campfire_rested":4,"item_purchase_floors":[5,5,12,20,44,54],"current_hp_per_floor":[70,75,75,49,49,49,50,68,68,68,66,66,71,64,64,52,71,66,66,66,66,60,60,56,56,56,56,49,49,33,33,72,7,63,63,48,52,46,46,87,67,67,67,67,73,73,89,53,89,65,46,78,89,89,52,0],"gold":63,"neow_bonus":"RANDOM_COMMON_RELIC","is_prod":false,"is_daily":false,"chose_seed":false,"campfire_upgraded":4,"win_rate":0,"timestamp":1564855575,"path_taken":["M","M","M","?","$","R","E","?","T","?","E","$","?","E","R","BOSS","M","?","$","?","M","R","E","R","T","M","E","?","E","?","R","BOSS","M","?","M","?","?","R","M","R","T","?","?","E","?","E","R","BOSS","BOSS","R","$","E","BOSS"],"build_version":"2019-07-17","purchased_purges":1,"victory":false,"max_hp_per_floor":[75,75,75,75,75,75,75,75,75,75,75,75,75,77,77,77,77,77,77,77,77,77,77,77,77,77,79,79,79,81,81,81,81,81,83,85,85,89,89,89,89,89,89,89,89,89,89,89,89,89,89,89,89,89,91,91],"card_choices":[{"not_picked":["Corruption","Cleave"],"picked":"Carnage","floor":1},{"not_picked":["Iron Wave","Clash"],"picked":"Rampage","floor":2},{"not_picked":["Infernal Blade","Wild Strike","Heavy Blade"],"picked":"SKIP","floor":3},{"not_picked":["Sword Boomerang","Evolve"],"picked":"Pommel Strike","floor":7},{"not_picked":["Clash","Pummel"],"picked":"Wild Strike","floor":11},{"not_picked":["Entrench","Dropkick"],"picked":"Headbutt","floor":13},{"not_picked":["Headbutt","Wild Strike","Clash"],"picked":"Singing Bowl","floor":14},{"not_picked":["Berserk","Juggernaut"],"picked":"Immolate","floor":16},{"not_picked":["Sever Soul","Fire Breathing"],"picked":"Disarm","floor":18},{"not_picked":["Anger","True Grit"],"picked":"Warcry+1","floor":22},{"not_picked":["Headbutt","Heavy Blade"],"picked":"Bloodletting","floor":24},{"not_picked":["Clash","Iron Wave","Body Slam+1"],"picked":"Singing Bowl","floor":27},{"not_picked":["Feed","True Grit"],"picked":"Power Through","floor":28},{"not_picked":["Headbutt+1","Rupture+1","Dropkick+1"],"picked":"Singing Bowl","floor":30},{"not_picked":["Juggernaut+1","Double Tap"],"picked":"Demon Form+1","floor":33},{"not_picked":["Thunderclap","True Grit","Anger"],"picked":"Singing Bowl","floor":35},{"not_picked":["Sentinel","Seeing Red","Headbutt+1"],"picked":"Singing Bowl","floor":36},{"not_picked":["Wild Strike","Thunderclap"],"picked":"Carnage","floor":37},{"not_picked":["Deep Breath","Chrysalis","Forethought"],"picked":"Singing Bowl","floor":38},{"not_picked":["Swift Strike","Forethought","Bandage Up"],"picked":"Singing Bowl","floor":38},{"not_picked":["Deep Breath","Dramatic Entrance"],"picked":"Apotheosis","floor":38},{"not_picked":["Body Slam","Headbutt+1"],"picked":"Entrench","floor":41},{"not_picked":["Iron Wave","Rampage"],"picked":"Heavy Blade+1","floor":45},{"not_picked":["Sword Boomerang","Pommel Strike"],"picked":"Uppercut","floor":46},{"not_picked":["Rampage","Battle Trance"],"picked":"Corruption+1","floor":48},{"not_picked":["Intimidate","Cleave+1","Infernal Blade+1"],"picked":"Singing Bowl","floor":55}],"player_experience":2324759,"relics_obtained":[{"floor":7,"key":"PreservedInsect"},{"floor":9,"key":"Omamori"},{"floor":11,"key":"Centennial Puzzle"},{"floor":14,"key":"Singing Bowl"},{"floor":24,"key":"Letter Opener"},{"floor":24,"key":"War Paint"},{"floor":26,"key":"Frozen Egg 2"},{"floor":28,"key":"Paper Frog"},{"floor":28,"key":"Du-Vu Doll"},{"floor":29,"key":"Bag of Marbles"},{"floor":30,"key":"Regal Pillow"},{"floor":30,"key":"Kunai"},{"floor":36,"key":"Dead Branch"},{"floor":46,"key":"Pen Nib"},{"floor":46,"key":"Orichalcum"},{"floor":48,"key":"Anchor"},{"floor":48,"key":"Red Skull"},{"floor":55,"key":"Magic Flower"},{"floor":55,"key":"Bottled Flame"}],"event_choices":[{"damage_healed":0,"gold_gain":0,"player_choice":"Success","damage_taken":26,"relics_obtained":["Ancient Tea Set"],"max_hp_gain":0,"max_hp_loss":0,"event_name":"Scrap Ooze","floor":4,"gold_loss":0},{"damage_healed":18,"gold_gain":0,"player_choice":"Healed","damage_taken":0,"max_hp_gain":0,"max_hp_loss":0,"event_name":"The Cleric","floor":8,"gold_loss":35},{"damage_healed":0,"gold_gain":0,"player_choice":"Got Potions","damage_taken":0,"max_hp_gain":0,"max_hp_loss":0,"event_name":"Lab","floor":10,"gold_loss":0},{"damage_healed":0,"gold_gain":0,"player_choice":"Read","damage_taken":0,"max_hp_gain":0,"max_hp_loss":0,"event_name":"The Library","floor":19,"gold_loss":0,"cards_obtained":["Anger"]},{"damage_healed":0,"gold_gain":0,"player_choice":"Simplicity","damage_taken":0,"max_hp_gain":0,"max_hp_loss":0,"event_name":"Back to Basics","floor":21,"gold_loss":0,"cards_upgraded":["Strike_R","Strike_R","Strike_R","Strike_R","Defend_R","Defend_R","Defend_R","Defend_R"]},{"damage_healed":0,"gold_gain":0,"player_choice":"Obtain J.A.X.","damage_taken":0,"max_hp_gain":0,"max_hp_loss":0,"event_name":"Drug Dealer","floor":31,"gold_loss":0,"cards_obtained":["J.A.X."]},{"damage_healed":0,"gold_gain":0,"player_choice":"Fight","damage_taken":0,"max_hp_gain":0,"max_hp_loss":0,"event_name":"Mysterious Sphere","floor":36,"gold_loss":0},{"damage_healed":0,"gold_gain":0,"player_choice":"Memory 3","damage_taken":10,"max_hp_gain":0,"max_hp_loss":0,"event_name":"SensoryStone","floor":38,"gold_loss":0},{"cards_removed":["Strike_R"],"damage_healed":0,"gold_gain":0,"player_choice":"Removed Attack","damage_taken":0,"max_hp_gain":0,"max_hp_loss":0,"event_name":"Falling","floor":39,"gold_loss":0},{"damage_healed":18,"gold_gain":0,"player_choice":"Writhe","damage_taken":0,"max_hp_gain":0,"max_hp_loss":0,"event_name":"Winding Halls","floor":47,"gold_loss":0,"cards_obtained":["Writhe"]}],"is_beta":false,"boss_relics":[{"not_picked":["Sozu","White Beast Statue"],"picked":"Black Star"},{"not_picked":["Runic Dome","Coffee Dripper"],"picked":"Snecko Eye"}],"items_purged_floors":[20],"is_endless":false,"potions_floor_spawned":[1,3,16,27,35,41,48],"killed_by":"The Heart","ascension_level":20}