{"gold_per_floor":[209,229,229,242,82,82,109,109,109,79,79,79,90,100,100,200,200,215,228,327,151,151,151,168,179,204,204],"floor_reached":27,"playtime":1818,"items_purged":["Strike_G","Strike_G"],"score":234,"play_id":"a41d3958-da02-41fa-9163-f263c4610629","local_time":"20190728122049","is_ascension_mode":true,"campfire_choices":[{"floor":6,"key":"REST"},{"floor":8,"key":"REST"},{"floor":12,"key":"REST"},{"floor":15,"key":"REST"},{"floor":23,"key":"REST"}],"neow_cost":"NONE","seed_source_timestamp":206934543214067,"circlet_count":0,"master_deck":["Strike_G","Strike_G","Strike_G","Defend_G","Defend_G","Defend_G+1","Defend_G","Survivor","Neutralize","Cloak And Dagger","Footwork","Skewer","Well Laid Plans","Burst+1","Bouncing Flask","Adrenaline","Dodge and Roll+1","Footwork","Choke","Acrobatics+1","Backflip","Regret"],"relics":["Ring of the Snake","Gremlin Horn","Mummified Hand","Cursed Key","Regal Pillow"],"potions_floor_usage":[4,7],"damage_taken":[{"damage":2,"enemies":"Cultist","floor":1,"turns":4},{"damage":10,"enemies":"2 Louse","floor":2,"turns":4},{"damage":8,"enemies":"Jaw Worm","floor":4,"turns":5},{"damage":43,"enemies":"Gremlin Nob","floor":7,"turns":7},{"damage":18,"enemies":"Exordium Thugs","floor":13,"turns":7},{"damage":13,"enemies":"Large Slime","floor":14,"turns":8},{"damage":33,"enemies":"The Guardian","floor":16,"turns":10},{"damage":26,"enemies":"Chosen","floor":18,"turns":6},{"damage":0,"enemies":"Spheric Guardian","floor":19,"turns":3},{"damage":34,"enemies":"Shelled Parasite and Fungi","floor":24,"turns":7},{"damage":8,"enemies":"Snake Plant","floor":25,"turns":4},{"damage":26,"enemies":"Cultist and Chosen","floor":27,"turns":7}],"seed_played":"-277488360542563380","potions_obtained":[{"floor":1,"key":"SkillPotion"},{"floor":2,"key":"SneckoOil"},{"floor":13,"key":"GamblersBrew"},{"floor":18,"key":"LiquidBronze"}],"is_trial":false,"path_per_floor":["M","M","?","M","$","R","E","R","T","?","?","R","M","M","R","B",null,"M","M","?","$","?","R","M","M","T","M"],"character_chosen":"THE_SILENT","items_purchased":["Well Laid Plans","Block Potion","Footwork"],"campfire_rested":5,"item_purchase_floors":[5,5,21],"current_hp_per_floor":[68,58,51,43,43,64,21,42,42,42,28,49,31,18,39,6,70,44,44,44,44,44,65,31,23,23,0],"gold":204,"neow_bonus":"HUNDRED_GOLD","is_prod":false,"is_daily":false,"chose_seed":false,"campfire_upgraded":0,"win_rate":0,"timestamp":1564341649,"path_taken":["M","M","?","M","$","R","E","R","T","?","?","R","?","M","R","BOSS","M","M","?","$","?","R","M","M","T","?"],"build_version":"2019-07-17","purchased_purges":2,"victory":false,"max_hp_per_floor":[70,70,70,70,70,70,70,70,70,70,70,70,70,70,70,70,70,70,70,70,70,70,70,70,70,70,70],"card_choices":[{"not_picked":["Eviscerate","Outmaneuver"],"picked":"Cloak And Dagger","floor":1},{"not_picked":["Setup","Leg Sweep"],"picked":"Footwork","floor":2},{"not_picked":["Heel Hook","Acrobatics"],"picked":"Skewer","floor":4},{"not_picked":["Blade Dance","Predator"],"picked":"Burst","floor":7},{"not_picked":["Dodge and Roll","Bane","Deadly Poison"],"picked":"SKIP","floor":13},{"not_picked":["Quick Slash","Backflip"],"picked":"Bouncing Flask","floor":14},{"not_picked":["Wraith Form v2","Phantasmal Killer"],"picked":"Adrenaline","floor":16},{"not_picked":["Outmaneuver","Dagger Spray","Dagger Throw"],"picked":"SKIP","floor":18},{"not_picked":["Dagger Throw","Leg Sweep+1"],"picked":"Dodge and Roll+1","floor":19},{"not_picked":["Masterful Stab","Underhanded Strike"],"picked":"Acrobatics+1","floor":24},{"not_picked":["Prepared","Deflect"],"picked":"Backflip","floor":25}],"player_experience":253357,"relics_obtained":[{"floor":7,"key":"Gremlin Horn"},{"floor":9,"key":"Mummified Hand"},{"floor":26,"key":"Regal Pillow"}],"event_choices":[{"cards_removed":["Defend_G"],"damage_healed":0,"gold_gain":0,"player_choice":"Card Removal","damage_taken":7,"max_hp_gain":0,"max_hp_loss":0,"event_name":"Golden Wing","floor":3,"gold_loss":0},{"damage_healed":0,"gold_gain":0,"player_choice":"Left Gold","damage_taken":0,"max_hp_gain":0,"max_hp_loss":0,"event_name":"World of Goop","floor":10,"gold_loss":30},{"damage_healed":0,"gold_gain":0,"player_choice":"Entered Light","damage_taken":14,"max_hp_gain":0,"max_hp_loss":0,"event_name":"Shining Light","floor":11,"gold_loss":0,"cards_upgraded":["Burst","Defend_G"]},{"damage_healed":0,"gold_gain":99,"player_choice":"Stole From Cult","damage_taken":0,"max_hp_gain":0,"max_hp_loss":0,"event_name":"Nest","floor":20,"gold_loss":0},{"damage_healed":0,"gold_gain":0,"player_choice":"1 cards matched","damage_taken":0,"max_hp_gain":0,"max_hp_loss":0,"event_name":"Match and Keep!","floor":22,"gold_loss":0,"cards_obtained":["Choke"]}],"is_beta":false,"boss_relics":[{"not_picked":["Lizard Tail","Eternal Feather"],"picked":"Cursed Key"}],"items_purged_floors":[5,21],"is_endless":false,"potions_floor_spawned":[1,2,13,18,19],"killed_by":"Cultist and Chosen","ascension_level":2}