{"gold_per_floor":[219,229,229,229,32,32,42,58,133,133,160,174,174,194,194,290,290,305,305,14,26,26,26],"floor_reached":23,"playtime":1327,"items_purged":[],"score":191,"play_id":"aecf975e-97b5-4e46-9070-06e6f0342d51","local_time":"20181228172741","is_ascension_mode":false,"campfire_choices":[{"floor":6,"key":"REST"},{"data":"Havoc","floor":13,"key":"SMITH"},{"floor":15,"key":"RECALL"}],"neow_cost":"NONE","seed_source_timestamp":446814737236106,"circlet_count":0,"master_deck":["Strike_R","Strike_R","Strike_R+1","Defend_R","Defend_R","Defend_R","Defend_R+1","Bash","Havoc+1","Armaments","Pommel Strike","Blood for Blood","Headbutt","Dark Embrace","Armaments","Feel No Pain"],"relics":["Burning Blood","Strange Spoon","Kunai","Juzu Bracelet","Busted Crown","Matryoshka"],"potions_floor_usage":[12,16,23,23,23],"damage_taken":[{"damage":3,"enemies":"Small Slimes","floor":1,"turns":3},{"damage":11,"enemies":"Jaw Worm","floor":2,"turns":2},{"damage":4,"enemies":"Cultist","floor":7,"turns":4},{"damage":21,"enemies":"Exordium Thugs","floor":8,"turns":8},{"damage":28,"enemies":"3 Sentries","floor":11,"turns":13},{"damage":0,"enemies":"Looter","floor":12,"turns":3},{"damage":12,"enemies":"Blue Slaver","floor":14,"turns":3},{"damage":35,"enemies":"The Guardian","floor":16,"turns":13},{"damage":26,"enemies":"Spheric Guardian","floor":18,"turns":6},{"damage":7,"enemies":"Chosen","floor":21,"turns":7},{"damage":47,"enemies":"Slavers","floor":23,"turns":4}],"seed_played":"-1611963347010590709","potions_obtained":[{"floor":8,"key":"BloodPotion"},{"floor":11,"key":"Dexterity Potion"},{"floor":12,"key":"Fire Potion"},{"floor":16,"key":"Weak Potion"},{"floor":21,"key":"Swift Potion"}],"is_trial":false,"path_per_floor":["M","M","?","?","$","R","M","M","T","T","E","M","R","M","R","B",null,"M","?","$","M","?","E"],"character_chosen":"IRONCLAD","items_purchased":["Strange Spoon","Feel No Pain","Matryoshka"],"campfire_rested":1,"item_purchase_floors":[5,20,20],"current_hp_per_floor":[80,75,59,52,52,76,78,63,63,63,41,55,55,49,49,20,80,60,60,60,59,44,0],"gold":26,"neow_bonus":"HUNDRED_GOLD","is_prod":false,"is_daily":false,"chose_seed":false,"campfire_upgraded":1,"win_rate":0,"timestamp":1545996461,"path_taken":["M","M","?","?","?","R","M","M","T","?","E","M","R","M","R","BOSS","M","?","?","M","?","E"],"build_version":"2018-12-20","purchased_purges":0,"victory":false,"max_hp_per_floor":[80,80,80,80,80,80,80,80,80,80,80,80,80,80,80,80,80,80,80,80,80,85,85],"card_choices":[{"not_picked":["Sever Soul","Anger"],"picked":"Havoc","floor":1},{"not_picked":["Whirlwind","Wild Strike"],"picked":"Armaments","floor":2},{"not_picked":["Clothesline","Flex","Double Tap"],"picked":"SKIP","floor":7},{"not_picked":["Power Through","Havoc"],"picked":"Pommel Strike","floor":8},{"not_picked":["Twin Strike","Sentinel"],"picked":"Blood for Blood","floor":11},{"not_picked":["Body Slam","Thunderclap","Intimidate"],"picked":"SKIP","floor":12},{"not_picked":["Carnage","Sword Boomerang"],"picked":"Headbutt","floor":14},{"not_picked":["Impervious","Brutality"],"picked":"Dark Embrace","floor":16},{"not_picked":["Wild Strike"],"picked":"SKIP","floor":18},{"not_picked":["True Grit"],"picked":"SKIP","floor":21}],"player_experience":432686,"relics_obtained":[{"floor":10,"key":"Kunai"},{"floor":11,"key":"Juzu Bracelet"}],"event_choices":[{"damage_healed":0,"gold_gain":0,"player_choice":"Entered Light","damage_taken":16,"max_hp_gain":0,"max_hp_loss":0,"event_name":"Shining Light","floor":3,"gold_loss":0,"cards_upgraded":["Defend_R","Strike_R"]},{"cards_removed":["Strike_R"],"damage_healed":0,"gold_gain":0,"player_choice":"Card Removal","damage_taken":7,"max_hp_gain":0,"max_hp_loss":0,"event_name":"Golden Wing","floor":4,"gold_loss":0},{"damage_healed":0,"gold_gain":0,"cards_transformed":["Strike_R"],"player_choice":"Transformed","damage_taken":0,"max_hp_gain":0,"max_hp_loss":0,"event_name":"Transmorgrifier","floor":19,"gold_loss":0,"cards_obtained":["Armaments"]},{"damage_healed":0,"gold_gain":0,"player_choice":"Shed Blood","damage_taken":20,"max_hp_gain":5,"max_hp_loss":0,"event_name":"Forgotten Altar","floor":22,"gold_loss":0}],"is_beta":false,"boss_relics":[{"not_picked":["Runic Dome","Sozu"],"picked":"Busted Crown"}],"items_purged_floors":[],"is_endless":false,"potions_floor_spawned":[8,11,12,16,21],"killed_by":"Slavers","ascension_level":0}