{"gold_per_floor":[114,35,35,35,50,50,75,75,75,89,103,132,132,150,150,249,249,261,277,291,311,330,330,363,363,363,363,363,363,378,393,393,393],"floor_reached":33,"playtime":1296,"items_purged":[],"score":420,"play_id":"a8cf3ce4-b293-4127-bd7a-100cfd727f07","local_time":"20190818224934","is_ascension_mode":true,"campfire_choices":[{"data":"Catalyst","floor":6,"key":"SMITH"},{"data":"Catalyst","floor":8,"key":"SMITH"},{"data":"Bullet Time","floor":15,"key":"SMITH"},{"data":"Footwork","floor":23,"key":"SMITH"},{"data":"Burst","floor":25,"key":"SMITH"},{"floor":28,"key":"REST"},{"floor":32,"key":"REST"}],"neow_cost":"NONE","seed_source_timestamp":285176806752700,"circlet_count":0,"master_deck":["Strike_G+1","Strike_G+1","Strike_G+1","Strike_G+1","Strike_G+1","Defend_G+1","Defend_G+1","Defend_G+1","Defend_G+1","Defend_G+1","Survivor","Neutralize","Deadly Poison","Footwork","Catalyst+1","Catalyst+1","Backflip","Bullet Time+1","Deadly Poison","Footwork+1","Burst+1","Acrobatics"],"relics":["Ring of the Snake","NeowsBlessing","Happy Flower","FaceOfCleric","Blood Vial","War Paint","WristBlade","Juzu Bracelet","Frozen Egg 2"],"potions_floor_usage":[11,16,20,21,21,30,33],"damage_taken":[{"damage":0,"enemies":"2 Louse","floor":1,"turns":1},{"damage":0,"enemies":"Jaw Worm","floor":5,"turns":1},{"damage":0,"enemies":"3 Sentries","floor":7,"turns":1},{"damage":0,"enemies":"Cultist","floor":10,"turns":3},{"damage":2,"enemies":"3 Louse","floor":11,"turns":5},{"damage":0,"enemies":"Gremlin Nob","floor":12,"turns":2},{"damage":0,"enemies":"Exordium Wildlife","floor":14,"turns":6},{"damage":3,"enemies":"Hexaghost","floor":16,"turns":6},{"damage":4,"enemies":"Chosen","floor":18,"turns":5},{"damage":4,"enemies":"Shell Parasite","floor":19,"turns":2},{"damage":0,"enemies":"Snake Plant","floor":20,"turns":3},{"damage":17,"enemies":"Centurion and Healer","floor":21,"turns":4},{"damage":28,"enemies":"Shelled Parasite and Fungi","floor":22,"turns":6},{"damage":7,"enemies":"Book of Stabbing","floor":24,"turns":4},{"damage":12,"enemies":"3 Cultists","floor":30,"turns":8},{"damage":21,"enemies":"Centurion and Healer","floor":31,"turns":7},{"damage":73,"enemies":"Automaton","floor":33,"turns":6}],"seed_played":"-5043528022435290418","potions_obtained":[{"floor":1,"key":"SpeedPotion"},{"floor":7,"key":"Swift Potion"},{"floor":10,"key":"GhostInAJar"},{"floor":11,"key":"GhostInAJar"},{"floor":18,"key":"Fire Potion"},{"floor":24,"key":"Weak Potion"},{"floor":31,"key":"Explosive Potion"}],"is_trial":false,"path_per_floor":["M","$","?","?","M","R","E","R","T","M","M","E","?","M","R","B",null,"M","M","M","M","M","R","E","R","T","?","R","?","M","M","R","B"],"character_chosen":"THE_SILENT","items_purchased":["Footwork"],"campfire_rested":2,"item_purchase_floors":[2],"current_hp_per_floor":[70,70,67,67,68,68,69,69,69,72,72,75,60,63,63,63,77,74,73,76,62,37,37,33,33,33,17,43,43,34,16,43,0],"gold":393,"neow_bonus":"THREE_ENEMY_KILL","is_prod":false,"is_daily":false,"chose_seed":false,"campfire_upgraded":5,"win_rate":0,"timestamp":1566132574,"path_taken":["M","$","?","?","M","R","E","R","T","?","M","E","?","M","R","BOSS","M","M","M","M","M","R","E","R","T","?","R","?","M","M","R","BOSS"],"build_version":"2019-07-17","purchased_purges":0,"victory":false,"max_hp_per_floor":[70,70,70,70,71,71,72,72,72,73,74,75,75,76,76,77,77,78,79,80,81,82,82,83,83,83,88,88,88,89,90,90,90],"card_choices":[{"not_picked":["Masterful Stab","Outmaneuver"],"picked":"Deadly Poison","floor":1},{"not_picked":["Deflect","Dagger Spray"],"picked":"Catalyst","floor":5},{"not_picked":["Underhanded Strike","Cloak And Dagger"],"picked":"Catalyst","floor":7},{"not_picked":["Dagger Spray","Flying Knee","PiercingWail"],"picked":"SKIP","floor":10},{"not_picked":["Heel Hook","Terror","Eviscerate"],"picked":"SKIP","floor":11},{"not_picked":["Cloak And Dagger","Predator"],"picked":"Backflip","floor":12},{"not_picked":["Crippling Poison","Prepared"],"picked":"Bullet Time","floor":14},{"not_picked":["Bane+1","Flying Knee+1"],"picked":"Deadly Poison","floor":18},{"not_picked":["Distraction+1","Choke","Crippling Poison"],"picked":"SKIP","floor":19},{"not_picked":["Underhanded Strike+1","Dash","Masterful Stab"],"picked":"SKIP","floor":20},{"not_picked":["Sucker Punch","Masterful Stab"],"picked":"Footwork","floor":21},{"not_picked":["Dagger Throw","Masterful Stab+1","Outmaneuver"],"picked":"SKIP","floor":22},{"not_picked":["Cloak And Dagger","Glass Knife"],"picked":"Burst","floor":24},{"not_picked":["Expertise","Tactician"],"picked":"Acrobatics","floor":30},{"not_picked":["Leg Sweep+1","Slice","Acrobatics"],"picked":"SKIP","floor":31}],"player_experience":61783,"relics_obtained":[{"floor":7,"key":"Blood Vial"},{"floor":12,"key":"War Paint"},{"floor":24,"key":"Juzu Bracelet"},{"floor":26,"key":"Frozen Egg 2"}],"event_choices":[{"damage_healed":0,"gold_gain":0,"player_choice":"Success","damage_taken":3,"relics_obtained":["Happy Flower"],"max_hp_gain":0,"max_hp_loss":0,"event_name":"Scrap Ooze","floor":3,"gold_loss":0},{"damage_healed":0,"gold_gain":0,"player_choice":"Trade","damage_taken":0,"relics_obtained":["FaceOfCleric"],"max_hp_gain":0,"max_hp_loss":0,"event_name":"FaceTrader","floor":4,"gold_loss":0},{"damage_healed":0,"gold_gain":0,"player_choice":"Entered Light","damage_taken":15,"max_hp_gain":0,"max_hp_loss":0,"event_name":"Shining Light","floor":13,"gold_loss":0,"cards_upgraded":["Defend_G","Strike_G"]},{"damage_healed":0,"gold_gain":0,"player_choice":"Shed Blood","damage_taken":21,"max_hp_gain":5,"max_hp_loss":0,"event_name":"Forgotten Altar","floor":27,"gold_loss":0},{"damage_healed":0,"gold_gain":0,"player_choice":"Simplicity","damage_taken":0,"max_hp_gain":0,"max_hp_loss":0,"event_name":"Back to Basics","floor":29,"gold_loss":0,"cards_upgraded":["Strike_G","Strike_G","Strike_G","Strike_G","Defend_G","Defend_G"]}],"is_beta":false,"boss_relics":[{"not_picked":["Sozu","Astrolabe"],"picked":"WristBlade"}],"items_purged_floors":[],"is_endless":false,"potions_floor_spawned":[1,7,10,11,18,24,31],"killed_by":"Automaton","ascension_level":4}