{"gold_per_floor":[118,118,118,118,193,220,220,248,303,328,338,63,63,127,127,226,226,290,340,360,360,398,448,448,290,290,348,1,28,28,81,81,152,152,197,56,56,69,69,69,104,139,139,207,429,509,509,550,550,550],"floor_reached":50,"playtime":4011,"items_purged":["Strike_G","Tactician"],"score":1234,"play_id":"Baalorlord-859d2819","local_time":"20190817140420","is_ascension_mode":true,"campfire_choices":[{"floor":7,"key":"REST"},{"data":"HandOfGreed","floor":13,"key":"SMITH"},{"data":"Malaise","floor":15,"key":"SMITH"},{"data":"Corpse Explosion","floor":24,"key":"SMITH"},{"floor":32,"key":"REST"},{"data":"Crippling Poison","floor":40,"key":"SMITH"},{"floor":47,"key":"RECALL"},{"data":"Cloak And Dagger","floor":49,"key":"SMITH"}],"neow_cost":"NONE","seed_source_timestamp":96568508599200,"circlet_count":0,"master_deck":["AscendersBane","Strike_G","Defend_G+1","Defend_G","Defend_G","Defend_G+1","Survivor","Neutralize","Poisoned Stab","Malaise+1","Cloak And Dagger+1","Flying Knee","Poisoned Stab","All Out Attack","HandOfGreed+1","Backflip","Corpse Explosion+1","Prepared","Predator+1","Quick Slash+1","Infinite Blades+1","Noxious Fumes","Crippling Poison+1","Noxious Fumes","Noxious Fumes+1","Backflip","Well Laid Plans+1","Expertise","Cloak And Dagger","Acrobatics"],"relics":["Ring of the Snake","NeowsBlessing","Blood Vial","Blue Candle","Bag of Marbles","Strawberry","Busted Crown","Whetstone","Pen Nib","Prayer Wheel","Bag of Preparation","Chemical X","Red Mask","Frozen Egg 2","Coffee Dripper","Kunai","Ornamental Fan"],"potions_floor_usage":[10,16,27,33,33,42,42],"damage_taken":[{"damage":0,"enemies":"Small Slimes","floor":1,"turns":1},{"damage":0,"enemies":"Lagavulin","floor":6,"turns":1},{"damage":0,"enemies":"Gremlin Nob","floor":8,"turns":1},{"damage":25,"enemies":"3 Sentries","floor":10,"turns":11},{"damage":0,"enemies":"Jaw Worm","floor":11,"turns":4},{"damage":0,"enemies":"2 Louse","floor":14,"turns":5},{"damage":9,"enemies":"The Guardian","floor":16,"turns":11},{"damage":12,"enemies":"2 Thieves","floor":18,"turns":4},{"damage":0,"enemies":"Chosen","floor":20,"turns":6},{"damage":2,"enemies":"Snake Plant","floor":22,"turns":6},{"damage":8,"enemies":"Book of Stabbing","floor":23,"turns":7},{"damage":30,"enemies":"Slavers","floor":27,"turns":3},{"damage":0,"enemies":"Masked Bandits","floor":29,"turns":1},{"damage":14,"enemies":"Book of Stabbing","floor":31,"turns":8},{"damage":29,"enemies":"Champ","floor":33,"turns":12},{"damage":0,"enemies":"3 Shapes","floor":35,"turns":2},{"damage":6,"enemies":"3 Darklings","floor":38,"turns":4},{"damage":0,"enemies":"4 Shapes","floor":41,"turns":6},{"damage":28,"enemies":"Giant Head","floor":42,"turns":8},{"damage":0,"enemies":"Sphere and 2 Shapes","floor":44,"turns":6},{"damage":26,"enemies":"Maw","floor":48,"turns":8},{"damage":24,"enemies":"Time Eater","floor":50,"turns":1}],"seed_played":"6226600786918929228","potions_obtained":[{"floor":6,"key":"Fire Potion"},{"floor":8,"key":"Energy Potion"},{"floor":10,"key":"PowerPotion"},{"floor":22,"key":"Swift Potion"},{"floor":31,"key":"SkillPotion"},{"floor":35,"key":"SpeedPotion"},{"floor":38,"key":"EssenceOfSteel"},{"floor":48,"key":"AttackPotion"}],"is_trial":false,"path_per_floor":["M","?","?","?","?","E","R","E","T","E","M","$","R","M","R","B",null,"M","?","M","?","M","E","R","$","T","E","$","?","?","E","R","B",null,"M","$","?","M","?","R","M","E","T","M","?","T","R","M","R","B"],"character_chosen":"THE_SILENT","items_purchased":["HandOfGreed","Pen Nib","Noxious Fumes","Chemical X","Crippling Poison","Noxious Fumes+1"],"campfire_rested":2,"item_purchase_floors":[12,25,28,28,28,36],"current_hp_per_floor":[59,52,32,32,21,21,40,42,42,26,28,28,28,30,30,23,61,51,51,53,53,53,47,47,47,47,19,19,21,21,9,30,3,56,58,58,58,54,54,54,56,30,30,32,32,32,32,8,8,0],"gold":550,"neow_bonus":"THREE_ENEMY_KILL","is_prod":false,"is_daily":false,"chose_seed":false,"campfire_upgraded":5,"win_rate":0,"timestamp":1566065060,"path_taken":["M","?","?","?","?","E","R","E","T","E","M","$","R","?","R","BOSS","M","?","M","?","?","E","R","$","T","E","$","?","?","E","R","BOSS","M","$","?","?","?","R","M","E","T","M","?","?","R","M","R","BOSS"],"build_version":"2019-07-17","purchased_purges":2,"victory":false,"max_hp_per_floor":[66,66,66,66,66,66,66,66,66,73,73,73,73,73,73,73,73,73,73,73,73,73,73,73,73,73,73,73,73,73,73,73,73,73,73,73,73,73,69,69,69,69,69,69,69,69,69,69,69,69],"card_choices":[{"not_picked":["Riddle With Holes","Caltrops"],"picked":"Poisoned Stab","floor":1},{"not_picked":["Eviscerate","Dodge and Roll"],"picked":"Cloak And Dagger","floor":6},{"not_picked":["Prepared","Backflip"],"picked":"Flying Knee","floor":8},{"not_picked":["Skewer","Eviscerate"],"picked":"Poisoned Stab","floor":10},{"not_picked":["Blur","Underhanded Strike"],"picked":"All Out Attack","floor":11},{"not_picked":["Blade Dance","Eviscerate"],"picked":"Backflip","floor":14},{"not_picked":["Malaise","Tools of the Trade"],"picked":"Corpse Explosion","floor":16},{"not_picked":["Setup"],"picked":"SKIP","floor":18},{"not_picked":["Flechettes"],"picked":"SKIP","floor":20},{"not_picked":[],"picked":"Predator","floor":22},{"not_picked":[],"picked":"Quick Slash","floor":23},{"not_picked":[],"picked":"Infinite Blades+1","floor":27},{"not_picked":[],"picked":"Noxious Fumes","floor":29},{"not_picked":["Corpse Explosion"],"picked":"SKIP","floor":31},{"not_picked":["Infinite Blades+1"],"picked":"SKIP","floor":35},{"not_picked":["Bane"],"picked":"SKIP","floor":35},{"not_picked":[],"picked":"Backflip","floor":38},{"not_picked":["Prepared"],"picked":"SKIP","floor":38},{"not_picked":[],"picked":"Well Laid Plans+1","floor":41},{"not_picked":[],"picked":"Expertise","floor":41},{"not_picked":["Accuracy+1"],"picked":"SKIP","floor":42},{"not_picked":[],"picked":"Cloak And Dagger","floor":44},{"not_picked":[],"picked":"Acrobatics","floor":44},{"not_picked":["Dagger Spray"],"picked":"SKIP","floor":48},{"not_picked":["Unload"],"picked":"SKIP","floor":48}],"player_experience":2381842,"relics_obtained":[{"floor":6,"key":"Blood Vial"},{"floor":8,"key":"Blue Candle"},{"floor":9,"key":"Bag of Marbles"},{"floor":10,"key":"Strawberry"},{"floor":23,"key":"Whetstone"},{"floor":26,"key":"Prayer Wheel"},{"floor":27,"key":"Bag of Preparation"},{"floor":29,"key":"Red Mask"},{"floor":31,"key":"Frozen Egg 2"},{"floor":42,"key":"Kunai"},{"floor":46,"key":"Ornamental Fan"}],"event_choices":[{"cards_removed":["Strike_G"],"damage_healed":0,"gold_gain":0,"player_choice":"Card Removal","damage_taken":7,"max_hp_gain":0,"max_hp_loss":0,"event_name":"Golden Wing","floor":2,"gold_loss":0},{"damage_healed":0,"gold_gain":0,"player_choice":"Entered Light","damage_taken":20,"max_hp_gain":0,"max_hp_loss":0,"event_name":"Shining Light","floor":3,"gold_loss":0,"cards_upgraded":["Defend_G","Defend_G"]},{"damage_healed":0,"gold_gain":0,"cards_transformed":["Defend_G"],"player_choice":"Change","damage_taken":0,"max_hp_gain":0,"max_hp_loss":0,"event_name":"Living Wall","floor":4,"gold_loss":0,"cards_obtained":["Malaise"]},{"damage_healed":0,"gold_gain":75,"player_choice":"Gather Gold","damage_taken":11,"max_hp_gain":0,"max_hp_loss":0,"event_name":"World of Goop","floor":5,"gold_loss":0},{"damage_healed":0,"gold_gain":50,"player_choice":"Stole From Cult","damage_taken":0,"max_hp_gain":0,"max_hp_loss":0,"event_name":"Nest","floor":19,"gold_loss":0},{"damage_healed":0,"gold_gain":0,"cards_transformed":["Strike_G","Strike_G"],"player_choice":"Became Test Subject","damage_taken":0,"max_hp_gain":0,"max_hp_loss":0,"event_name":"Drug Dealer","floor":21,"gold_loss":0,"cards_obtained":["Prepared","Tactician"]},{"damage_healed":0,"gold_gain":0,"player_choice":"Fought Bandits","damage_taken":0,"max_hp_gain":0,"max_hp_loss":0,"event_name":"Masked Bandits","floor":29,"gold_loss":0},{"damage_healed":0,"gold_gain":0,"player_choice":"Ignored","damage_taken":0,"max_hp_gain":0,"max_hp_loss":0,"event_name":"Vampires","floor":30,"gold_loss":0},{"damage_healed":0,"gold_gain":0,"player_choice":"0 cards matched","damage_taken":0,"max_hp_gain":0,"max_hp_loss":0,"event_name":"Match and Keep!","floor":37,"gold_loss":0,"cards_obtained":[]},{"damage_healed":0,"gold_gain":0,"player_choice":"Max HP","damage_taken":0,"max_hp_gain":0,"max_hp_loss":4,"event_name":"Winding Halls","floor":39,"gold_loss":0},{"damage_healed":0,"gold_gain":222,"player_choice":"Wore Mask","damage_taken":0,"max_hp_gain":0,"max_hp_loss":0,"event_name":"Tomb of Lord Red Mask","floor":45,"gold_loss":0}],"is_beta":false,"boss_relics":[{"not_picked":["Black Star","Calling Bell"],"picked":"Busted Crown"},{"not_picked":["Sozu","Orrery"],"picked":"Coffee Dripper"}],"items_purged_floors":[12,36],"is_endless":false,"potions_floor_spawned":[6,8,10,22,23,31,35,38,48],"killed_by":"Time Eater","ascension_level":20}