{"gold_per_floor":[118,137,147,157,157,186,186,221,221,233,243,253,253,271,271,271],"floor_reached":16,"playtime":1346,"items_purged":[],"score":162,"play_id":"ffc2c8ae-3e56-4ae4-88a4-7c28273c9dbd","local_time":"20190618183337","is_ascension_mode":true,"campfire_choices":[{"data":"Madness","floor":7,"key":"SMITH"},{"floor":15,"key":"REST"}],"neow_cost":"NONE","seed_source_timestamp":594528775363318,"circlet_count":0,"master_deck":["Strike_B","Strike_B","Strike_B","Strike_B","Defend_B","Defend_B","Defend_B","Defend_B","Zap","Dualcast","Madness+1","Defragment+1","Genetic Algorithm","Rip and Tear","Steam","Melter","Consume","FTL","Go for the Eyes","Capacitor"],"relics":["Cracked Core","Bag of Marbles","Unceasing Top","Kunai","Bottled Lightning"],"potions_floor_usage":[8,8,14],"damage_taken":[{"damage":0,"enemies":"Small Slimes","floor":1,"turns":2},{"damage":0,"enemies":"Cultist","floor":2,"turns":3},{"damage":9,"enemies":"2 Louse","floor":3,"turns":3},{"damage":14,"enemies":"Looter","floor":4,"turns":4},{"damage":30,"enemies":"Gremlin Nob","floor":6,"turns":4},{"damage":18,"enemies":"3 Sentries","floor":8,"turns":8},{"damage":0,"enemies":"2 Fungi Beasts","floor":10,"turns":2},{"damage":0,"enemies":"Large Slime","floor":11,"turns":4},{"damage":2,"enemies":"Blue Slaver","floor":12,"turns":3},{"damage":4,"enemies":"Exordium Thugs","floor":14,"turns":3},{"damage":30,"enemies":"The Guardian","floor":16,"turns":8}],"seed_played":"8323437624937415000","potions_obtained":[{"floor":1,"key":"Poison Potion"},{"floor":3,"key":"Dexterity Potion"},{"floor":6,"key":"Regen Potion"},{"floor":12,"key":"Block Potion"},{"floor":14,"key":"Energy Potion"}],"is_trial":false,"path_per_floor":["M","M","M","M","?","E","R","E","T","M","M","M","?","M","R","B"],"character_chosen":"DEFECT","items_purchased":[],"campfire_rested":1,"item_purchase_floors":[],"current_hp_per_floor":[68,68,59,45,45,15,15,12,12,12,12,10,10,6,28,0],"gold":271,"neow_bonus":"RANDOM_COLORLESS","is_prod":false,"is_daily":false,"chose_seed":false,"campfire_upgraded":1,"win_rate":0,"timestamp":1560900817,"path_taken":["M","M","M","M","?","E","R","E","T","M","M","?","?","?","R","BOSS"],"build_version":"2019-01-23","purchased_purges":0,"victory":false,"max_hp_per_floor":[75,75,75,75,75,75,75,75,75,75,75,75,75,75,75,75],"card_choices":[{"not_picked":["Ball Lightning","Static Discharge"],"picked":"Defragment","floor":1},{"not_picked":["Streamline","Coolheaded"],"picked":"Genetic Algorithm","floor":2},{"not_picked":["Undo","Streamline","Hologram"],"picked":"SKIP","floor":3},{"not_picked":["Skim","Rebound"],"picked":"Rip and Tear","floor":4},{"not_picked":["Static Discharge","Coolheaded"],"picked":"Steam","floor":6},{"not_picked":["Blizzard","Meteor Strike"],"picked":"Melter","floor":8},{"not_picked":["Reprogram","Beam Cell"],"picked":"Consume","floor":10},{"not_picked":["Chill","Genetic Algorithm"],"picked":"FTL","floor":11},{"not_picked":["Compile Driver","Rebound"],"picked":"Go for the Eyes","floor":12},{"not_picked":["Steam","Stack"],"picked":"Capacitor","floor":14}],"player_experience":213003,"relics_obtained":[{"floor":6,"key":"Unceasing Top"},{"floor":8,"key":"Kunai"},{"floor":9,"key":"Bottled Lightning"}],"event_choices":[{"damage_healed":0,"gold_gain":0,"player_choice":"Gave Potion","damage_taken":0,"relics_obtained":["Bag of Marbles"],"max_hp_gain":0,"max_hp_loss":0,"event_name":"WeMeetAgain","floor":5,"gold_loss":0},{"damage_healed":0,"gold_gain":0,"player_choice":"Upgraded","damage_taken":0,"max_hp_gain":0,"max_hp_loss":0,"event_name":"Upgrade Shrine","floor":13,"gold_loss":0,"cards_upgraded":["Defragment"]}],"is_beta":false,"boss_relics":[],"items_purged_floors":[],"is_endless":false,"potions_floor_spawned":[1,3,6,12,14],"killed_by":"The Guardian","ascension_level":8}