{"gold_per_floor":[119,119,135,153,153,188,188,216,242,242,312,117,82,102,102,102],"floor_reached":16,"playtime":471,"items_purged":["Strike_G"],"score":200,"play_id":"15f8cde4-38f4-433b-9cdb-7cf9cf07aabc","local_time":"20190716203746","is_ascension_mode":true,"campfire_choices":[{"data":"Malaise","floor":7.0,"key":"SMITH"},{"floor":10,"key":"REST"},{"data":"Dagger Spray","floor":15,"key":"SMITH"}],"neow_cost":"NONE","seed_source_timestamp":595241445552682,"circlet_count":0,"master_deck":["AscendersBane","Strike_G","Strike_G","Strike_G","Defend_G","Defend_G","Defend_G","Defend_G","Defend_G","Survivor","Neutralize","Riddle With Holes","Bouncing Flask","Endless Agony","Malaise+1","Dagger Spray+1","Well Laid Plans","Leg Sweep","Footwork"],"special_seed":0,"relics":["Ring of the Snake","NeowsBlessing","Potion Belt","Lantern","Bag of Preparation","Bottled Flame"],"potions_floor_usage":[10],"damage_taken":[{"damage":0.0,"enemies":"2 Louse","floor":1.0,"turns":1.0},{"damage":0.0,"enemies":"Small Slimes","floor":3.0,"turns":1.0},{"damage":0.0,"enemies":"Jaw Worm","floor":4.0,"turns":1.0},{"damage":26.0,"enemies":"Lagavulin","floor":6.0,"turns":6.0},{"damage":32.0,"enemies":"3 Sentries","floor":8.0,"turns":10.0},{"damage":0,"enemies":"Blue Slaver","floor":14,"turns":3},{"damage":64,"enemies":"Slime Boss","floor":16,"turns":9}],"seed_played":"7927607269984310474","potions_obtained":[{"floor":4.0,"key":"Weak Potion"},{"floor":6.0,"key":"FairyPotion"},{"floor":8.0,"key":"Fruit Juice"}],"is_trial":false,"path_per_floor":["M","?","M","M","?","E","R","E","T","R","T","$","?","M","R","B"],"character_chosen":"THE_SILENT","items_purchased":["Well Laid Plans","Leg Sweep"],"campfire_rested":1,"item_purchase_floors":[12,12],"current_hp_per_floor":[59,64,64,64,57,31,31,7,7,34,34,34,53,53,53,0],"gold":102,"neow_bonus":"THREE_ENEMY_KILL","is_prod":false,"is_daily":false,"chose_seed":false,"campfire_upgraded":2,"win_rate":0,"timestamp":1563327466,"path_taken":["M","?","M","M","?","E","R","E","T","R","?","$","?","?","R","BOSS"],"build_version":"2019-07-05","purchased_purges":1,"victory":false,"max_hp_per_floor":[66,71,71,71,71,71,71,71,71,76,76,76,76,76,76,76],"card_choices":[{"not_picked":["Backflip","Eviscerate"],"picked":"Riddle With Holes","floor":1.0},{"not_picked":["Tactician","Dagger Throw"],"picked":"Bouncing Flask","floor":3.0},{"not_picked":["Prepared","Outmaneuver"],"picked":"Endless Agony","floor":4.0},{"not_picked":["Dagger Spray","Prepared"],"picked":"Malaise","floor":6.0},{"not_picked":["Backflip","PiercingWail"],"picked":"Dagger Spray","floor":8.0},{"not_picked":["Bouncing Flask","Predator"],"picked":"Footwork","floor":14}],"player_experience":381298,"relics_obtained":[{"floor":6.0,"key":"Potion Belt"},{"floor":8.0,"key":"Lantern"},{"floor":9.0,"key":"Bag of Preparation"},{"floor":11,"key":"Bottled Flame"}],"event_choices":[{"damage_healed":0.0,"max_hp_gain":5.0,"max_hp_loss":0.0,"gold_gain":0.0,"event_name":"Big Fish","player_choice":"Donut","floor":2.0,"gold_loss":0.0,"damage_taken":0.0},{"cards_removed":["Strike_G"],"damage_healed":0.0,"max_hp_gain":0.0,"max_hp_loss":0.0,"gold_gain":0.0,"event_name":"Golden Wing","player_choice":"Card Removal","floor":5.0,"gold_loss":0.0,"damage_taken":7.0},{"damage_healed":19,"gold_gain":0,"player_choice":"Healed","damage_taken":0,"max_hp_gain":0,"max_hp_loss":0,"event_name":"The Cleric","floor":13,"gold_loss":35}],"is_beta":false,"boss_relics":[],"items_purged_floors":[12],"is_endless":false,"potions_floor_spawned":[4,6,8],"killed_by":"Slime Boss","ascension_level":17}