{"gold_per_floor":[118,134,134,99,118,118,152,172,219,239,239,268,293,305,317,432,444,471,483,495,275,292,320,286,300,324,324,353,97,122,122],"floor_reached":31,"playtime":1341,"items_purged":["Writhe"],"score":394,"play_id":"0fbf6fa0-0c87-4f5d-bae4-dce7fe6bda87","local_time":"20190615140844","is_ascension_mode":true,"campfire_choices":[{"data":"Tempest","floor":6,"key":"SMITH"},{"data":"Zap","floor":11,"key":"SMITH"},{"floor":15,"key":"REST"},{"floor":27,"key":"REST"}],"neow_cost":"NONE","seed_source_timestamp":319440295152826,"circlet_count":0,"master_deck":["Strike_B","Strike_B","Strike_B","Strike_B","Defend_B+1","Defend_B+1","Defend_B","Defend_B","Zap+1","Dualcast","Ball Lightning+1","Tempest+1","Cold Snap","Conserve Battery","Chill","Fission","Creative AI","Glacier","Darkness+1","Sunder","Leap","Self Repair","FTL","Loop"],"relics":["Cracked Core","Darkstone Periapt","Centennial Puzzle","MawBank","Inserter","Sundial","War Paint","PreservedInsect","Oddly Smooth Stone","Bottled Lightning","Happy Flower"],"potions_floor_usage":[12,16,18,23,28],"damage_taken":[{"damage":0,"enemies":"Small Slimes","floor":1,"turns":3},{"damage":8,"enemies":"2 Louse","floor":2,"turns":2},{"damage":2,"enemies":"Jaw Worm","floor":5,"turns":3},{"damage":25,"enemies":"Lagavulin","floor":7,"turns":5},{"damage":14,"enemies":"Lots of Slimes","floor":8,"turns":3},{"damage":2,"enemies":"Red Slaver","floor":10,"turns":2},{"damage":8,"enemies":"Gremlin Nob","floor":12,"turns":3},{"damage":4,"enemies":"Large Slime","floor":13,"turns":4},{"damage":5,"enemies":"Hexaghost","floor":16,"turns":8},{"damage":7,"enemies":"3 Byrds","floor":18,"turns":4},{"damage":8,"enemies":"Shell Parasite","floor":22,"turns":7},{"damage":28,"enemies":"Book of Stabbing","floor":23,"turns":7},{"damage":20,"enemies":"Shelled Parasite and Fungi","floor":25,"turns":9},{"damage":16,"enemies":"Slavers","floor":28,"turns":3},{"damage":27,"enemies":"Book of Stabbing","floor":30,"turns":6},{"damage":16,"enemies":"Snake Plant","floor":31,"turns":1}],"seed_played":"5081777576027292000","potions_obtained":[{"floor":2,"key":"Swift Potion"},{"floor":8,"key":"Ancient Potion"},{"floor":10,"key":"Swift Potion"},{"floor":12,"key":"AttackPotion"},{"floor":22,"key":"Block Potion"},{"floor":23,"key":"FearPotion"},{"floor":25,"key":"PowerPotion"}],"is_trial":false,"path_per_floor":["M","M","?","?","M","R","E","M","T","M","R","E","M","?","R","B",null,"M","?","?","$","M","E","$","M","T","R","E","$","E","M"],"character_chosen":"DEFECT","items_purchased":["Darkness","Sunder","FTL","Bottled Lightning"],"campfire_rested":2,"item_purchase_floors":[21,21,24,29],"current_hp_per_floor":[75,67,67,82,80,80,55,41,41,39,39,31,27,11,35,30,69,62,62,68,68,60,32,32,19,19,45,36,36,16,0],"gold":122,"neow_bonus":"TEN_PERCENT_HP_BONUS","is_prod":false,"is_daily":false,"chose_seed":false,"campfire_upgraded":2,"win_rate":0,"timestamp":1560625724,"path_taken":["M","M","?","?","M","R","E","M","T","M","R","E","M","?","R","BOSS","M","?","?","$","M","E","?","?","T","R","E","?","E","M"],"build_version":"2019-01-23","purchased_purges":1,"victory":false,"max_hp_per_floor":[82,82,82,82,82,82,82,82,82,82,82,82,82,82,82,82,82,82,82,88,88,88,88,88,88,88,88,88,88,88,88],"card_choices":[{"not_picked":["Genetic Algorithm","Stack"],"picked":"Ball Lightning","floor":1},{"not_picked":["Undo","Melter"],"picked":"Tempest","floor":2},{"not_picked":["Double Energy","Go for the Eyes"],"picked":"Cold Snap","floor":5},{"not_picked":["Tempest","Gash"],"picked":"Conserve Battery","floor":7},{"not_picked":["Chaos","Stack","Turbo"],"picked":"SKIP","floor":8},{"not_picked":["Compile Driver","Cold Snap"],"picked":"Chill","floor":10},{"not_picked":["Turbo","Auto Shields"],"picked":"Fission","floor":12},{"not_picked":["Sweeping Beam","Barrage","Hologram"],"picked":"SKIP","floor":13},{"not_picked":["Biased Cognition","Seek"],"picked":"Creative AI","floor":16},{"not_picked":["Gash","Skim","Turbo"],"picked":"SKIP","floor":18},{"not_picked":["Streamline","Gash+1"],"picked":"Leap","floor":22},{"not_picked":["Doom and Gloom","Storm"],"picked":"Self Repair","floor":23},{"not_picked":["Lockon","Stack","Conserve Battery"],"picked":"SKIP","floor":25},{"not_picked":["Gash","Thunder Strike","Hologram+1"],"picked":"SKIP","floor":28},{"not_picked":["Skim+1","Double Energy"],"picked":"Loop","floor":30}],"player_experience":184223,"relics_obtained":[{"floor":7,"key":"Darkstone Periapt"},{"floor":9,"key":"Centennial Puzzle"},{"floor":12,"key":"MawBank"},{"floor":23,"key":"War Paint"},{"floor":26,"key":"PreservedInsect"},{"floor":28,"key":"Oddly Smooth Stone"},{"floor":30,"key":"Happy Flower"}],"event_choices":[{"damage_healed":0,"gold_gain":0,"player_choice":"Ignored","damage_taken":0,"max_hp_gain":0,"max_hp_loss":0,"event_name":"Golden Wing","floor":3,"gold_loss":0},{"damage_healed":20,"gold_gain":0,"player_choice":"Healed","damage_taken":0,"max_hp_gain":0,"max_hp_loss":0,"event_name":"The Cleric","floor":4,"gold_loss":35},{"damage_healed":0,"gold_gain":0,"player_choice":"Entered Light","damage_taken":16,"max_hp_gain":0,"max_hp_loss":0,"event_name":"Shining Light","floor":14,"gold_loss":0,"cards_upgraded":["Ball Lightning","Defend_B"]},{"damage_healed":0,"gold_gain":0,"player_choice":"Read","damage_taken":0,"max_hp_gain":0,"max_hp_loss":0,"event_name":"The Library","floor":19,"gold_loss":0,"cards_obtained":["Glacier"]},{"damage_healed":0,"gold_gain":0,"player_choice":"Opened","damage_taken":0,"relics_obtained":["Sundial"],"max_hp_gain":0,"max_hp_loss":0,"event_name":"The Mausoleum","floor":20,"gold_loss":0,"cards_obtained":["Writhe"]}],"is_beta":false,"boss_relics":[{"not_picked":["Empty Cage","Calling Bell"],"picked":"Inserter"}],"items_purged_floors":[21],"is_endless":false,"potions_floor_spawned":[2,8,10,12,22,23,25],"killed_by":"Snake Plant","ascension_level":6}