{"gold_per_floor":[113,188,198,198,348,375,375,404,479,489,489,489],"floor_reached":12,"playtime":358,"items_purged":[],"score":151,"play_id":"17a8804f-6d10-4845-9f13-c2fbfb26c154","local_time":"20190705203618","is_ascension_mode":true,"campfire_choices":[{"data":"Bash","floor":7.0,"key":"SMITH"}],"neow_cost":"NONE","seed_source_timestamp":1296896950718993,"circlet_count":0,"master_deck":["AscendersBane","Strike_R+1","Strike_R+1","Strike_R","Strike_R","Strike_R","Defend_R","Defend_R","Defend_R","Defend_R","Bash+1","Shrug It Off","Wild Strike+1","Doubt","Shockwave","Perfected Strike"],"special_seed":0,"relics":["Burning Blood","Omamori","FossilizedHelix","Meat on the Bone"],"potions_floor_usage":[12],"damage_taken":[{"damage":13.0,"enemies":"Jaw Worm","floor":1.0,"turns":4.0},{"damage":4.0,"enemies":"Small Slimes","floor":3.0,"turns":5.0},{"damage":22.0,"enemies":"3 Sentries","floor":6.0,"turns":10.0},{"damage":30.0,"enemies":"Gremlin Nob","floor":8.0,"turns":5.0},{"damage":0.0,"enemies":"2 Louse","floor":10.0,"turns":2.0},{"damage":12,"enemies":"3 Sentries","floor":12,"turns":4}],"seed_played":"-8361776400124565465","potions_obtained":[{"floor":1.0,"key":"SkillPotion"},{"floor":3.0,"key":"LiquidBronze"}],"is_trial":false,"path_per_floor":["M","?","M","?","?","E","R","E","T","M","?","E"],"character_chosen":"IRONCLAD","items_purchased":[],"campfire_rested":0,"item_purchase_floors":[],"current_hp_per_floor":[68,57,59,59,59,43,43,19,19,37,12,0],"gold":489,"neow_bonus":"TEN_PERCENT_HP_BONUS","is_prod":false,"is_daily":false,"chose_seed":false,"campfire_upgraded":1,"win_rate":0,"timestamp":1562376978,"path_taken":["M","?","M","?","?","E","R","E","T","M","?","E"],"build_version":"2019-07-05","purchased_purges":0,"victory":false,"max_hp_per_floor":[82,82,82,82,82,82,82,82,82,82,82,82],"card_choices":[{"not_picked":["Rage","Ghostly Armor"],"picked":"Shrug It Off","floor":1.0},{"not_picked":["Iron Wave","Anger"],"picked":"Wild Strike","floor":3.0},{"not_picked":["Second Wind","Feel No Pain"],"picked":"Shockwave","floor":6.0},{"not_picked":["Shrug It Off","Body Slam"],"picked":"Perfected Strike","floor":8.0},{"not_picked":["Cleave","Searing Blow","Flex"],"picked":"SKIP","floor":10.0}],"player_experience":348284,"relics_obtained":[{"floor":6.0,"key":"Omamori"},{"floor":8.0,"key":"FossilizedHelix"},{"floor":9.0,"key":"Meat on the Bone"}],"event_choices":[{"damage_healed":0.0,"max_hp_gain":0.0,"max_hp_loss":0.0,"gold_gain":75.0,"event_name":"World of Goop","player_choice":"Gather Gold","floor":2.0,"gold_loss":0.0,"damage_taken":11.0},{"damage_healed":0.0,"max_hp_gain":0.0,"max_hp_loss":0.0,"gold_gain":0.0,"event_name":"Living Wall","player_choice":"Grow","floor":4.0,"gold_loss":0.0,"damage_taken":0.0,"cards_upgraded":["Wild Strike"]},{"damage_healed":0.0,"max_hp_gain":0.0,"max_hp_loss":0.0,"gold_gain":150.0,"event_name":"Liars Game","player_choice":"AGREE","floor":5.0,"gold_loss":0.0,"damage_taken":0.0,"cards_obtained":["Doubt"]},{"damage_healed":0.0,"max_hp_gain":0.0,"max_hp_loss":0.0,"gold_gain":0.0,"event_name":"Shining Light","player_choice":"Entered Light","floor":11.0,"gold_loss":0.0,"damage_taken":25.0,"cards_upgraded":["Strike_R","Strike_R"]}],"is_beta":false,"boss_relics":[],"items_purged_floors":[],"is_endless":false,"potions_floor_spawned":[1,3],"killed_by":"3 Sentries","ascension_level":15}