{"gold_per_floor":[114,133,143,155,173,201,201,201,201,226,22,22,40,55,55,159,159,172,156,156,78,95,108,108,17,17,31,43,43,77,93,93,190,190,203,203,215,215,215,215,243,257,257,267,65,165,194,212,212,212],"floor_reached":51,"playtime":16457,"items_purged":["Strike_G","Strike_G","Parasite"],"score":718,"play_id":"500d5cc7-7e29-465b-ba10-0405e8157b78","local_time":"20190818010510","is_ascension_mode":false,"campfire_choices":[{"data":"Footwork","floor":7.0,"key":"SMITH"},{"data":"Neutralize","floor":12.0,"key":"SMITH"},{"data":"Predator","floor":15.0,"key":"SMITH"},{"data":"Corpse Explosion","floor":24.0,"key":"SMITH"},{"data":"Venomology","floor":29,"key":"SMITH"},{"data":"Backflip","floor":32,"key":"SMITH"},{"data":"Madness","floor":40,"key":"SMITH"},{"data":"Noxious Fumes","floor":49,"key":"SMITH"}],"neow_cost":"NONE","seed_source_timestamp":155424620230300,"circlet_count":0,"master_deck":["Strike_G","Strike_G","Defend_G","Defend_G","Defend_G","Defend_G","Defend_G","Survivor","Neutralize+1","Footwork+1","Backflip","Well Laid Plans","Predator+1","Backflip+1","Malaise+1","Corpse Explosion+1","Crippling Poison+1","Venomology+1","After Image","Predator+1","Flechettes+1","Envenom","Dodge and Roll+1","Madness+1","Madness","Flechettes","Noxious Fumes+1","Catalyst","Deadly Poison+1"],"special_seed":0,"relics":["Cursed Key","Ginger","Torii","Tough Bandages","Membership Card","Lizard Tail","Mercury Hourglass","Velvet Choker","Paper Crane","HandDrill","Nunchaku","Sundial"],"potions_floor_usage":[28,30,33,33,41,42,42,44,48,50,50],"damage_taken":[{"damage":5.0,"enemies":"Jaw Worm","floor":1.0,"turns":5.0},{"damage":0.0,"enemies":"2 Louse","floor":2.0,"turns":3.0},{"damage":1.0,"enemies":"Cultist","floor":3.0,"turns":5.0},{"damage":4.0,"enemies":"3 Louse","floor":4.0,"turns":4.0},{"damage":0.0,"enemies":"2 Fungi Beasts","floor":5.0,"turns":5.0},{"damage":13.0,"enemies":"3 Sentries","floor":6.0,"turns":16.0},{"damage":9.0,"enemies":"Lagavulin","floor":10.0,"turns":17.0},{"damage":0.0,"enemies":"Large Slime","floor":13.0,"turns":7.0},{"damage":6.0,"enemies":"3 Louse","floor":14.0,"turns":3.0},{"damage":2.0,"enemies":"Hexaghost","floor":16.0,"turns":15.0},{"damage":11.0,"enemies":"Spheric Guardian","floor":18.0,"turns":10.0},{"damage":11.0,"enemies":"2 Thieves","floor":19.0,"turns":4.0},{"damage":1.0,"enemies":"Centurion and Healer","floor":22.0,"turns":10.0},{"damage":0.0,"enemies":"Chosen and Byrds","floor":23.0,"turns":6.0},{"damage":3.0,"enemies":"Cultist and Chosen","floor":27.0,"turns":5.0},{"damage":4,"enemies":"Sentry and Sphere","floor":28,"turns":9},{"damage":13,"enemies":"Gremlin Leader","floor":30,"turns":9},{"damage":0,"enemies":"3 Cultists","floor":31,"turns":2},{"damage":26,"enemies":"Collector","floor":33,"turns":10},{"damage":6,"enemies":"3 Darklings","floor":35,"turns":3},{"damage":12,"enemies":"3 Shapes","floor":37,"turns":3},{"damage":0,"enemies":"Reptomancer","floor":41,"turns":7},{"damage":0,"enemies":"Sphere and 2 Shapes","floor":42,"turns":4},{"damage":10,"enemies":"Spire Growth","floor":44,"turns":6},{"damage":0,"enemies":"Mind Bloom Boss Battle","floor":46,"turns":7},{"damage":2,"enemies":"Giant Head","floor":47,"turns":9},{"damage":6,"enemies":"Writhing Mass","floor":48,"turns":5},{"damage":10,"enemies":"Awakened One","floor":50,"turns":12}],"seed_played":"4900588736078746776","potions_obtained":[{"floor":1.0,"key":"Fruit Juice"},{"floor":2.0,"key":"SkillPotion"},{"floor":10.0,"key":"Dexterity Potion"},{"floor":13.0,"key":"Regen Potion"},{"floor":23.0,"key":"SneckoOil"},{"floor":27.0,"key":"PowerPotion"},{"floor":33,"key":"Block Potion"},{"floor":42,"key":"SkillPotion"}],"is_trial":false,"path_per_floor":["M","M","M","M","M","E","R","?","T","E","$","R","M","M","R","B",null,"M","M","?","$","M","M","R","$","T","M","M","R","E","M","R","B",null,"M","?","M","?","?","R","E","M","T","M","$","?","E","M","R","B",null],"character_chosen":"THE_SILENT","items_purchased":["Membership Card","Corpse Explosion","Venomology","Noxious Fumes","HandDrill"],"campfire_rested":0,"item_purchase_floors":[11,21,25,45,45],"current_hp_per_floor":[65,65,64,60,60,47,47,52,52,48,48,48,48,42,42,55,80,69,58,58,58,57,57,57,57,57,54,50,50,37,37,37,11,80,74,74,62,62,52,52,52,52,52,42,42,42,40,34,34,24],"gold":212,"neow_bonus":"BOSS_RELIC","is_prod":false,"is_daily":false,"chose_seed":false,"campfire_upgraded":8,"win_rate":0.0,"timestamp":1566115510,"path_taken":["M","M","M","M","M","E","R","?","T","E","$","R","M","M","R","BOSS","M","M","?","$","M","M","R","$","T","?","M","R","E","M","R","BOSS","M","?","M","?","?","R","E","M","T","M","$","?","E","M","R","BOSS"],"build_version":"2019-07-17","purchased_purges":3,"victory":true,"max_hp_per_floor":[70,70,70,70,70,70,70,75,75,80,80,80,80,80,80,80,80,80,80,80,80,80,80,80,80,80,80,80,80,80,80,80,80,80,80,80,80,80,80,80,80,80,80,80,77,77,77,77,77,77],"card_choices":[{"not_picked":["Prepared","Predator","Crippling Poison"],"picked":"SKIP","floor":1.0},{"not_picked":["Underhanded Strike","Prepared","Dagger Spray"],"picked":"SKIP","floor":2.0},{"not_picked":["Prepared","Quick Slash"],"picked":"Footwork","floor":3.0},{"not_picked":["Dagger Spray","Sucker Punch","Poisoned Stab"],"picked":"SKIP","floor":4.0},{"not_picked":["Sucker Punch","Reflex"],"picked":"Backflip","floor":5.0},{"not_picked":["Prepared","Wraith Form v2"],"picked":"Well Laid Plans","floor":6.0},{"not_picked":["Bouncing Flask","Dagger Spray"],"picked":"Predator","floor":10.0},{"not_picked":["Bane","Backstab"],"picked":"Backflip","floor":13.0},{"not_picked":["Blur","Backflip","Eviscerate"],"picked":"SKIP","floor":14.0},{"not_picked":["Bullet Time","Doppelganger"],"picked":"Malaise","floor":16.0},{"not_picked":["Flying Knee","All Out Attack","Dagger Throw"],"picked":"SKIP","floor":18.0},{"not_picked":["Blur","Sucker Punch","Dagger Spray"],"picked":"SKIP","floor":19.0},{"not_picked":["Poisoned Stab","Eviscerate","Skewer"],"picked":"SKIP","floor":22.0},{"not_picked":["Slice","Flying Knee"],"picked":"Crippling Poison+1","floor":23.0},{"not_picked":["Flechettes","Backflip+1"],"picked":"After Image","floor":27.0},{"not_picked":["PiercingWail+1","Infinite Blades+1"],"picked":"Predator+1","floor":28},{"not_picked":["Quick Slash","Deflect"],"picked":"Flechettes+1","floor":30},{"not_picked":["Dagger Spray+1","Bane","Acrobatics"],"picked":"SKIP","floor":31},{"not_picked":["Wraith Form v2","Die Die Die"],"picked":"Envenom","floor":33},{"not_picked":["Blade Dance","Terror+1","All Out Attack+1"],"picked":"SKIP","floor":35},{"not_picked":["Quick Slash+1","Deflect"],"picked":"Dodge and Roll+1","floor":37},{"not_picked":["Bouncing Flask+1","Caltrops+1"],"picked":"Flechettes","floor":41},{"not_picked":["Dodge and Roll","Slice","Eviscerate"],"picked":"SKIP","floor":42},{"not_picked":["Predator","Deadly Poison","Outmaneuver"],"picked":"SKIP","floor":44},{"not_picked":["A Thousand Cuts","Bane"],"picked":"Catalyst","floor":46},{"not_picked":["Prepared+1","Dagger Spray"],"picked":"Deadly Poison+1","floor":47},{"not_picked":["Crippling Poison","Predator","Caltrops"],"picked":"SKIP","floor":48}],"player_experience":185571,"relics_obtained":[{"floor":6.0,"key":"Ginger"},{"floor":9.0,"key":"Torii"},{"floor":10.0,"key":"Tough Bandages"},{"floor":30,"key":"Mercury Hourglass"},{"floor":41,"key":"Paper Crane"},{"floor":46,"key":"Nunchaku"},{"floor":47,"key":"Sundial"}],"event_choices":[{"damage_healed":0.0,"max_hp_gain":5.0,"max_hp_loss":0.0,"gold_gain":0.0,"event_name":"Big Fish","player_choice":"Donut","floor":8.0,"gold_loss":0.0,"damage_taken":0.0},{"damage_healed":0.0,"max_hp_gain":0.0,"max_hp_loss":0.0,"gold_gain":0.0,"event_name":"Accursed Blacksmith","player_choice":"Forge","floor":20.0,"gold_loss":0.0,"damage_taken":0.0,"cards_upgraded":["Malaise"]},{"cards_removed":["Strike_G"],"damage_healed":0,"gold_gain":0,"player_choice":"Removed Attack","damage_taken":0,"max_hp_gain":0,"max_hp_loss":0,"event_name":"Falling","floor":36,"gold_loss":0},{"damage_healed":0,"gold_gain":0,"player_choice":"Memory 1","damage_taken":0,"max_hp_gain":0,"max_hp_loss":0,"event_name":"SensoryStone","floor":38,"gold_loss":0},{"damage_healed":0,"gold_gain":0,"player_choice":"Embrace Madness","damage_taken":10,"max_hp_gain":0,"max_hp_loss":0,"event_name":"Winding Halls","floor":39,"gold_loss":0,"cards_obtained":["Madness","Madness"]},{"damage_healed":0,"gold_gain":0,"player_choice":"Fight","damage_taken":0,"max_hp_gain":0,"max_hp_loss":0,"event_name":"MindBloom","floor":46,"gold_loss":0}],"is_beta":false,"boss_relics":[{"not_picked":["Runic Dome","Ectoplasm"],"picked":"Lizard Tail"},{"not_picked":["Busted Crown","Calling Bell"],"picked":"Velvet Choker"}],"items_purged_floors":[21,25,45],"is_endless":false,"potions_floor_spawned":[1,2,10,13,23,27,33,37,42,47],"ascension_level":0}