{"gold_per_floor":[112,50,68,86,106,106,122,122,122,122,138,138,138],"floor_reached":13,"playtime":974,"items_purged":[],"score":154,"play_id":"213e638a-4ed4-4123-8e15-58eda5ab0267","local_time":"20190810143943","is_ascension_mode":true,"campfire_choices":[{"data":"Predator","floor":6,"key":"SMITH"},{"data":"Sucker Punch","floor":8,"key":"SMITH"},{"data":"Deadly Poison","floor":12,"key":"SMITH"}],"neow_cost":"NONE","seed_source_timestamp":183786850492200,"circlet_count":0,"master_deck":["AscendersBane","Strike_G","Strike_G","Strike_G","Strike_G","Strike_G","Defend_G","Defend_G","Defend_G","Defend_G","Defend_G","Survivor","Neutralize+1","Predator+1","PiercingWail","Deadly Poison+1","Deadly Poison","Sucker Punch+1","Pain","Calculated Gamble"],"relics":["Ring of the Snake","Paper Crane","WarpedTongs"],"potions_floor_usage":[5,5],"damage_taken":[{"damage":2,"enemies":"2 Louse","floor":1,"turns":3},{"damage":0,"enemies":"Cultist","floor":3,"turns":3},{"damage":3,"enemies":"Small Slimes","floor":4,"turns":4},{"damage":11,"enemies":"Exordium Thugs","floor":5,"turns":6},{"damage":4,"enemies":"Lots of Slimes","floor":7,"turns":6},{"damage":4,"enemies":"Blue Slaver","floor":11,"turns":3},{"damage":36,"enemies":"3 Sentries","floor":13,"turns":6}],"seed_played":"-7644082320313760869","potions_obtained":[{"floor":3,"key":"Energy Potion"},{"floor":4,"key":"Strength Potion"},{"floor":11,"key":"LiquidBronze"}],"is_trial":false,"path_per_floor":["M","?","M","M","M","R","M","R","T","?","M","R","E"],"character_chosen":"THE_SILENT","items_purchased":[],"campfire_rested":0,"item_purchase_floors":[],"current_hp_per_floor":[57,57,57,54,43,43,39,39,39,39,35,35,0],"gold":138,"neow_bonus":"UPGRADE_CARD","is_prod":false,"is_daily":false,"chose_seed":false,"campfire_upgraded":3,"win_rate":0,"timestamp":1565462383,"path_taken":["M","?","M","?","M","R","M","R","T","?","M","R","E"],"build_version":"2019-07-17","purchased_purges":0,"victory":false,"max_hp_per_floor":[66,66,66,66,66,66,66,66,66,66,66,66,66],"card_choices":[{"not_picked":["Dagger Throw","Blur"],"picked":"Predator","floor":1},{"not_picked":["Infinite Blades","Bane"],"picked":"PiercingWail","floor":3},{"not_picked":["Outmaneuver","Bane"],"picked":"Deadly Poison","floor":4},{"not_picked":["Concentrate","PiercingWail"],"picked":"Deadly Poison","floor":5},{"not_picked":["Phantasmal Killer","Underhanded Strike"],"picked":"Sucker Punch","floor":7},{"not_picked":["Quick Slash","Escape Plan"],"picked":"Calculated Gamble","floor":11}],"player_experience":2350038,"relics_obtained":[],"event_choices":[{"damage_healed":0,"gold_gain":0,"player_choice":"Paid Gold","damage_taken":0,"relics_obtained":["Paper Crane"],"max_hp_gain":0,"max_hp_loss":0,"event_name":"WeMeetAgain","floor":2,"gold_loss":62},{"damage_healed":0,"gold_gain":0,"player_choice":"Rummage","damage_taken":0,"relics_obtained":["WarpedTongs"],"max_hp_gain":0,"max_hp_loss":0,"event_name":"Accursed Blacksmith","floor":10,"gold_loss":0,"cards_obtained":["Pain"]}],"is_beta":false,"boss_relics":[],"items_purged_floors":[],"is_endless":false,"potions_floor_spawned":[3,4,11],"killed_by":"3 Sentries","ascension_level":20}