{"gold_per_floor":[111,131,131,0,16,16,41,41,41,41,41,41,61,77,77,155,155,125,25,25,25,36,36,55,55],"floor_reached":25,"playtime":1437,"items_purged":["Defend_G","Pain"],"score":402,"play_id":"Baalorlord-0dab4b58","local_time":"20190626161818","is_ascension_mode":true,"campfire_choices":[{"data":"Skewer","floor":6,"key":"SMITH"},{"data":"1","floor":8,"key":"LIFT"},{"data":"2","floor":10,"key":"LIFT"},{"data":"3","floor":12,"key":"LIFT"},{"data":"Neutralize","floor":15,"key":"SMITH"},{"data":"Ghostly","floor":23,"key":"SMITH"}],"neow_cost":"NONE","seed_source_timestamp":197497936008100,"circlet_count":0,"master_deck":["AscendersBane","Defend_G","Defend_G","Defend_G","Defend_G","Strike_G","Strike_G","Strike_G","Strike_G","Strike_G","Survivor","Neutralize+1","Dodge and Roll","Poisoned Stab","Skewer+1","Dodge and Roll","Masterful Stab","Malaise","Writhe","Parasite","Heel Hook","Ghostly","Ghostly","Ghostly+1","Calculated Gamble","Cloak And Dagger+1"],"relics":["Ring of the Snake","Girya","Gambling Chip","Calling Bell","Dodecahedron","Centennial Puzzle","Torii","GremlinMask"],"potions_floor_usage":[7,7,16,24,24,25],"damage_taken":[{"damage":4,"enemies":"Small Slimes","floor":1,"turns":4},{"damage":4,"enemies":"Cultist","floor":2,"turns":5},{"damage":0,"enemies":"2 Louse","floor":5,"turns":3},{"damage":17,"enemies":"Lagavulin","floor":7,"turns":5},{"damage":3,"enemies":"Exordium Thugs","floor":13,"turns":4},{"damage":0,"enemies":"Lots of Slimes","floor":14,"turns":4},{"damage":7,"enemies":"The Guardian","floor":16,"turns":14},{"damage":14,"enemies":"2 Thieves","floor":18,"turns":4},{"damage":0,"enemies":"Chosen","floor":22,"turns":2},{"damage":0,"enemies":"Centurion and Healer","floor":24,"turns":4},{"damage":41,"enemies":"Slavers","floor":25,"turns":8}],"seed_played":"-4285220753630254434","potions_obtained":[{"floor":1,"key":"Poison Potion"},{"floor":13,"key":"EssenceOfSteel"},{"floor":14,"key":"PowerPotion"},{"floor":22,"key":"Fire Potion"},{"floor":24,"key":"SpeedPotion"}],"is_trial":false,"path_per_floor":["M","M","?","$","M","R","E","R","T","R","?","R","M","M","R","B",null,"M","$","?","?","M","R","M","E"],"character_chosen":"THE_SILENT","items_purchased":["AttackPotion"],"campfire_rested":0,"item_purchase_floors":[4],"current_hp_per_floor":[61,57,62,62,62,62,45,45,45,45,45,45,42,42,42,35,67,53,53,38,38,38,38,38,0],"gold":55,"neow_bonus":"TEN_PERCENT_HP_BONUS","is_prod":false,"is_daily":false,"chose_seed":false,"campfire_upgraded":3,"win_rate":0,"timestamp":1561580298,"path_taken":["M","M","?","$","M","R","E","R","T","R","?","R","M","M","R","BOSS","M","$","?","?","M","R","?","E"],"build_version":"2019-01-23","purchased_purges":2,"victory":false,"max_hp_per_floor":[72,72,77,77,77,77,77,77,77,77,77,77,77,77,77,77,77,77,77,38,38,38,38,38,38],"card_choices":[{"not_picked":["Riddle With Holes","Acrobatics"],"picked":"Dodge and Roll","floor":1},{"not_picked":["Backflip","Choke"],"picked":"Poisoned Stab","floor":2},{"not_picked":["Acrobatics","Underhanded Strike"],"picked":"Skewer","floor":5},{"not_picked":["Outmaneuver","Reflex","Bouncing Flask"],"picked":"SKIP","floor":7},{"not_picked":["Sucker Punch","Prepared"],"picked":"Dodge and Roll","floor":13},{"not_picked":["Underhanded Strike","Flying Knee"],"picked":"Masterful Stab","floor":14},{"not_picked":["Burst","Doppelganger"],"picked":"Malaise","floor":16},{"not_picked":["Blade Dance","Underhanded Strike"],"picked":"Heel Hook","floor":18},{"not_picked":["Acrobatics","Masterful Stab+1"],"picked":"Calculated Gamble","floor":22},{"not_picked":["Footwork","Dagger Spray"],"picked":"Cloak And Dagger+1","floor":24}],"player_experience":2173510,"relics_obtained":[{"floor":7,"key":"Girya"},{"floor":9,"key":"Gambling Chip"},{"floor":17,"key":"Dodecahedron"},{"floor":17,"key":"Centennial Puzzle"},{"floor":17,"key":"Torii"}],"event_choices":[{"damage_healed":0,"gold_gain":0,"player_choice":"Donut","damage_taken":0,"max_hp_gain":5,"max_hp_loss":0,"event_name":"Big Fish","floor":3,"gold_loss":0},{"damage_healed":0,"gold_gain":0,"player_choice":"0 cards matched","damage_taken":0,"max_hp_gain":0,"max_hp_loss":0,"event_name":"Match and Keep!","floor":11,"gold_loss":0,"cards_obtained":[]},{"damage_healed":0,"gold_gain":0,"player_choice":"Became a Ghost","damage_taken":0,"max_hp_gain":0,"max_hp_loss":39,"event_name":"Ghosts","floor":20,"gold_loss":0,"cards_obtained":["Ghostly","Ghostly","Ghostly"]},{"damage_healed":0,"gold_gain":0,"player_choice":"Trade","damage_taken":0,"relics_obtained":["GremlinMask"],"max_hp_gain":0,"max_hp_loss":0,"event_name":"FaceTrader","floor":21,"gold_loss":0}],"is_beta":false,"boss_relics":[{"not_picked":["Fusion Hammer","Ectoplasm"],"picked":"Calling Bell"}],"items_purged_floors":[4,19],"is_endless":false,"potions_floor_spawned":[1,5,13,14,22,24],"killed_by":"Slavers","ascension_level":20}