{"gold_per_floor":[118,132,149,168,5,5,39,39,39,39,67,67,81,6,6,83,83,100,60,2,2,2,2,30,30,103,103,203,203,12,39,39,110,110,123,173,185,201,218,251,251,28,81,98,63,63,63,109,109,109,109,109,109,7,36,36],"floor_reached":56,"playtime":5057,"items_purged":["Strike_B"],"score":1934,"play_id":"9f2f469c-d5e3-4348-a455-aaa202ffbf95","local_time":"20190613175929","is_ascension_mode":true,"campfire_choices":[{"data":"Hyperbeam","floor":6,"key":"SMITH"},{"data":"Loop","floor":8,"key":"SMITH"},{"data":"Darkness","floor":15,"key":"SMITH"},{"data":"Leap","floor":23,"key":"SMITH"},{"floor":25,"key":"REST"},{"data":"Leap","floor":27,"key":"SMITH"},{"data":"Buffer","floor":32,"key":"SMITH"},{"floor":47,"key":"RECALL"},{"data":"Defragment","floor":49,"key":"SMITH"},{"data":"Buffer","floor":53,"key":"SMITH"}],"neow_cost":"NONE","seed_source_timestamp":375091342583300,"circlet_count":0,"master_deck":["AscendersBane","Strike_B+1","Defend_B","Defend_B","Defend_B","Defend_B","Zap","Dualcast","Darkness+1","Streamline+1","Cold Snap","Loop+1","Hyperbeam+1","Consume+1","Leap+1","Seek","Self Repair+1","Steam","Leap+1","Capacitor+1","Conserve Battery","Buffer+1","Recycle","Buffer+1","Coolheaded+1","Doom and Gloom+1","Compile Driver","Redo","Barrage+1","Defragment+1","Glacier","Coolheaded","Reinforced Body"],"relics":["Velvet Choker","Bottled Tornado","Juzu Bracelet","Runic Pyramid","Sundial","Gremlin Horn","Pear","Ice Cream","The Courier","Whetstone","Inserter","Pantograph","Symbiotic Virus","Ancient Tea Set","Bag of Marbles","Dodecahedron"],"potions_floor_usage":[7,11,24,28,31,33,38,55,56],"damage_taken":[{"damage":3,"enemies":"Small Slimes","floor":1,"turns":5},{"damage":7,"enemies":"Jaw Worm","floor":2,"turns":3},{"damage":4,"enemies":"2 Louse","floor":3,"turns":2},{"damage":6,"enemies":"Blue Slaver","floor":4,"turns":4},{"damage":0,"enemies":"3 Sentries","floor":7,"turns":4},{"damage":0,"enemies":"Lagavulin","floor":11,"turns":5},{"damage":0,"enemies":"Exordium Thugs","floor":13,"turns":2},{"damage":12,"enemies":"Hexaghost","floor":16,"turns":8},{"damage":12,"enemies":"Shell Parasite","floor":18,"turns":6},{"damage":38,"enemies":"Slavers","floor":24,"turns":4},{"damage":22,"enemies":"Colosseum Slavers","floor":28,"turns":4},{"damage":24,"enemies":"Colosseum Nobs","floor":28,"turns":4},{"damage":7,"enemies":"Book of Stabbing","floor":31,"turns":4},{"damage":5,"enemies":"Collector","floor":33,"turns":10},{"damage":0,"enemies":"Orb Walker","floor":35,"turns":6},{"damage":0,"enemies":"3 Shapes","floor":37,"turns":10},{"damage":24,"enemies":"Jaw Worm Horde","floor":38,"turns":4},{"damage":0,"enemies":"Maw","floor":39,"turns":9},{"damage":11,"enemies":"Giant Head","floor":40,"turns":9},{"damage":29,"enemies":"Transient","floor":44,"turns":6},{"damage":49,"enemies":"Awakened One","floor":50,"turns":18},{"damage":31,"enemies":"Time Eater","floor":51,"turns":8},{"damage":62,"enemies":"Shield and Spear","floor":55,"turns":7},{"damage":63,"enemies":"The Heart","floor":56,"turns":11}],"seed_played":"-2646897499916345418","potions_obtained":[{"floor":1,"key":"Explosive Potion"},{"floor":4,"key":"SkillPotion"},{"floor":7,"key":"Fire Potion"},{"floor":16,"key":"Strength Potion"},{"floor":19,"key":"Weak Potion"},{"floor":19,"key":"Ancient Potion"},{"floor":28,"key":"SpeedPotion"},{"floor":33,"key":"LiquidBronze"},{"floor":37,"key":"AttackPotion"},{"floor":44,"key":"Regen Potion"}],"is_trial":false,"path_per_floor":["M","M","M","M","$","R","E","R","T","?","E","?","M","?","R","B",null,"M","?","$","?","?","R","E","R","T","R","?","T","$","E","R","B",null,"M","?","M","M","M","E","?","$","T","M","$","?","R","T","R","B","B",null,"R","$","E","B"],"character_chosen":"DEFECT","items_purchased":["Hyperbeam","Steam","Block Potion","Conserve Battery","Buffer","Symbiotic Virus","Defragment","Glacier","Coolheaded"],"campfire_rested":1,"item_purchase_floors":[5,20,30,30,30,42,45,54,54],"current_hp_per_floor":[61,54,50,44,44,44,44,44,44,44,44,37,37,37,37,25,60,48,48,48,48,48,48,20,41,41,41,25,25,25,28,28,33,69,79,71,81,67,77,76,76,76,76,57,57,57,57,57,57,38,42,68,68,68,31,0],"gold":36,"neow_bonus":"BOSS_RELIC","is_prod":false,"is_daily":false,"chose_seed":false,"campfire_upgraded":8,"win_rate":0,"timestamp":1560463169,"path_taken":["M","M","M","M","$","R","E","R","T","?","E","?","M","?","R","BOSS","M","?","?","?","?","R","E","R","T","R","?","?","?","E","R","BOSS","M","?","M","M","M","E","?","$","T","M","$","?","R","?","R","BOSS","BOSS","R","$","E","BOSS"],"build_version":"2019-01-23","purchased_purges":1,"victory":false,"max_hp_per_floor":[71,71,71,71,71,71,71,71,71,71,71,71,71,71,71,71,71,71,71,71,71,71,71,71,71,71,71,81,81,81,81,81,81,81,81,81,81,81,81,81,77,77,77,77,77,77,77,77,77,77,77,77,77,77,77,77],"card_choices":[{"not_picked":["Aggregate","Leap"],"picked":"Darkness","floor":1},{"not_picked":["Go for the Eyes","Sweeping Beam"],"picked":"Streamline","floor":2},{"not_picked":["Barrage","Blizzard"],"picked":"Cold Snap","floor":3},{"not_picked":["Tempest","Conserve Battery"],"picked":"Loop","floor":4},{"not_picked":["Reprogram","Hologram"],"picked":"Consume","floor":7},{"not_picked":["Sweeping Beam","Heatsinks","Steam"],"picked":"SKIP","floor":11},{"not_picked":["Hologram","Sweeping Beam"],"picked":"Leap","floor":13},{"not_picked":["Hyperbeam","Reboot"],"picked":"Seek","floor":16},{"not_picked":["Doom and Gloom","Hologram"],"picked":"Self Repair","floor":18},{"not_picked":["Redo","Sweeping Beam"],"picked":"Leap","floor":24},{"not_picked":["Storm","Steam Power"],"picked":"Capacitor+1","floor":28},{"not_picked":["Rebound","Streamline"],"picked":"Recycle","floor":31},{"not_picked":["Meteor Strike","Fission"],"picked":"Buffer","floor":33},{"not_picked":["Auto Shields","Hologram"],"picked":"Coolheaded+1","floor":35},{"not_picked":["Steam","Turbo"],"picked":"Doom and Gloom+1","floor":37},{"not_picked":["Capacitor","Fusion"],"picked":"Compile Driver","floor":38},{"not_picked":["Sweeping Beam","Turbo","Heatsinks+1"],"picked":"SKIP","floor":39},{"not_picked":["Recycle+1","Self Repair"],"picked":"Redo","floor":40},{"not_picked":["Steam Power+1","Compile Driver+1"],"picked":"Barrage+1","floor":44},{"not_picked":["Storm","Ball Lightning+1"],"picked":"Reinforced Body","floor":55}],"player_experience":2108181,"relics_obtained":[{"floor":7,"key":"Bottled Tornado"},{"floor":11,"key":"Juzu Bracelet"},{"floor":24,"key":"Sundial"},{"floor":26,"key":"Gremlin Horn"},{"floor":28,"key":"Pear"},{"floor":28,"key":"Ice Cream"},{"floor":29,"key":"The Courier"},{"floor":31,"key":"Whetstone"},{"floor":40,"key":"Pantograph"},{"floor":43,"key":"Ancient Tea Set"},{"floor":48,"key":"Bag of Marbles"},{"floor":55,"key":"Dodecahedron"}],"event_choices":[{"damage_healed":0,"gold_gain":0,"player_choice":"Grow","damage_taken":0,"max_hp_gain":0,"max_hp_loss":0,"event_name":"Living Wall","floor":10,"gold_loss":0,"cards_upgraded":["Consume"]},{"cards_removed":["Strike_B"],"damage_healed":0,"gold_gain":0,"player_choice":"Card Removal","damage_taken":7,"max_hp_gain":0,"max_hp_loss":0,"event_name":"Golden Wing","floor":12,"gold_loss":0},{"cards_removed":["Strike_B"],"damage_healed":0,"gold_gain":0,"player_choice":"Card Removal","damage_taken":0,"max_hp_gain":0,"max_hp_loss":0,"event_name":"The Cleric","floor":14,"gold_loss":75},{"damage_healed":0,"gold_gain":0,"player_choice":"Bought 3 Potions","damage_taken":0,"max_hp_gain":0,"max_hp_loss":0,"event_name":"The Woman in Blue","floor":19,"gold_loss":0},{"damage_healed":0,"gold_gain":0,"player_choice":"Upgraded","damage_taken":0,"max_hp_gain":0,"max_hp_loss":0,"event_name":"Upgrade Shrine","floor":21,"gold_loss":0,"cards_upgraded":["Self Repair"]},{"damage_healed":0,"gold_gain":0,"player_choice":"Ignored","damage_taken":0,"max_hp_gain":0,"max_hp_loss":0,"event_name":"The Mausoleum","floor":22,"gold_loss":0},{"damage_healed":0,"gold_gain":0,"player_choice":"Fight","damage_taken":0,"max_hp_gain":0,"max_hp_loss":0,"event_name":"Colosseum","floor":28,"gold_loss":0},{"damage_healed":0,"gold_gain":0,"player_choice":"Fought Nobs","damage_taken":0,"max_hp_gain":0,"max_hp_loss":0,"event_name":"Colosseum","floor":28,"gold_loss":0},{"damage_healed":0,"gold_gain":50,"player_choice":"Touch","damage_taken":8,"max_hp_gain":0,"max_hp_loss":0,"event_name":"FaceTrader","floor":36,"gold_loss":0},{"damage_healed":0,"gold_gain":0,"player_choice":"Max HP","damage_taken":0,"max_hp_gain":0,"max_hp_loss":4,"event_name":"Winding Halls","floor":41,"gold_loss":0},{"damage_healed":0,"gold_gain":0,"player_choice":"Ignored","damage_taken":0,"max_hp_gain":0,"max_hp_loss":0,"event_name":"Mysterious Sphere","floor":46,"gold_loss":0}],"is_beta":false,"boss_relics":[{"not_picked":["Philosopher\u0027s Stone","Runic Dome"],"picked":"Runic Pyramid"},{"not_picked":["Snecko Eye","Cursed Key"],"picked":"Inserter"}],"items_purged_floors":[5],"is_endless":false,"potions_floor_spawned":[1,4,7,16,28,33,37,44],"killed_by":"The Heart","ascension_level":20}