{"gold_per_floor":[111,36,51,51,68,98,98,98,122,197,213,228,244,254,254,354,354,373,373,124,134,9,37,51,67,67,67,98,115,135,135],"floor_reached":31,"playtime":1049,"items_purged":["Strike_R","Body Slam","Barricade"],"score":306,"play_id":"1dab4f99-888e-4cbe-85e7-a14ed4e1b219","local_time":"20190807003816","is_ascension_mode":false,"campfire_choices":[{"data":"True Grit","floor":7,"key":"SMITH"},{"data":"Rampage","floor":15,"key":"SMITH"},{"floor":27,"key":"REST"}],"neow_cost":"NONE","seed_source_timestamp":104504041650754,"circlet_count":0,"master_deck":["Bash+1","Pommel Strike","True Grit+1","Rampage+1","Headbutt","Sentinel","Sever Soul","Hemokinesis","Evolve","Feed","Twin Strike","Dropkick","Dual Wield","True Grit"],"relics":["Burning Blood","Omamori","Red Skull","Happy Flower","Pandora\u0027s Box","Pen Nib","Sundial","Paper Frog"],"potions_floor_usage":[16,18,23,23,28,31],"damage_taken":[{"damage":5,"enemies":"Small Slimes","floor":1,"turns":4},{"damage":0,"enemies":"2 Louse","floor":3,"turns":2},{"damage":6,"enemies":"Cultist","floor":5,"turns":3},{"damage":40,"enemies":"3 Sentries","floor":6,"turns":8},{"damage":7,"enemies":"2 Fungi Beasts","floor":11,"turns":3},{"damage":13,"enemies":"Exordium Thugs","floor":12,"turns":4},{"damage":6,"enemies":"Exordium Wildlife","floor":13,"turns":5},{"damage":8,"enemies":"Lots of Slimes","floor":14,"turns":4},{"damage":29,"enemies":"Hexaghost","floor":16,"turns":8},{"damage":47,"enemies":"3 Byrds","floor":18,"turns":5},{"damage":14,"enemies":"2 Thieves","floor":21,"turns":3},{"damage":21,"enemies":"Gremlin Leader","floor":23,"turns":6},{"damage":0,"enemies":"Snake Plant","floor":24,"turns":2},{"damage":26,"enemies":"Cultist and Chosen","floor":25,"turns":5},{"damage":24,"enemies":"Book of Stabbing","floor":28,"turns":4},{"damage":19,"enemies":"Centurion and Healer","floor":29,"turns":5},{"damage":30,"enemies":"Snake Plant","floor":30,"turns":3},{"damage":8,"enemies":"Cultist and Chosen","floor":31,"turns":3}],"seed_played":"-7665631480767195476","potions_obtained":[{"floor":1,"key":"FearPotion"},{"floor":12,"key":"Weak Potion"},{"floor":14,"key":"Strength Potion"},{"floor":21,"key":"EssenceOfSteel"},{"floor":23,"key":"Ancient Potion"},{"floor":24,"key":"EssenceOfSteel"},{"floor":29,"key":"Ancient Potion"}],"is_trial":false,"path_per_floor":["M","$","M","?","M","E","R","?","T","?","M","M","M","M","R","B",null,"M","?","$","M","$","E","M","M","T","R","E","M","M","M"],"character_chosen":"IRONCLAD","items_purchased":["Dropkick","Regen Potion"],"campfire_rested":1,"item_purchase_floors":[20,20],"current_hp_per_floor":[80,80,80,80,80,46,46,51,51,40,39,32,32,30,30,7,85,47,47,47,42,42,42,51,31,31,59,41,31,7,0],"gold":135,"neow_bonus":"RANDOM_COMMON_RELIC","is_prod":false,"is_daily":false,"chose_seed":false,"campfire_upgraded":2,"win_rate":0,"timestamp":1565152696,"path_taken":["M","$","M","?","M","E","R","?","T","?","M","M","M","M","R","BOSS","M","?","$","M","$","E","M","M","T","R","E","?","M","M"],"build_version":"2019-07-17","purchased_purges":3,"victory":false,"max_hp_per_floor":[80,80,80,80,80,80,80,85,85,85,85,85,85,85,85,85,85,88,88,88,91,91,91,94,94,94,94,94,97,97,97],"card_choices":[{"not_picked":["Bloodletting","Reckless Charge"],"picked":"Pommel Strike","floor":1},{"not_picked":["Spot Weakness","Infernal Blade"],"picked":"True Grit","floor":3},{"not_picked":["Combust","Havoc"],"picked":"Rampage","floor":5},{"not_picked":["Pommel Strike","Pummel"],"picked":"Headbutt","floor":6},{"not_picked":["Juggernaut","Anger","Clash"],"picked":"SKIP","floor":11},{"not_picked":["Body Slam","Clash","Heavy Blade"],"picked":"SKIP","floor":12},{"not_picked":["Burning Pact","Thunderclap","Havoc"],"picked":"SKIP","floor":13},{"not_picked":["Shrug It Off","Cleave","Pommel Strike"],"picked":"SKIP","floor":14},{"not_picked":["Rupture","Ghostly Armor","Twin Strike"],"picked":"SKIP","floor":18},{"not_picked":["Rupture+1","Headbutt"],"picked":"Dual Wield","floor":21},{"not_picked":["Carnage+1","Thunderclap","Body Slam+1"],"picked":"SKIP","floor":23},{"not_picked":["Twin Strike","Armaments","Body Slam"],"picked":"SKIP","floor":24},{"not_picked":["Twin Strike","Armaments","Body Slam"],"picked":"SKIP","floor":24},{"not_picked":["Clothesline+1","Cleave"],"picked":"True Grit","floor":25},{"not_picked":["Armaments+1","Second Wind","Flex"],"picked":"SKIP","floor":28},{"not_picked":["Clothesline+1","Pommel Strike","Armaments"],"picked":"SKIP","floor":29},{"not_picked":["Heavy Blade","Perfected Strike","Limit Break"],"picked":"SKIP","floor":30}],"player_experience":756864,"relics_obtained":[{"floor":6,"key":"Red Skull"},{"floor":9,"key":"Happy Flower"},{"floor":23,"key":"Pen Nib"},{"floor":26,"key":"Sundial"},{"floor":28,"key":"Paper Frog"}],"event_choices":[{"damage_healed":0,"gold_gain":0,"player_choice":"Ignored","damage_taken":0,"max_hp_gain":0,"max_hp_loss":0,"event_name":"Liars Game","floor":4,"gold_loss":0},{"damage_healed":0,"gold_gain":0,"player_choice":"Donut","damage_taken":0,"max_hp_gain":5,"max_hp_loss":0,"event_name":"Big Fish","floor":8,"gold_loss":0},{"damage_healed":0,"gold_gain":75,"player_choice":"Gather Gold","damage_taken":11,"max_hp_gain":0,"max_hp_loss":0,"event_name":"World of Goop","floor":10,"gold_loss":0},{"damage_healed":0,"gold_gain":0,"player_choice":"Upgraded","damage_taken":0,"max_hp_gain":0,"max_hp_loss":0,"event_name":"Upgrade Shrine","floor":19,"gold_loss":0,"cards_upgraded":["Bash"]}],"is_beta":false,"boss_relics":[{"not_picked":["Snecko Eye","Lizard Tail"],"picked":"Pandora\u0027s Box"}],"items_purged_floors":[2,20,22],"is_endless":false,"potions_floor_spawned":[1,12,14,21,23,24,25,29],"killed_by":"Cultist and Chosen","ascension_level":0}