{"gold_per_floor":[211,136,147,222,20,20,45,62,62,62,87,102,102,72,72,72],"floor_reached":16,"playtime":782,"items_purged":["Strike_B"],"score":189,"play_id":"ee7a5233-9898-421c-ae42-c1a1c5b1e06e","local_time":"20190811224502","is_ascension_mode":true,"campfire_choices":[{"data":"Defragment","floor":6,"key":"SMITH"},{"floor":15,"key":"REST"}],"neow_cost":"NONE","seed_source_timestamp":529977509762064,"circlet_count":0,"master_deck":["AscendersBane","Strike_B","Strike_B","Defend_B","Defend_B","Defend_B","Defend_B","Zap","Dualcast","Sweeping Beam","Defragment+1","Coolheaded","Compile Driver","Coolheaded","Compile Driver","Glacier"],"relics":["Cracked Core","Ginger","Gambling Chip","Letter Opener"],"potions_floor_usage":[],"damage_taken":[{"damage":12,"enemies":"Jaw Worm","floor":1,"turns":3},{"damage":1,"enemies":"Small Slimes","floor":3,"turns":3},{"damage":26,"enemies":"Lagavulin","floor":7,"turns":9},{"damage":0,"enemies":"Cultist","floor":8,"turns":3},{"damage":3,"enemies":"3 Sentries","floor":11,"turns":9},{"damage":3,"enemies":"2 Fungi Beasts","floor":12,"turns":3},{"damage":2,"enemies":"Looter","floor":14,"turns":4},{"damage":29,"enemies":"Slime Boss","floor":16,"turns":7}],"seed_played":"-4500419826655055771","potions_obtained":[{"floor":3,"key":"GamblersBrew"},{"floor":8,"key":"Poison Potion"}],"is_trial":false,"path_per_floor":["M","?","M","?","$","R","E","M","T","?","E","M","?","M","R","B"],"character_chosen":"DEFECT","items_purchased":["Defragment","Coolheaded"],"campfire_rested":1,"item_purchase_floors":[5,5],"current_hp_per_floor":[52,52,51,40,40,40,14,14,14,14,11,8,8,6,27,0],"gold":72,"neow_bonus":"HUNDRED_GOLD","is_prod":false,"is_daily":false,"chose_seed":false,"campfire_upgraded":1,"win_rate":0,"timestamp":1565577902,"path_taken":["M","?","M","?","?","R","E","?","T","?","E","M","?","M","R","BOSS"],"build_version":"2019-07-17","purchased_purges":1,"victory":false,"max_hp_per_floor":[71,71,71,71,71,71,71,71,71,71,71,71,71,71,71,71],"card_choices":[{"not_picked":["Rebound","Steam"],"picked":"Sweeping Beam","floor":1},{"not_picked":["Steam Power","Barrage","Aggregate"],"picked":"SKIP","floor":3},{"not_picked":["FTL","Meteor Strike"],"picked":"Compile Driver","floor":7},{"not_picked":["Sweeping Beam","Turbo"],"picked":"Coolheaded","floor":8},{"not_picked":["Stack","Barrage","Streamline"],"picked":"SKIP","floor":11},{"not_picked":["Compile Driver","Leap","BootSequence"],"picked":"SKIP","floor":12},{"not_picked":["Turbo","Compile Driver"],"picked":"Glacier","floor":14}],"player_experience":776233,"relics_obtained":[{"floor":7,"key":"Ginger"},{"floor":9,"key":"Gambling Chip"},{"floor":11,"key":"Letter Opener"}],"event_choices":[{"cards_removed":["Strike_B"],"damage_healed":0,"gold_gain":0,"player_choice":"Card Removal","damage_taken":0,"max_hp_gain":0,"max_hp_loss":0,"event_name":"The Cleric","floor":2,"gold_loss":75},{"damage_healed":0,"gold_gain":75,"player_choice":"Gather Gold","damage_taken":11,"max_hp_gain":0,"max_hp_loss":0,"event_name":"World of Goop","floor":4,"gold_loss":0},{"damage_healed":0,"gold_gain":0,"player_choice":"Ignored","damage_taken":0,"max_hp_gain":0,"max_hp_loss":0,"event_name":"Liars Game","floor":10,"gold_loss":0},{"damage_healed":0,"gold_gain":0,"player_choice":"1 cards matched","damage_taken":0,"max_hp_gain":0,"max_hp_loss":0,"event_name":"Match and Keep!","floor":13,"gold_loss":0,"cards_obtained":["Compile Driver"]}],"is_beta":false,"boss_relics":[],"items_purged_floors":[5],"is_endless":false,"potions_floor_spawned":[3,8,11],"killed_by":"Slime Boss","ascension_level":15}