{"gold_per_floor":[118,43,43,56,70,70,83,83],"floor_reached":8,"playtime":298,"items_purged":[],"score":96,"play_id":"7e2ab2a1-3fd4-47dc-abdd-adbb1019e991","local_time":"20190818154918","is_ascension_mode":true,"campfire_choices":[{"data":"Burst","floor":6,"key":"SMITH"}],"neow_cost":"TEN_PERCENT_HP_LOSS","seed_source_timestamp":135401849104200,"circlet_count":0,"master_deck":["AscendersBane","Strike_G","Strike_G","Strike_G","Strike_G","Defend_G","Defend_G","Defend_G","Defend_G","Survivor","Neutralize","Burst+1","Finisher","Dagger Throw","Dodge and Roll","Endless Agony"],"relics":["Ring of the Snake"],"potions_floor_usage":[1],"damage_taken":[{"damage":5,"enemies":"Small Slimes","floor":1,"turns":9},{"damage":8,"enemies":"2 Louse","floor":4,"turns":3},{"damage":1,"enemies":"Cultist","floor":5,"turns":4},{"damage":1,"enemies":"Blue Slaver","floor":7,"turns":6},{"damage":32,"enemies":"Gremlin Nob","floor":8,"turns":4}],"seed_played":"7766153790779648742","potions_obtained":[{"floor":1,"key":"Fruit Juice"}],"is_trial":false,"path_per_floor":["M","?","?","M","M","R","M","E"],"character_chosen":"THE_SILENT","items_purchased":[],"campfire_rested":0,"item_purchase_floors":[],"current_hp_per_floor":[59,59,59,51,50,50,49,17],"gold":83,"neow_bonus":"THREE_RARE_CARDS","is_prod":false,"is_daily":false,"chose_seed":false,"campfire_upgraded":1,"win_rate":0,"timestamp":1566136158,"path_taken":["M","?","?","M","M","R","M","E"],"build_version":"2019-07-17","purchased_purges":0,"victory":false,"max_hp_per_floor":[65,65,65,65,65,65,65,65],"card_choices":[{"not_picked":["Bullet Time","Phantasmal Killer"],"picked":"Burst","floor":0},{"not_picked":["Concentrate","Tactician"],"picked":"Finisher","floor":1},{"not_picked":["Quick Slash","Bane"],"picked":"Dagger Throw","floor":4},{"not_picked":["Prepared","Outmaneuver"],"picked":"Dodge and Roll","floor":5},{"not_picked":["Flying Knee","Calculated Gamble"],"picked":"Endless Agony","floor":7}],"player_experience":1125124,"relics_obtained":[],"event_choices":[{"cards_removed":["Defend_G"],"damage_healed":0,"gold_gain":0,"player_choice":"Card Removal","damage_taken":0,"max_hp_gain":0,"max_hp_loss":0,"event_name":"The Cleric","floor":2,"gold_loss":75},{"cards_removed":["Strike_G"],"damage_healed":0,"gold_gain":0,"player_choice":"Purged","damage_taken":0,"max_hp_gain":0,"max_hp_loss":0,"event_name":"Purifier","floor":3,"gold_loss":0}],"is_beta":false,"boss_relics":[],"items_purged_floors":[],"is_endless":false,"potions_floor_spawned":[1],"killed_by":"Gremlin Nob","ascension_level":20}