{"gold_per_floor":[13,13,288,303,322,27,27,71,117,142,29,50,50,64,64,159,159,175,175,175,175,39,75,75,98,150,71,89,89],"floor_reached":29,"playtime":1386,"items_purged":["Regret"],"score":486,"play_id":"e14e2dbb-8735-4162-b9f5-f9868f92de69","local_time":"20190816065846","is_ascension_mode":true,"campfire_choices":[{"data":"Storm of Steel","floor":7.0,"key":"SMITH"},{"floor":13.0,"key":"REST"},{"data":"Noxious Fumes","floor":15.0,"key":"SMITH"},{"floor":24.0,"key":"REST"}],"neow_cost":"NO_GOLD","seed_source_timestamp":79645102347500,"circlet_count":0,"master_deck":["AscendersBane","Strike_G","Strike_G","Strike_G","Strike_G","Strike_G","Defend_G","Defend_G","Defend_G","Defend_G","Defend_G","Survivor","Neutralize","Cloak And Dagger","Injury","Noxious Fumes+1","Dagger Spray","Storm of Steel+1","Backflip","Deadly Poison","Backflip","Noxious Fumes","Blur","Burst","Caltrops","Dodge and Roll","Sucker Punch","PiercingWail","Regret","PiercingWail+1"],"special_seed":0,"relics":["Ring of the Snake","Tough Bandages","Golden Idol","Happy Flower","Snake Skull","Cursed Key","Paper Crane","Art of War","Blue Candle"],"potions_floor_usage":[29],"damage_taken":[{"damage":7.0,"enemies":"Small Slimes","floor":1.0,"turns":6.0},{"damage":11.0,"enemies":"Cultist","floor":4.0,"turns":6.0},{"damage":0.0,"enemies":"2 Louse","floor":5.0,"turns":2.0},{"damage":29.0,"enemies":"Lagavulin","floor":8.0,"turns":10.0},{"damage":0.0,"enemies":"Looter","floor":10.0,"turns":4.0},{"damage":0.0,"enemies":"Lots of Slimes","floor":12.0,"turns":2.0},{"damage":1.0,"enemies":"2 Fungi Beasts","floor":14.0,"turns":5.0},{"damage":10.0,"enemies":"Hexaghost","floor":16.0,"turns":8.0},{"damage":3.0,"enemies":"3 Byrds","floor":18.0,"turns":6.0},{"damage":49.0,"enemies":"Book of Stabbing","floor":23.0,"turns":6.0},{"damage":11.0,"enemies":"Chosen","floor":25.0,"turns":4.0},{"damage":10,"enemies":"Centurion and Healer","floor":28,"turns":7},{"damage":21,"enemies":"Slavers","floor":29,"turns":3}],"seed_played":"-4065798615230578141","potions_obtained":[{"floor":5.0,"key":"Weak Potion"},{"floor":8.0,"key":"Regen Potion"},{"floor":12.0,"key":"FearPotion"},{"floor":28,"key":"SpeedPotion"}],"is_trial":false,"path_per_floor":["M","?","?","M","M","$","R","E","T","M","$","M","R","M","R","B",null,"M","?","?","?","$","E","R","M","T","?","M","E"],"character_chosen":"THE_SILENT","items_purchased":["Storm of Steel","Backflip","Backflip","Noxious Fumes","Caltrops","Dodge and Roll"],"campfire_rested":2,"item_purchase_floors":[6,6,11,11,22,22],"current_hp_per_floor":[52,52,52,41,41,41,41,12,12,12,12,12,31,30,30,20,55,52,52,52,52,52,18,37,26,26,26,16,0],"gold":89,"neow_bonus":"ONE_RARE_RELIC","is_prod":false,"is_daily":false,"chose_seed":false,"campfire_upgraded":2,"win_rate":0,"timestamp":1565931526,"path_taken":["M","?","?","?","M","$","R","E","T","M","$","M","R","M","R","BOSS","M","?","?","?","$","E","R","?","T","?","?","E"],"build_version":"2019-07-17","purchased_purges":1,"victory":false,"max_hp_per_floor":[66,66,66,66,66,66,66,66,66,66,66,66,66,66,66,66,66,66,66,66,66,66,66,66,66,66,66,66,66],"card_choices":[{"not_picked":["Dodge and Roll","Heel Hook"],"picked":"Cloak And Dagger","floor":1.0},{"not_picked":["Sucker Punch","Deflect"],"picked":"Noxious Fumes","floor":4.0},{"not_picked":["Acrobatics","Concentrate"],"picked":"Dagger Spray","floor":5.0},{"not_picked":["All Out Attack","Concentrate","Slice"],"picked":"SKIP","floor":8.0},{"not_picked":["Sucker Punch","Flechettes"],"picked":"Deadly Poison","floor":10.0},{"not_picked":["Grand Finale","Eviscerate","Dagger Throw"],"picked":"SKIP","floor":12.0},{"not_picked":["Prepared","All Out Attack"],"picked":"Blur","floor":14.0},{"not_picked":["Glass Knife","Tools of the Trade"],"picked":"Burst","floor":16.0},{"not_picked":["Choke","Deflect","Skewer"],"picked":"SKIP","floor":18.0},{"not_picked":["Noxious Fumes","Setup"],"picked":"Sucker Punch","floor":23.0},{"not_picked":["Underhanded Strike","Dodge and Roll"],"picked":"PiercingWail","floor":25.0},{"not_picked":["Blade Dance","Storm of Steel"],"picked":"PiercingWail+1","floor":28}],"player_experience":1042002,"relics_obtained":[{"floor":8.0,"key":"Happy Flower"},{"floor":9.0,"key":"Snake Skull"},{"floor":23.0,"key":"Paper Crane"},{"floor":26.0,"key":"Art of War"}],"event_choices":[{"damage_healed":0.0,"max_hp_gain":0.0,"max_hp_loss":0.0,"gold_gain":0.0,"event_name":"Golden Idol","player_choice":"Take Wound","floor":2.0,"gold_loss":0.0,"damage_taken":0.0,"relics_obtained":["Golden Idol"],"cards_obtained":["Injury"]},{"damage_healed":0.0,"max_hp_gain":0.0,"max_hp_loss":0.0,"gold_gain":275.0,"event_name":"Golden Shrine","player_choice":"Desecrate","floor":3.0,"gold_loss":0.0,"damage_taken":0.0,"cards_obtained":["Regret"]},{"damage_healed":0.0,"max_hp_gain":0.0,"max_hp_loss":0.0,"gold_gain":0.0,"event_name":"Vampires","player_choice":"Ignored","floor":19.0,"gold_loss":0.0,"damage_taken":0.0},{"damage_healed":0.0,"max_hp_gain":0.0,"max_hp_loss":0.0,"gold_gain":0.0,"event_name":"Ghosts","player_choice":"Ignored","floor":20.0,"gold_loss":0.0,"damage_taken":0.0},{"damage_healed":0.0,"max_hp_gain":0.0,"max_hp_loss":0.0,"gold_gain":0.0,"event_name":"N\u0027loth","player_choice":"Ignored","floor":21.0,"gold_loss":0.0,"damage_taken":0.0},{"damage_healed":0.0,"max_hp_gain":0.0,"max_hp_loss":0.0,"gold_gain":0.0,"event_name":"WeMeetAgain","player_choice":"Paid Gold","floor":27.0,"gold_loss":79.0,"damage_taken":0.0,"relics_obtained":["Blue Candle"]}],"is_beta":false,"boss_relics":[{"not_picked":["Calling Bell","HoveringKite"],"picked":"Cursed Key"}],"items_purged_floors":[6],"is_endless":false,"potions_floor_spawned":[5,8,12,28],"killed_by":"Slavers","ascension_level":20}