{"gold_per_floor":[109,124,9,21,33,33,65,82,82,82,82,82],"floor_reached":12,"playtime":335,"items_purged":[],"score":136,"play_id":"492f14d6-f24e-4dc5-a5c1-b6e51549d1a1","local_time":"20190716222233","is_ascension_mode":true,"campfire_choices":[{"data":"Flame Barrier","floor":6,"key":"SMITH"},{"floor":10,"key":"REST"}],"neow_cost":"NONE","seed_source_timestamp":342827501475047,"circlet_count":0,"master_deck":["AscendersBane","Strike_R","Strike_R","Strike_R","Strike_R","Strike_R","Defend_R","Defend_R","Defend_R","Defend_R","Bash","Flame Barrier+1","Anger","Disarm","Combust","Shrug It Off","Spot Weakness"],"relics":["Burning Blood","Regal Pillow","Juzu Bracelet","Omamori"],"potions_floor_usage":[7],"damage_taken":[{"damage":2,"enemies":"Small Slimes","floor":1,"turns":4},{"damage":3,"enemies":"2 Louse","floor":2,"turns":3},{"damage":10,"enemies":"Jaw Worm","floor":4,"turns":4},{"damage":27,"enemies":"Exordium Thugs","floor":5,"turns":5},{"damage":34,"enemies":"Lagavulin","floor":7,"turns":9},{"damage":14,"enemies":"Exordium Wildlife","floor":8,"turns":5},{"damage":64,"enemies":"Gremlin Nob","floor":12,"turns":5}],"seed_played":"-2277696084662459639","potions_obtained":[{"floor":2,"key":"Fire Potion"},{"floor":4,"key":"Weak Potion"}],"is_trial":false,"path_per_floor":["M","M","$","M","M","R","E","M","T","R","?","E"],"character_chosen":"IRONCLAD","items_purchased":["Disarm","Combust"],"campfire_rested":1,"item_purchase_floors":[3,3],"current_hp_per_floor":[72,75,75,71,50,50,22,14,14,51,51,0],"gold":82,"neow_bonus":"THREE_CARDS","is_prod":false,"is_daily":false,"chose_seed":false,"campfire_upgraded":1,"win_rate":0,"timestamp":1563330153,"path_taken":["M","M","$","M","M","R","E","M","T","R","?","E"],"build_version":"2019-07-05","purchased_purges":0,"victory":false,"max_hp_per_floor":[75,75,75,75,75,75,75,75,75,75,75,75],"card_choices":[{"not_picked":["True Grit","Shockwave"],"picked":"Flame Barrier","floor":0},{"not_picked":["Flex","Dropkick"],"picked":"Anger","floor":1},{"not_picked":["Thunderclap","Heavy Blade","Headbutt"],"picked":"SKIP","floor":2},{"not_picked":["Flex","Havoc","Second Wind"],"picked":"SKIP","floor":4},{"not_picked":["Sever Soul","Cleave"],"picked":"Shrug It Off","floor":5},{"not_picked":["Flex","Sever Soul","Intimidate"],"picked":"SKIP","floor":7},{"not_picked":["Burning Pact","Havoc"],"picked":"Spot Weakness","floor":8}],"player_experience":697217,"relics_obtained":[{"floor":7,"key":"Regal Pillow"},{"floor":9,"key":"Juzu Bracelet"}],"event_choices":[{"damage_healed":0,"gold_gain":0,"player_choice":"Searched \u00271\u0027 times","damage_taken":0,"relics_obtained":["Omamori"],"max_hp_gain":0,"max_hp_loss":0,"event_name":"Dead Adventurer","floor":11,"gold_loss":0}],"is_beta":false,"boss_relics":[],"items_purged_floors":[],"is_endless":false,"potions_floor_spawned":[2,4],"killed_by":"Gremlin Nob","ascension_level":14}