{"gold_per_floor":[109,121,121,133,23,48,48,79,79,97,108,136,136,136,136,235,235,251,251,251,271,79,79,79,79,79,99,99,133,152,167,167,266,266,286,302,319,60,60,60,60],"floor_reached":41,"playtime":1407,"items_purged":["Defend_R","Writhe"],"score":478,"play_id":"4809b5f0-9447-47a9-9417-f70a3778bf2f","local_time":"20190106105354","is_ascension_mode":true,"campfire_choices":[{"data":"Bash","floor":7,"key":"SMITH"},{"data":"Flex","floor":13,"key":"SMITH"},{"floor":15,"key":"REST"},{"data":"Rage","floor":23,"key":"SMITH"},{"data":"Reaper","floor":25,"key":"SMITH"},{"floor":28,"key":"REST"},{"floor":32,"key":"REST"},{"data":"Double Tap","floor":40,"key":"SMITH"}],"neow_cost":"TEN_PERCENT_HP_LOSS","seed_source_timestamp":1299344872787204,"circlet_count":0,"master_deck":["Strike_R","Strike_R","Strike_R","Strike_R","Defend_R","Defend_R","Bash+1","Clash+1","Reaper+1","Perfected Strike","Rampage","Twin Strike","Bloodletting","Flex+1","Rage+1","Pommel Strike","Immolate","Injury","Perfected Strike","Clash","Demon Form","Bludgeon","Thunderclap+1","Clash","Anger","Double Tap+1","Double Tap","Dual Wield","Flex","Clash","Fire Breathing"],"relics":["Burning Blood","Ginger","Bird Faced Urn","StoneCalendar","Omamori","Calling Bell","Vajra","Gremlin Horn","Girya","WingedGreaves","Nloth\u0027s Gift","Pen Nib","Magic Flower","Cursed Key"],"potions_floor_usage":[12,16,27,30,33,41,41],"damage_taken":[{"damage":9,"enemies":"2 Louse","floor":1,"turns":3},{"damage":6,"enemies":"Cultist","floor":2,"turns":3},{"damage":8,"enemies":"Jaw Worm","floor":4,"turns":3},{"damage":27,"enemies":"Gremlin Nob","floor":6,"turns":4},{"damage":30,"enemies":"3 Sentries","floor":8,"turns":7},{"damage":6,"enemies":"Exordium Wildlife","floor":10,"turns":3},{"damage":7,"enemies":"Blue Slaver","floor":11,"turns":2},{"damage":16,"enemies":"Lagavulin","floor":12,"turns":5},{"damage":26,"enemies":"The Guardian","floor":16,"turns":7},{"damage":23,"enemies":"Shell Parasite","floor":18,"turns":4},{"damage":19,"enemies":"Spheric Guardian","floor":21,"turns":4},{"damage":18,"enemies":"Snecko","floor":27,"turns":4},{"damage":41,"enemies":"Gremlin Leader","floor":29,"turns":5},{"damage":23,"enemies":"Cultist and Chosen","floor":30,"turns":5},{"damage":7,"enemies":"3 Cultists","floor":31,"turns":3},{"damage":63,"enemies":"Automaton","floor":33,"turns":7},{"damage":25,"enemies":"3 Shapes","floor":35,"turns":2},{"damage":16,"enemies":"Orb Walker","floor":36,"turns":3},{"damage":33,"enemies":"Sphere and 2 Shapes","floor":37,"turns":4},{"damage":51,"enemies":"Nemesis","floor":41,"turns":4}],"seed_played":"-5745601929482821493","potions_obtained":[{"floor":4,"key":"EssenceOfSteel"},{"floor":11,"key":"SpeedPotion"},{"floor":12,"key":"Block Potion"},{"floor":16,"key":"AttackPotion"},{"floor":27,"key":"Block Potion"},{"floor":29,"key":"LiquidBronze"},{"floor":31,"key":"Regen Potion"},{"floor":33,"key":"SkillPotion"},{"floor":37,"key":"PowerPotion"}],"is_trial":false,"path_per_floor":["M","M","?","M","$","E","R","E","T","M","M","E","R","?","R","B",null,"M","?","?","M","$","R","?","R","T","M","R","E","M","M","R","B",null,"M","M","M","$","?","R","E"],"character_chosen":"IRONCLAD","items_purchased":["Rampage","Clash","Demon Form","Flex","Clash","Fire Breathing"],"campfire_rested":3,"item_purchase_floors":[5,22,22,38,38,38],"current_hp_per_floor":[69,69,69,67,67,50,50,38,38,38,37,27,27,27,48,28,72,55,55,55,42,42,42,42,42,42,32,53,36,25,27,48,21,72,56,49,43,43,43,43,0],"gold":60,"neow_bonus":"REMOVE_TWO","is_prod":false,"is_daily":false,"chose_seed":false,"campfire_upgraded":5,"win_rate":0,"timestamp":1546790034,"path_taken":["M","M","?","M","?","E","R","E","T","M","M","E","R","?","R","BOSS","M","?","?","?","$","R","?","R","T","M","R","E","?","M","R","BOSS","M","M","M","$","?","R","E"],"build_version":"2019-01-03v4","purchased_purges":2,"victory":false,"max_hp_per_floor":[72,72,72,72,72,72,72,72,72,72,72,72,72,72,72,72,72,72,72,72,72,72,72,72,72,72,72,72,72,72,72,72,72,72,72,72,72,72,72,72,72],"card_choices":[{"not_picked":["Havoc","Headbutt"],"picked":"Clash","floor":1},{"not_picked":["True Grit","Rage"],"picked":"Reaper","floor":2},{"not_picked":["Rupture","Wild Strike"],"picked":"Perfected Strike","floor":4},{"not_picked":["Sword Boomerang","Anger"],"picked":"Twin Strike","floor":6},{"not_picked":["Clothesline","Disarm"],"picked":"Bloodletting","floor":8},{"not_picked":["Anger","Second Wind"],"picked":"Flex","floor":10},{"not_picked":["Inflame","Clothesline"],"picked":"Rage","floor":11},{"not_picked":["Feel No Pain","Second Wind"],"picked":"Pommel Strike","floor":12},{"not_picked":["Juggernaut","Dark Embrace"],"picked":"Immolate","floor":16},{"not_picked":["Pommel Strike","Iron Wave"],"picked":"Perfected Strike","floor":18},{"not_picked":["Feel No Pain","Shrug It Off","Power Through"],"picked":"SKIP","floor":21},{"not_picked":["Entrench","Disarm"],"picked":"Bludgeon","floor":27},{"not_picked":["Impervious","Immolate"],"picked":"Thunderclap+1","floor":29},{"not_picked":["Blood for Blood","Shockwave+1"],"picked":"Clash","floor":30},{"not_picked":["Battle Trance","Infernal Blade"],"picked":"Anger","floor":31},{"not_picked":["Dark Embrace","Limit Break"],"picked":"Double Tap","floor":33},{"not_picked":["Feel No Pain","Berserk","True Grit+1"],"picked":"SKIP","floor":35},{"not_picked":["Pommel Strike+1","Thunderclap+1"],"picked":"Double Tap","floor":36},{"not_picked":["Thunderclap","Heavy Blade+1"],"picked":"Dual Wield","floor":37}],"player_experience":224724,"relics_obtained":[{"floor":6,"key":"Ginger"},{"floor":8,"key":"Bird Faced Urn"},{"floor":9,"key":"StoneCalendar"},{"floor":12,"key":"Omamori"},{"floor":17,"key":"Vajra"},{"floor":17,"key":"Gremlin Horn"},{"floor":17,"key":"Girya"},{"floor":26,"key":"Pen Nib"},{"floor":29,"key":"Magic Flower"}],"event_choices":[{"damage_healed":0,"gold_gain":0,"player_choice":"Trade","damage_taken":0,"relics_obtained":["GremlinMask"],"max_hp_gain":0,"max_hp_loss":0,"event_name":"FaceTrader","floor":3,"gold_loss":0},{"damage_healed":0,"gold_gain":0,"player_choice":"Forge","damage_taken":0,"max_hp_gain":0,"max_hp_loss":0,"event_name":"Accursed Blacksmith","floor":14,"gold_loss":0,"cards_upgraded":["Clash"]},{"damage_healed":0,"gold_gain":0,"player_choice":"Ignored","damage_taken":0,"max_hp_gain":0,"max_hp_loss":0,"event_name":"Vampires","floor":19,"gold_loss":0},{"damage_healed":0,"gold_gain":0,"player_choice":"Opened","damage_taken":0,"relics_obtained":["WingedGreaves"],"max_hp_gain":0,"max_hp_loss":0,"event_name":"The Mausoleum","floor":20,"gold_loss":0,"cards_obtained":["Writhe"]},{"damage_healed":0,"gold_gain":0,"player_choice":"Traded Relic","damage_taken":0,"relics_obtained":["Nloth\u0027s Gift"],"max_hp_gain":0,"max_hp_loss":0,"event_name":"N\u0027loth","floor":24,"relics_lost":["GremlinMask"],"gold_loss":0},{"damage_healed":0,"gold_gain":0,"player_choice":"Got Potions","damage_taken":0,"max_hp_gain":0,"max_hp_loss":0,"event_name":"Lab","floor":39,"gold_loss":0}],"is_beta":false,"boss_relics":[{"not_picked":["Pandora\u0027s Box","Black Blood"],"picked":"Calling Bell"},{"not_picked":["Lizard Tail","Tiny House"],"picked":"Cursed Key"}],"items_purged_floors":[5,38],"is_endless":false,"potions_floor_spawned":[4,11,12,16,27,29,31,33,36,37],"killed_by":"Nemesis","ascension_level":1}