{"gold_per_floor":[117,117,2,13,13,13,43,43,43,70,345,360,435,435,435,435],"floor_reached":16,"playtime":508,"items_purged":["Regret"],"score":122,"play_id":"3b1a8a90-3fe5-4cc5-a13d-5708d8642ed2","local_time":"20190603220749","is_ascension_mode":true,"campfire_choices":[{"data":"Uppercut","floor":6,"key":"SMITH"},{"floor":8,"key":"REST"},{"floor":15,"key":"REST"}],"neow_cost":"NONE","seed_source_timestamp":1824255105757,"circlet_count":0,"master_deck":["Strike_R","Strike_R","Strike_R","Strike_R","Strike_R","Defend_R","Defend_R+1","Defend_R+1","Defend_R","Bash","Perfected Strike","Uppercut+1","Regret","Injury"],"relics":["Burning Blood","Bag of Marbles","War Paint","Blood Vial","Girya","WingedGreaves","Golden Idol"],"potions_floor_usage":[10],"damage_taken":[{"damage":2,"enemies":"Jaw Worm","floor":1,"turns":3},{"damage":4,"enemies":"Small Slimes","floor":4,"turns":3},{"damage":61,"enemies":"3 Sentries","floor":7,"turns":10},{"damage":30,"enemies":"Lagavulin","floor":10,"turns":4},{"damage":3,"enemies":"Cultist","floor":12,"turns":3},{"damage":37,"enemies":"Hexaghost","floor":16,"turns":11}],"seed_played":"-618473528533584566","potions_obtained":[{"floor":7,"key":"Strength Potion"}],"is_trial":false,"path_per_floor":["M","?","$","M","?","R","E","R","T","E","?","M","?","?","R","B"],"character_chosen":"IRONCLAD","items_purchased":["Uppercut"],"campfire_rested":2,"item_purchase_floors":[3],"current_hp_per_floor":[80,80,80,80,68,68,15,39,39,17,17,22,11,11,35,0],"gold":435,"neow_bonus":"RANDOM_COMMON_RELIC","is_prod":false,"is_daily":false,"chose_seed":false,"campfire_upgraded":1,"win_rate":0,"timestamp":1559617669,"path_taken":["M","?","$","M","?","R","E","R","T","E","?","?","?","?","R","BOSS"],"build_version":"2019-01-23","purchased_purges":1,"victory":false,"max_hp_per_floor":[80,80,80,80,80,80,80,80,80,80,80,80,80,80,80,80],"card_choices":[{"not_picked":["Wild Strike","True Grit"],"picked":"Perfected Strike","floor":1},{"not_picked":["Blood for Blood","Headbutt","Pummel"],"picked":"SKIP","floor":4},{"not_picked":["Anger","Headbutt","Sword Boomerang"],"picked":"SKIP","floor":7},{"not_picked":["Carnage","Sentinel","Berserk"],"picked":"SKIP","floor":10},{"not_picked":["Carnage","Havoc","Anger"],"picked":"SKIP","floor":12}],"player_experience":72172,"relics_obtained":[{"floor":7,"key":"Girya"},{"floor":10,"key":"WingedGreaves"}],"event_choices":[{"damage_healed":0,"gold_gain":0,"player_choice":"Box","damage_taken":0,"relics_obtained":["War Paint"],"max_hp_gain":0,"max_hp_loss":0,"event_name":"Big Fish","floor":2,"gold_loss":0,"cards_obtained":["Regret"]},{"damage_healed":0,"gold_gain":0,"player_choice":"Success","damage_taken":12,"relics_obtained":["Blood Vial"],"max_hp_gain":0,"max_hp_loss":0,"event_name":"Scrap Ooze","floor":5,"gold_loss":0},{"damage_healed":0,"gold_gain":275,"player_choice":"Desecrate","damage_taken":0,"max_hp_gain":0,"max_hp_loss":0,"event_name":"Golden Shrine","floor":11,"gold_loss":0,"cards_obtained":["Regret"]},{"damage_healed":0,"gold_gain":75,"player_choice":"Gather Gold","damage_taken":11,"max_hp_gain":0,"max_hp_loss":0,"event_name":"World of Goop","floor":13,"gold_loss":0},{"damage_healed":0,"gold_gain":0,"player_choice":"Take Wound","damage_taken":0,"relics_obtained":["Golden Idol"],"max_hp_gain":0,"max_hp_loss":0,"event_name":"Golden Idol","floor":14,"gold_loss":0,"cards_obtained":["Injury"]}],"is_beta":false,"boss_relics":[],"items_purged_floors":[3],"is_endless":false,"potions_floor_spawned":[7],"killed_by":"Hexaghost","ascension_level":3}