{"gold_per_floor":[109,125,142,417,436,436,468,233,233,246,261,308,327,12,12,12],"floor_reached":16,"playtime":654,"items_purged":["Regret","Strike_G"],"score":208,"play_id":"aa54faeb-e799-40ea-a4c5-ff244c9752a1","local_time":"20190818140355","is_ascension_mode":true,"campfire_choices":[{"data":"Blade Dance","floor":6.0,"key":"SMITH"},{"floor":15.0,"key":"REST"}],"neow_cost":"NONE","seed_source_timestamp":123573103447400,"circlet_count":0,"master_deck":["AscendersBane","Strike_G","Strike_G","Strike_G","Strike_G","Defend_G","Defend_G","Defend_G","Defend_G","Defend_G","Survivor","Neutralize","All Out Attack","Blade Dance+1","Flechettes","Blade Dance","Unload","Footwork+1","PiercingWail","Dagger Spray","Well Laid Plans+1","Leg Sweep"],"special_seed":0,"relics":["Ring of the Snake","NeowsBlessing","Dream Catcher","Strawberry","Frozen Egg 2","Potion Belt","Membership Card"],"potions_floor_usage":[16,16],"damage_taken":[{"damage":0.0,"enemies":"Cultist","floor":1.0,"turns":1.0},{"damage":0.0,"enemies":"Small Slimes","floor":2.0,"turns":1.0},{"damage":0.0,"enemies":"Jaw Worm","floor":3.0,"turns":1.0},{"damage":14.0,"enemies":"Lots of Slimes","floor":5.0,"turns":5.0},{"damage":30.0,"enemies":"3 Sentries","floor":7.0,"turns":9.0},{"damage":4.0,"enemies":"Red Slaver","floor":10.0,"turns":3.0},{"damage":13.0,"enemies":"Exordium Wildlife","floor":11.0,"turns":5.0},{"damage":1.0,"enemies":"Blue Slaver","floor":13.0,"turns":5.0},{"damage":10,"enemies":"Slime Boss","floor":16,"turns":8}],"seed_played":"8038604322982279767","potions_obtained":[{"floor":2.0,"key":"Fire Potion"},{"floor":5.0,"key":"SneckoOil"},{"floor":7.0,"key":"GhostInAJar"},{"floor":11.0,"key":"Strength Potion"}],"is_trial":false,"path_per_floor":["M","M","M","?","M","R","E","$","T","M","M","T","M","$","R","B"],"character_chosen":"THE_SILENT","items_purchased":["Strawberry","Membership Card","Well Laid Plans+1"],"campfire_rested":1,"item_purchase_floors":[8,14,14],"current_hp_per_floor":[59,59,59,59,45,45,15,22,22,18,5,5,4,4,25,15],"gold":12,"neow_bonus":"THREE_ENEMY_KILL","is_prod":false,"is_daily":false,"chose_seed":false,"campfire_upgraded":1,"win_rate":0,"timestamp":1566129835,"path_taken":["M","?","M","?","?","R","E","$","T","M","M","?","?","$","R","BOSS"],"build_version":"2019-07-17","purchased_purges":2,"victory":false,"max_hp_per_floor":[66,66,66,66,66,66,66,73,73,73,73,73,73,73,73,73],"card_choices":[{"not_picked":["Cloak And Dagger","Underhanded Strike"],"picked":"All Out Attack","floor":1.0},{"not_picked":["Slice","Underhanded Strike"],"picked":"Blade Dance","floor":2.0},{"not_picked":["Blur","Acrobatics"],"picked":"Flechettes","floor":3.0},{"not_picked":["Poisoned Stab","Tactician"],"picked":"Blade Dance","floor":5.0},{"not_picked":["Backflip","Blade Dance"],"picked":"Unload","floor":7.0},{"not_picked":["Cloak And Dagger","Dagger Throw"],"picked":"Footwork+1","floor":10.0},{"not_picked":["Sucker Punch","Bane"],"picked":"PiercingWail","floor":11.0},{"not_picked":["Deadly Poison","Bane"],"picked":"Dagger Spray","floor":13.0},{"not_picked":["Prepared","Cloak And Dagger"],"picked":"Leg Sweep","floor":15.0}],"player_experience":1120427,"relics_obtained":[{"floor":7.0,"key":"Dream Catcher"},{"floor":9.0,"key":"Frozen Egg 2"},{"floor":12.0,"key":"Potion Belt"}],"event_choices":[{"damage_healed":0.0,"max_hp_gain":0.0,"max_hp_loss":0.0,"gold_gain":275.0,"event_name":"Golden Shrine","player_choice":"Desecrate","floor":4.0,"gold_loss":0.0,"damage_taken":0.0,"cards_obtained":["Regret"]}],"is_beta":false,"boss_relics":[],"items_purged_floors":[8,14],"is_endless":false,"potions_floor_spawned":[2,5,7,11],"killed_by":"Slime Boss","ascension_level":20}