{"gold_per_floor":[119,134,134,153,153,194,217,217,241,257,272,316,336,350,350,478,478,502,777,801,595,595,631,631,223,300,321,334,369,387,406,406,406],"floor_reached":33,"playtime":1883,"items_purged":["Regret"],"score":303,"play_id":"8a05d2f3-5b9e-40a0-bd2c-bd3ed065c6ad","local_time":"20190608212826","is_ascension_mode":false,"campfire_choices":[{"data":"Static Discharge","floor":15,"key":"SMITH"},{"floor":24,"key":"REST"},{"floor":32,"key":"REST"}],"neow_cost":"NONE","seed_source_timestamp":119783696096267,"circlet_count":0,"master_deck":["Strike_B","Strike_B","Strike_B","Defend_B+1","Defend_B","Defend_B+1","Defend_B","Zap+1","Dualcast","Ball Lightning","Compile Driver","Conserve Battery","Biased Cognition","Coolheaded","Glacier","Static Discharge+1","Machine Learning","Sweeping Beam","Double Energy+1","Coolheaded","Writhe","Coolheaded+1","Defragment"],"relics":["Cracked Core","Golden Idol","Pen Nib","Blood Vial","Smiling Mask","Cursed Key","War Paint","Happy Flower","Toxic Egg 2","Bag of Marbles","Darkstone Periapt"],"potions_floor_usage":[6,7,11,16,20,27,27,31,33],"damage_taken":[{"damage":0,"enemies":"Small Slimes","floor":1,"turns":2},{"damage":1,"enemies":"Cultist","floor":2,"turns":3},{"damage":1,"enemies":"2 Louse","floor":4,"turns":2},{"damage":9,"enemies":"Lagavulin","floor":6,"turns":6},{"damage":4,"enemies":"Exordium Wildlife","floor":7,"turns":3},{"damage":6,"enemies":"Gremlin Gang","floor":10,"turns":5},{"damage":1,"enemies":"3 Louse","floor":11,"turns":2},{"damage":6,"enemies":"Gremlin Nob","floor":12,"turns":5},{"damage":4,"enemies":"Exordium Thugs","floor":13,"turns":4},{"damage":0,"enemies":"Looter","floor":14,"turns":3},{"damage":24,"enemies":"The Guardian","floor":16,"turns":10},{"damage":3,"enemies":"Spheric Guardian","floor":18,"turns":4},{"damage":25,"enemies":"3 Byrds","floor":20,"turns":2},{"damage":36,"enemies":"Gremlin Leader","floor":23,"turns":9},{"damage":3,"enemies":"Snake Plant","floor":27,"turns":5},{"damage":7,"enemies":"Snecko","floor":28,"turns":5},{"damage":5,"enemies":"Book of Stabbing","floor":29,"turns":7},{"damage":6,"enemies":"Cultist and Chosen","floor":30,"turns":6},{"damage":0,"enemies":"Shelled Parasite and Fungi","floor":31,"turns":7},{"damage":69,"enemies":"Champ","floor":33,"turns":15}],"seed_played":"5769224549045584531","potions_obtained":[{"floor":2,"key":"Block Potion"},{"floor":3,"key":"Poison Potion"},{"floor":3,"key":"LiquidBronze"},{"floor":3,"key":"PowerPotion"},{"floor":10,"key":"Explosive Potion"},{"floor":13,"key":"Poison Potion"},{"floor":14,"key":"Swift Potion"},{"floor":23,"key":"AttackPotion"},{"floor":28,"key":"Fire Potion"},{"floor":30,"key":"GamblersBrew"}],"is_trial":false,"path_per_floor":["M","M","?","M","?","E","M","?","T","M","M","E","M","M","R","B",null,"M","?","M","$","?","E","R","$","T","M","M","E","M","M","R","B"],"character_chosen":"DEFECT","items_purchased":["War Paint","Toxic Egg 2","Bag of Marbles"],"campfire_rested":2,"item_purchase_floors":[21,25,25],"current_hp_per_floor":[82,81,81,80,60,51,47,47,47,43,44,40,38,40,40,18,82,79,79,56,56,56,22,46,46,46,45,40,37,33,35,59,0],"gold":406,"neow_bonus":"TEN_PERCENT_HP_BONUS","is_prod":false,"is_daily":false,"chose_seed":false,"campfire_upgraded":1,"win_rate":0,"timestamp":1560047306,"path_taken":["M","M","?","?","?","E","M","?","T","M","M","E","M","M","R","BOSS","M","?","?","$","?","E","R","?","T","M","?","E","M","M","R","BOSS"],"build_version":"2019-01-23","purchased_purges":1,"victory":false,"max_hp_per_floor":[82,82,82,82,82,82,82,82,82,82,82,82,82,82,82,82,82,82,82,82,82,82,82,82,82,82,82,82,82,82,82,82,82],"card_choices":[{"not_picked":["Capacitor","Beam Cell"],"picked":"Ball Lightning","floor":1},{"not_picked":["Streamline","Melter"],"picked":"Compile Driver","floor":2},{"not_picked":["Scrape","Steam"],"picked":"Conserve Battery","floor":4},{"not_picked":["Cold Snap","Stack"],"picked":"Biased Cognition","floor":6},{"not_picked":["Ball Lightning","Go for the Eyes"],"picked":"Coolheaded","floor":7},{"not_picked":["Buffer","Compile Driver"],"picked":"Glacier","floor":10},{"not_picked":["Leap","Compile Driver","Gash"],"picked":"SKIP","floor":11},{"not_picked":["BootSequence","Hologram","Redo"],"picked":"SKIP","floor":12},{"not_picked":["Gash","Ball Lightning"],"picked":"Static Discharge","floor":13},{"not_picked":["Turbo","Fission","Beam Cell"],"picked":"SKIP","floor":14},{"not_picked":["All For One","Thunder Strike"],"picked":"Machine Learning","floor":16},{"not_picked":["Force Field","Static Discharge+1"],"picked":"Sweeping Beam","floor":18},{"not_picked":["Ball Lightning","Hologram"],"picked":"Double Energy+1","floor":20},{"not_picked":["Compile Driver","Beam Cell","Hello World"],"picked":"SKIP","floor":23},{"not_picked":["Static Discharge","Redo+1","Hologram+1"],"picked":"SKIP","floor":27},{"not_picked":["Barrage","Meteor Strike"],"picked":"Coolheaded+1","floor":28},{"not_picked":["Cold Snap+1","Barrage"],"picked":"Defragment","floor":29},{"not_picked":["Stack+1","Coolheaded+1","Hello World"],"picked":"SKIP","floor":30},{"not_picked":["Cold Snap+1","Rip and Tear","Redo+1"],"picked":"SKIP","floor":31}],"player_experience":146692,"relics_obtained":[{"floor":6,"key":"Pen Nib"},{"floor":9,"key":"Blood Vial"},{"floor":12,"key":"Smiling Mask"},{"floor":23,"key":"Happy Flower"},{"floor":29,"key":"Darkstone Periapt"}],"event_choices":[{"damage_healed":0,"gold_gain":0,"player_choice":"Got Potions","damage_taken":0,"max_hp_gain":0,"max_hp_loss":0,"event_name":"Lab","floor":3,"gold_loss":0},{"damage_healed":0,"gold_gain":0,"player_choice":"Take Damage","damage_taken":20,"relics_obtained":["Golden Idol"],"max_hp_gain":0,"max_hp_loss":0,"event_name":"Golden Idol","floor":5,"gold_loss":0},{"damage_healed":0,"gold_gain":0,"player_choice":"Grow","damage_taken":0,"max_hp_gain":0,"max_hp_loss":0,"event_name":"Living Wall","floor":8,"gold_loss":0,"cards_upgraded":["Zap"]},{"damage_healed":0,"gold_gain":275,"player_choice":"Desecrate","damage_taken":0,"max_hp_gain":0,"max_hp_loss":0,"event_name":"Golden Shrine","floor":19,"gold_loss":0,"cards_obtained":["Regret"]},{"damage_healed":0,"gold_gain":0,"cards_transformed":["Strike_B"],"player_choice":"Transformed","damage_taken":0,"max_hp_gain":0,"max_hp_loss":0,"event_name":"Transmorgrifier","floor":22,"gold_loss":0,"cards_obtained":["Coolheaded"]}],"is_beta":false,"boss_relics":[{"not_picked":["Sozu","Tiny House"],"picked":"Cursed Key"}],"items_purged_floors":[21],"is_endless":false,"potions_floor_spawned":[2,10,13,14,23,28,30],"killed_by":"Champ","ascension_level":0}