{"gold_per_floor":[112,187,187,187,200,200,200,51,77,77,105,59,59,130,130,226,226,240,256,275,275,190,190,224,224,300,300,300],"floor_reached":28,"playtime":2225,"items_purged":["Strike_R"],"score":255,"play_id":"f4155a57-e139-4fe3-bc90-d417bf1610ca","local_time":"20181122142905","is_ascension_mode":false,"campfire_choices":[{"data":"Ghostly Armor","floor":6,"key":"SMITH"},{"data":"Bash","floor":10,"key":"SMITH"},{"data":"Armaments","floor":13,"key":"SMITH"},{"floor":15,"key":"REST"},{"data":"Clothesline","floor":23,"key":"SMITH"},{"data":"Twin Strike","floor":25,"key":"SMITH"},{"data":"Twin Strike","floor":27,"key":"SMITH"}],"neow_cost":"NONE","seed_source_timestamp":2314013901365394,"circlet_count":0,"master_deck":["Strike_R","Strike_R","Strike_R","Strike_R","Defend_R+1","Defend_R","Defend_R","Defend_R+1","Bash+1","Flex+1","Ghostly Armor+1","Dropkick","Clothesline+1","Armaments+1","Demon Form","Thunderclap","True Grit+1","Twin Strike+1","Ghostly","Ghostly","Ghostly","Ghostly","Ghostly","Twin Strike+1"],"relics":["Burning Blood","Lantern","Orichalcum","Ornamental Fan","Philosopher\u0027s Stone","StoneCalendar","Boot","Bottled Flame"],"potions_floor_usage":[11,11,20],"damage_taken":[{"damage":5,"enemies":"Small Slimes","floor":1,"turns":5},{"damage":6,"enemies":"Jaw Worm","floor":5,"turns":3},{"damage":18,"enemies":"Gremlin Nob","floor":11,"turns":5},{"damage":45,"enemies":"Hexaghost","floor":16,"turns":13},{"damage":57,"enemies":"3 Byrds","floor":18,"turns":7},{"damage":8,"enemies":"Chosen","floor":19,"turns":6},{"damage":1,"enemies":"Centurion and Healer","floor":20,"turns":5},{"damage":9,"enemies":"Slavers","floor":24,"turns":7},{"damage":50,"enemies":"Gremlin Leader","floor":28,"turns":6}],"seed_played":"984238250067077110","potions_obtained":[{"floor":1,"key":"Weak Potion"},{"floor":5,"key":"Weak Potion"},{"floor":18,"key":"AttackPotion"}],"is_trial":false,"path_per_floor":["M","?","?","?","M","R","?","$","T","R","E","$","R","T","R","B",null,"M","M","M","?","?","R","E","R","T","R","E"],"character_chosen":"IRONCLAD","items_purchased":["Dropkick","Armaments"],"campfire_rested":1,"item_purchase_floors":[8,12],"current_hp_per_floor":[88,77,82,82,82,82,63,63,63,63,51,51,51,51,78,39,93,42,40,45,45,45,45,42,42,42,42,0],"gold":300,"neow_bonus":"TEN_PERCENT_HP_BONUS","is_prod":false,"is_daily":false,"chose_seed":false,"campfire_upgraded":6,"win_rate":0.0,"timestamp":1542875345,"path_taken":["M","?","?","?","M","R","?","$","T","R","E","?","R","?","R","BOSS","M","M","M","?","?","R","E","R","T","R","E"],"build_version":"2018-11-15","purchased_purges":1,"victory":false,"max_hp_per_floor":[88,88,93,93,93,93,93,93,93,93,93,93,93,93,93,93,93,93,93,93,46,46,46,46,46,46,46,46],"card_choices":[{"not_picked":["Second Wind","Iron Wave"],"picked":"Flex","floor":1},{"not_picked":["Thunderclap","Pommel Strike"],"picked":"Ghostly Armor","floor":5},{"not_picked":["Warcry","Brutality"],"picked":"Clothesline","floor":11},{"not_picked":["Double Tap","Feed"],"picked":"Demon Form","floor":16},{"not_picked":["Pommel Strike","Anger"],"picked":"Thunderclap","floor":18},{"not_picked":["Battle Trance","Seeing Red"],"picked":"True Grit+1","floor":19},{"not_picked":["Warcry","Clash"],"picked":"Twin Strike","floor":20},{"not_picked":["Demon Form","Rage"],"picked":"Twin Strike","floor":24}],"player_experience":2680,"relics_obtained":[{"floor":9,"key":"Lantern"},{"floor":11,"key":"Orichalcum"},{"floor":14,"key":"Ornamental Fan"},{"floor":24,"key":"Boot"},{"floor":26,"key":"Bottled Flame"}],"event_choices":[{"damage_healed":0,"gold_gain":75,"player_choice":"Gather Gold","damage_taken":11,"max_hp_gain":0,"max_hp_loss":0,"event_name":"World of Goop","floor":2,"gold_loss":0},{"damage_healed":0,"gold_gain":0,"player_choice":"Donut","damage_taken":0,"max_hp_gain":5,"max_hp_loss":0,"event_name":"Big Fish","floor":3,"gold_loss":0},{"damage_healed":0,"gold_gain":0,"player_choice":"Grow","damage_taken":0,"max_hp_gain":0,"max_hp_loss":0,"event_name":"Living Wall","floor":4,"gold_loss":0,"cards_upgraded":["Flex"]},{"damage_healed":0,"gold_gain":0,"player_choice":"Entered Light","damage_taken":19,"max_hp_gain":0,"max_hp_loss":0,"event_name":"Shining Light","floor":7,"gold_loss":0,"cards_upgraded":["Defend_R","Defend_R"]},{"damage_healed":0,"gold_gain":0,"player_choice":"Became a Ghost","damage_taken":0,"max_hp_gain":0,"max_hp_loss":47,"event_name":"Ghosts","floor":21,"gold_loss":0,"cards_obtained":["Ghostly","Ghostly","Ghostly","Ghostly","Ghostly"]},{"damage_healed":0,"gold_gain":0,"player_choice":"Obtained Relic","damage_taken":0,"relics_obtained":["StoneCalendar"],"max_hp_gain":0,"max_hp_loss":0,"event_name":"Addict","floor":22,"gold_loss":85}],"is_beta":false,"boss_relics":[{"not_picked":["Coffee Dripper","Eternal Feather"],"picked":"Philosopher\u0027s Stone"}],"items_purged_floors":[8],"is_endless":false,"potions_floor_spawned":[1,5,18],"killed_by":"Gremlin Leader","ascension_level":0}