{"gold_per_floor":[114,132,132,144,219,219,252,277,313,325,337,7,7,25,25,126,126,146,162,77,77,2,2,36,36,36,48,48,68,81,116,116,116],"floor_reached":33,"playtime":1128,"items_purged":["Writhe"],"score":428,"play_id":"3165d330-c630-405e-a45b-489a490f628e","local_time":"20190612235343","is_ascension_mode":true,"campfire_choices":[{"data":"Defragment","floor":6,"key":"SMITH"},{"floor":10,"key":"REST"},{"data":"Capacitor","floor":15,"key":"SMITH"},{"data":"Coolheaded","floor":23,"key":"SMITH"},{"data":"Glacier","floor":28,"key":"SMITH"},{"floor":32,"key":"REST"}],"neow_cost":"TEN_PERCENT_HP_LOSS","seed_source_timestamp":106161014077836,"circlet_count":0,"master_deck":["AscendersBane","Strike_B","Strike_B","Defend_B","Defend_B+1","Defend_B","Defend_B","Zap","Dualcast","Gash","Capacitor+1","Darkness+1","Ball Lightning","Defragment+1","Glacier+1","Coolheaded","Coolheaded+1","Buffer","Electrodynamics","Pain"],"relics":["Cracked Core","FaceOfCleric","MawBank","War Paint","Ice Cream","Potion Belt","Sozu","Bronze Scales","Orichalcum","Du-Vu Doll","WarpedTongs","Bag of Marbles","Dodecahedron"],"potions_floor_usage":[8,31,31],"damage_taken":[{"damage":6,"enemies":"2 Louse","floor":1,"turns":3},{"damage":1,"enemies":"Cultist","floor":2,"turns":4},{"damage":7,"enemies":"Jaw Worm","floor":4,"turns":3},{"damage":25,"enemies":"Lagavulin","floor":7,"turns":5},{"damage":13,"enemies":"Large Slime","floor":8,"turns":5},{"damage":15,"enemies":"3 Louse","floor":14,"turns":4},{"damage":23,"enemies":"The Guardian","floor":16,"turns":10},{"damage":0,"enemies":"3 Byrds","floor":18,"turns":6},{"damage":0,"enemies":"Shell Parasite","floor":19,"turns":6},{"damage":8,"enemies":"Book of Stabbing","floor":24,"turns":6},{"damage":11,"enemies":"Centurion and Healer","floor":27,"turns":5},{"damage":9,"enemies":"Snake Plant","floor":29,"turns":3},{"damage":4,"enemies":"Sentry and Sphere","floor":30,"turns":4},{"damage":25,"enemies":"Gremlin Leader","floor":31,"turns":10},{"damage":32,"enemies":"Champ","floor":33,"turns":12}],"seed_played":"-188834903478678151","potions_obtained":[{"floor":2,"key":"Weak Potion"},{"floor":4,"key":"Weak Potion"},{"floor":7,"key":"AttackPotion"},{"floor":16,"key":"Energy Potion"}],"is_trial":false,"path_per_floor":["M","M","?","M","?","R","E","M","T","R","?","$","?","M","R","B",null,"M","M","?","?","$","R","E","?","T","M","R","M","M","E","R","B"],"character_chosen":"DEFECT","items_purchased":["Ice Cream","Coolheaded"],"campfire_rested":2,"item_purchase_floors":[12,12],"current_hp_per_floor":[62,61,61,55,44,44,20,8,8,29,52,52,45,31,31,9,57,58,59,59,59,59,59,52,52,52,42,42,34,31,7,31,0],"gold":116,"neow_bonus":"TRANSFORM_TWO_CARDS","is_prod":false,"is_daily":false,"chose_seed":false,"campfire_upgraded":4,"win_rate":0,"timestamp":1560398023,"path_taken":["M","M","?","?","?","R","E","M","T","R","?","$","?","M","R","BOSS","M","M","?","?","?","R","E","?","T","M","R","M","M","E","R","BOSS"],"build_version":"2019-01-23","purchased_purges":1,"victory":false,"max_hp_per_floor":[68,68,68,69,69,69,70,71,71,71,71,71,71,72,72,73,73,74,75,75,75,75,75,76,76,76,77,77,78,79,80,80,80],"card_choices":[{"not_picked":["Compile Driver","Rip and Tear"],"picked":"Darkness","floor":1},{"not_picked":["Rebound","Barrage"],"picked":"Ball Lightning","floor":2},{"not_picked":["Storm","Static Discharge"],"picked":"Defragment","floor":4},{"not_picked":["Meteor Strike","Sweeping Beam"],"picked":"Glacier","floor":7},{"not_picked":["Redo","Ball Lightning"],"picked":"Coolheaded","floor":8},{"not_picked":["Sweeping Beam","Compile Driver","Gash"],"picked":"SKIP","floor":14},{"not_picked":["All For One","Thunder Strike"],"picked":"Buffer","floor":16},{"not_picked":["Steam+1","Melter","Barrage"],"picked":"SKIP","floor":18},{"not_picked":["Steam","Streamline","Beam Cell"],"picked":"SKIP","floor":19},{"not_picked":["Amplify","Conserve Battery"],"picked":"Electrodynamics","floor":24},{"not_picked":["Force Field+1","Beam Cell","Stack"],"picked":"SKIP","floor":27},{"not_picked":["Conserve Battery+1","Ball Lightning+1","Sweeping Beam+1"],"picked":"SKIP","floor":29},{"not_picked":["Rebound+1","Force Field","Hello World"],"picked":"SKIP","floor":30},{"not_picked":["Fusion","Tempest","Steam Power"],"picked":"SKIP","floor":31}],"player_experience":627606,"relics_obtained":[{"floor":7,"key":"MawBank"},{"floor":9,"key":"War Paint"},{"floor":24,"key":"Du-Vu Doll"},{"floor":26,"key":"Bag of Marbles"},{"floor":31,"key":"Dodecahedron"}],"event_choices":[{"damage_healed":0,"gold_gain":0,"player_choice":"Trade","damage_taken":0,"relics_obtained":["FaceOfCleric"],"max_hp_gain":0,"max_hp_loss":0,"event_name":"FaceTrader","floor":3,"gold_loss":0},{"damage_healed":0,"gold_gain":75,"player_choice":"Gather Gold","damage_taken":11,"max_hp_gain":0,"max_hp_loss":0,"event_name":"World of Goop","floor":5,"gold_loss":0},{"damage_healed":23,"gold_gain":0,"player_choice":"Banana","damage_taken":0,"max_hp_gain":0,"max_hp_loss":0,"event_name":"Big Fish","floor":11,"gold_loss":0},{"damage_healed":0,"gold_gain":0,"player_choice":"Success","damage_taken":7,"relics_obtained":["Potion Belt"],"max_hp_gain":0,"max_hp_loss":0,"event_name":"Scrap Ooze","floor":13,"gold_loss":0},{"damage_healed":0,"gold_gain":0,"player_choice":"Obtained Relic","damage_taken":0,"relics_obtained":["Bronze Scales"],"max_hp_gain":0,"max_hp_loss":0,"event_name":"Addict","floor":20,"gold_loss":85},{"damage_healed":0,"gold_gain":0,"player_choice":"Opened","damage_taken":0,"relics_obtained":["Orichalcum"],"max_hp_gain":0,"max_hp_loss":0,"event_name":"The Mausoleum","floor":21,"gold_loss":0,"cards_obtained":["Writhe"]},{"damage_healed":0,"gold_gain":0,"player_choice":"Rummage","damage_taken":0,"relics_obtained":["WarpedTongs"],"max_hp_gain":0,"max_hp_loss":0,"event_name":"Accursed Blacksmith","floor":25,"gold_loss":0,"cards_obtained":["Pain"]}],"is_beta":false,"boss_relics":[{"not_picked":["Runic Dome","Lizard Tail"],"picked":"Sozu"}],"items_purged_floors":[22],"is_endless":false,"potions_floor_spawned":[2,4,7,16,18,27,29,30],"killed_by":"Champ","ascension_level":10}