{"gold_per_floor":[17,17,33,48,59,92,17,67,67,85,101,101,101],"floor_reached":13,"playtime":374,"items_purged":["Strike_B"],"score":161,"play_id":"9a32958e-c246-4a02-950b-0335f740482f","local_time":"20190802173827","is_ascension_mode":true,"campfire_choices":[],"neow_cost":"NO_GOLD","seed_source_timestamp":2053386487859391,"circlet_count":0,"master_deck":["AscendersBane","Strike_B","Defend_B","Defend_B","Defend_B","Zap","Dualcast","Consume","Gash","Gash","Hologram","Compile Driver","Gash","Chaos"],"relics":["Cracked Core","Prayer Wheel","Ginger"],"potions_floor_usage":[13,13],"damage_taken":[{"damage":0,"enemies":"Small Slimes","floor":1,"turns":3},{"damage":7,"enemies":"2 Louse","floor":3,"turns":2},{"damage":1,"enemies":"Cultist","floor":4,"turns":3},{"damage":14,"enemies":"Blue Slaver","floor":5,"turns":4},{"damage":27,"enemies":"Lagavulin","floor":6,"turns":6},{"damage":4,"enemies":"Looter","floor":10,"turns":3},{"damage":7,"enemies":"2 Fungi Beasts","floor":11,"turns":3},{"damage":15,"enemies":"Gremlin Nob","floor":13,"turns":2}],"seed_played":"-766082565036990874","potions_obtained":[{"floor":1,"key":"FearPotion"},{"floor":6,"key":"GamblersBrew"}],"is_trial":false,"path_per_floor":["M","?","M","M","M","E","$","?","T","M","M","?","E"],"character_chosen":"DEFECT","items_purchased":[],"campfire_rested":0,"item_purchase_floors":[],"current_hp_per_floor":[64,64,57,56,42,15,15,15,15,11,4,4,0],"gold":101,"neow_bonus":"REMOVE_TWO","is_prod":false,"is_daily":false,"chose_seed":false,"campfire_upgraded":0,"win_rate":0,"timestamp":1564785507,"path_taken":["M","?","M","M","M","E","$","?","T","M","?","?","E"],"build_version":"2019-07-17","purchased_purges":1,"victory":false,"max_hp_per_floor":[71,71,71,71,71,71,71,71,71,71,71,71,71],"card_choices":[{"not_picked":["Force Field","Conserve Battery"],"picked":"Consume","floor":1},{"not_picked":["Chill","Barrage"],"picked":"Gash","floor":3},{"not_picked":["Leap","Ball Lightning"],"picked":"Gash","floor":4},{"not_picked":["Redo","Rebound"],"picked":"Hologram","floor":5},{"not_picked":["Barrage","Genetic Algorithm"],"picked":"Compile Driver","floor":6},{"not_picked":["Static Discharge","Doom and Gloom"],"picked":"Gash","floor":10},{"not_picked":["Hyperbeam","Rebound","Turbo"],"picked":"SKIP","floor":10},{"not_picked":["Seek","Go for the Eyes"],"picked":"Chaos","floor":11},{"not_picked":["Streamline","Cold Snap","Gash"],"picked":"SKIP","floor":11}],"player_experience":411621,"relics_obtained":[{"floor":6,"key":"Prayer Wheel"},{"floor":9,"key":"Ginger"}],"event_choices":[{"cards_removed":["Strike_B"],"damage_healed":0,"gold_gain":0,"player_choice":"Forget","damage_taken":0,"max_hp_gain":0,"max_hp_loss":0,"event_name":"Living Wall","floor":2,"gold_loss":0},{"damage_healed":0,"gold_gain":50,"player_choice":"Pray","damage_taken":0,"max_hp_gain":0,"max_hp_loss":0,"event_name":"Golden Shrine","floor":8,"gold_loss":0},{"damage_healed":0,"gold_gain":0,"player_choice":"Ignored","damage_taken":0,"max_hp_gain":0,"max_hp_loss":0,"event_name":"Liars Game","floor":12,"gold_loss":0}],"is_beta":false,"boss_relics":[],"items_purged_floors":[7],"is_endless":false,"potions_floor_spawned":[1,6,11],"killed_by":"Gremlin Nob","ascension_level":17}