{"gold_per_floor":[110,123,141,160,125,125,141,141,221,221,231,231,250,279,279,279],"floor_reached":16,"playtime":1096,"items_purged":[],"score":104,"play_id":"d640897c-541e-4006-bde8-123570c17b26","local_time":"20181229131753","is_ascension_mode":false,"campfire_choices":[{"data":"Armaments","floor":6,"key":"SMITH"},{"floor":8,"key":"RECALL"},{"data":"Bash","floor":12,"key":"SMITH"},{"data":"Juggernaut","floor":15,"key":"SMITH"}],"neow_cost":"NONE","seed_source_timestamp":518461575027332,"circlet_count":0,"master_deck":["Strike_R","Strike_R","Strike_R","Strike_R","Strike_R","Defend_R","Defend_R","Defend_R","Defend_R","Bash+1","Clash","Blood for Blood","Armaments+1","Cleave","Juggernaut+1"],"relics":["Burning Blood","NeowsBlessing","Singing Bowl","Unceasing Top"],"potions_floor_usage":[13,13,13],"damage_taken":[{"damage":0,"enemies":"2 Louse","floor":1,"turns":1},{"damage":0,"enemies":"Jaw Worm","floor":2,"turns":1},{"damage":0,"enemies":"Cultist","floor":3,"turns":1},{"damage":28,"enemies":"Large Slime","floor":4,"turns":9},{"damage":8,"enemies":"3 Louse","floor":7,"turns":4},{"damage":12,"enemies":"Exordium Thugs","floor":11,"turns":3},{"damage":14,"enemies":"Gremlin Gang","floor":13,"turns":3},{"damage":25,"enemies":"Gremlin Nob","floor":14,"turns":4},{"damage":57,"enemies":"Slime Boss","floor":16,"turns":6}],"seed_played":"-4731073306430673790","potions_obtained":[{"floor":1,"key":"Weak Potion"},{"floor":4,"key":"BloodPotion"},{"floor":7,"key":"FearPotion"}],"is_trial":false,"path_per_floor":["M","M","M","M","?","R","M","R","T","?","M","R","M","E","R","B"],"character_chosen":"IRONCLAD","items_purchased":[],"campfire_rested":0,"item_purchase_floors":[],"current_hp_per_floor":[80,80,80,58,78,78,76,76,76,76,72,72,74,55,55,0],"gold":279,"neow_bonus":"THREE_ENEMY_KILL","is_prod":false,"is_daily":false,"chose_seed":false,"campfire_upgraded":3,"win_rate":0,"timestamp":1546067873,"path_taken":["M","M","M","M","?","R","M","R","T","?","M","R","M","E","R","BOSS"],"build_version":"2018-12-20","purchased_purges":0,"victory":false,"max_hp_per_floor":[80,80,80,80,80,80,80,80,80,80,82,82,84,84,84,84],"card_choices":[{"not_picked":["Infernal Blade","Inflame"],"picked":"Clash","floor":1},{"not_picked":["Havoc","Body Slam"],"picked":"Blood for Blood","floor":2},{"not_picked":["Searing Blow","Clothesline"],"picked":"Armaments","floor":3},{"not_picked":["Searing Blow","Whirlwind","Power Through"],"picked":"SKIP","floor":4},{"not_picked":["Wild Strike","Flex"],"picked":"Cleave","floor":7},{"not_picked":["Disarm","Corruption","Burning Pact"],"picked":"Singing Bowl","floor":11},{"not_picked":["Thunderclap","Cleave","Flex"],"picked":"Singing Bowl","floor":13},{"not_picked":["Ghostly Armor","Clothesline"],"picked":"Juggernaut","floor":14}],"player_experience":438842,"relics_obtained":[{"floor":9,"key":"Singing Bowl"},{"floor":14,"key":"Unceasing Top"}],"event_choices":[{"damage_healed":20,"gold_gain":0,"player_choice":"Healed","damage_taken":0,"max_hp_gain":0,"max_hp_loss":0,"event_name":"The Cleric","floor":5,"gold_loss":35},{"damage_healed":0,"gold_gain":0,"player_choice":"Ignored","damage_taken":0,"max_hp_gain":0,"max_hp_loss":0,"event_name":"Liars Game","floor":10,"gold_loss":0}],"is_beta":false,"boss_relics":[],"items_purged_floors":[],"is_endless":false,"potions_floor_spawned":[1,4,7],"killed_by":"Slime Boss","ascension_level":0}