{"gold_per_floor":[112,112,37,212,231,258,258,17,17,17],"floor_reached":10,"playtime":321,"items_purged":["Strike_R","Doubt"],"score":74,"play_id":"911b35b6-3cf1-4bd3-bf19-765cf439acc6","local_time":"20190603213607","is_ascension_mode":true,"campfire_choices":[],"neow_cost":"CURSE","seed_source_timestamp":108433500168,"circlet_count":0,"master_deck":["Strike_R","Strike_R","Strike_R+1","Defend_R","Defend_R","Defend_R","Bash","Sword Boomerang","Brutality+1","Cleave","Bloodletting","Spot Weakness","Barricade"],"relics":["Burning Blood","Question Card","Kunai"],"potions_floor_usage":[],"damage_taken":[{"damage":8,"enemies":"Small Slimes","floor":1,"turns":4},{"damage":24,"enemies":"Jaw Worm","floor":5,"turns":5},{"damage":40,"enemies":"Gremlin Nob","floor":6,"turns":5},{"damage":3,"enemies":"2 Louse","floor":10,"turns":1}],"seed_played":"-4519342245258071695","potions_obtained":[{"floor":6,"key":"Dexterity Potion"}],"is_trial":false,"path_per_floor":["M","?","$","?","M","E","?","$","T","M"],"character_chosen":"IRONCLAD","items_purchased":["Barricade"],"campfire_rested":0,"item_purchase_floors":[8],"current_hp_per_floor":[78,71,71,71,53,19,3,3,3,0],"gold":17,"neow_bonus":"TRANSFORM_TWO_CARDS","is_prod":false,"is_daily":false,"chose_seed":false,"campfire_upgraded":0,"win_rate":0,"timestamp":1559615767,"path_taken":["M","?","$","?","M","E","?","?","T","M"],"build_version":"2019-01-23","purchased_purges":2,"victory":false,"max_hp_per_floor":[80,80,80,80,80,80,80,80,80,80],"card_choices":[{"not_picked":["Carnage","Twin Strike"],"picked":"Cleave","floor":1},{"not_picked":["Anger","Wild Strike"],"picked":"Bloodletting","floor":5},{"not_picked":["Armaments","Cleave"],"picked":"Spot Weakness","floor":6}],"player_experience":70505,"relics_obtained":[{"floor":6,"key":"Question Card"},{"floor":9,"key":"Kunai"}],"event_choices":[{"cards_removed":["Injury"],"damage_healed":0,"gold_gain":0,"player_choice":"Card Removal","damage_taken":7,"max_hp_gain":0,"max_hp_loss":0,"event_name":"Golden Wing","floor":2,"gold_loss":0},{"damage_healed":0,"gold_gain":175,"player_choice":"AGREE","damage_taken":0,"max_hp_gain":0,"max_hp_loss":0,"event_name":"Liars Game","floor":4,"gold_loss":0,"cards_obtained":["Doubt"]},{"damage_healed":0,"gold_gain":0,"player_choice":"Entered Light","damage_taken":16,"max_hp_gain":0,"max_hp_loss":0,"event_name":"Shining Light","floor":7,"gold_loss":0,"cards_upgraded":["Brutality","Strike_R"]}],"is_beta":false,"boss_relics":[],"items_purged_floors":[3,8],"is_endless":false,"potions_floor_spawned":[6],"killed_by":"2 Louse","ascension_level":3}