{"gold_per_floor":[109,184,184,200,125,125,151,76,76,103,114,114,128,141,141,141],"floor_reached":16,"playtime":323,"items_purged":["Defend_G"],"score":270,"play_id":"9229548f-ebe4-443c-8671-3d7cf270a0ac","local_time":"20190818094142","is_ascension_mode":true,"campfire_choices":[{"data":"Flechettes","floor":6.0,"key":"SMITH"},{"floor":15,"key":"REST"}],"neow_cost":"NONE","seed_source_timestamp":113282234214800,"circlet_count":0,"master_deck":["AscendersBane","Strike_G","Strike_G","Strike_G","Defend_G","Defend_G","Defend_G","Defend_G","Survivor","Neutralize","PiercingWail","Flechettes+1","Heel Hook","Backstab","Deflect","Caltrops","Backstab"],"special_seed":0,"relics":["Ring of the Snake","NeowsBlessing","FaceOfCleric","Potion Belt","Sundial","Gremlin Horn"],"potions_floor_usage":[10,10],"damage_taken":[{"damage":0.0,"enemies":"2 Louse","floor":1.0,"turns":1.0},{"damage":0.0,"enemies":"Cultist","floor":4.0,"turns":1.0},{"damage":0.0,"enemies":"Lagavulin","floor":7.0,"turns":1.0},{"damage":26,"enemies":"Gremlin Nob","floor":10,"turns":4},{"damage":0,"enemies":"Small Slimes","floor":11,"turns":2},{"damage":0,"enemies":"Looter","floor":13,"turns":2},{"damage":11,"enemies":"Exordium Wildlife","floor":14,"turns":6},{"damage":19,"enemies":"The Guardian","floor":16,"turns":6}],"seed_played":"-8135383736337334177","potions_obtained":[{"floor":4.0,"key":"SteroidPotion"},{"floor":7.0,"key":"GamblersBrew"},{"floor":14,"key":"SneckoOil"}],"is_trial":false,"path_per_floor":["M","?","?","M","?","R","E","$","T","E","M","?","M","M","R","B"],"character_chosen":"THE_SILENT","items_purchased":[],"campfire_rested":1,"item_purchase_floors":[],"current_hp_per_floor":[59,48,48,49,49,49,50,50,50,25,26,19,20,10,31,12],"gold":141,"neow_bonus":"THREE_ENEMY_KILL","is_prod":false,"is_daily":false,"chose_seed":false,"campfire_upgraded":1,"win_rate":0,"timestamp":1566114102,"path_taken":["M","?","?","?","?","R","E","$","T","E","M","?","M","M","R","BOSS"],"build_version":"2019-07-17","purchased_purges":1,"victory":false,"max_hp_per_floor":[66,66,66,67,67,67,68,68,68,69,70,70,71,72,72,72],"card_choices":[{"not_picked":["Prepared","Flying Knee"],"picked":"PiercingWail","floor":1.0},{"not_picked":["Acrobatics","Blur"],"picked":"Flechettes","floor":4.0},{"not_picked":["Skewer","Acrobatics"],"picked":"Heel Hook","floor":7.0},{"not_picked":["Heel Hook","Accuracy"],"picked":"Backstab","floor":10},{"not_picked":["Quick Slash","Flechettes"],"picked":"Deflect","floor":11},{"not_picked":["Backflip","Finisher"],"picked":"Caltrops","floor":13},{"not_picked":["Dagger Spray","Finisher"],"picked":"Backstab","floor":14}],"player_experience":1117360,"relics_obtained":[{"floor":7.0,"key":"Potion Belt"},{"floor":9.0,"key":"Sundial"},{"floor":10,"key":"Gremlin Horn"}],"event_choices":[{"damage_healed":0.0,"max_hp_gain":0.0,"max_hp_loss":0.0,"gold_gain":75.0,"event_name":"World of Goop","player_choice":"Gather Gold","floor":2.0,"gold_loss":0.0,"damage_taken":11.0},{"damage_healed":0.0,"max_hp_gain":0.0,"max_hp_loss":0.0,"gold_gain":0.0,"event_name":"FaceTrader","player_choice":"Trade","floor":3.0,"gold_loss":0.0,"damage_taken":0.0,"relics_obtained":["FaceOfCleric"]},{"cards_removed":["Strike_G"],"damage_healed":0.0,"max_hp_gain":0.0,"max_hp_loss":0.0,"gold_gain":0.0,"event_name":"The Cleric","player_choice":"Card Removal","floor":5.0,"gold_loss":75.0,"damage_taken":0.0},{"cards_removed":["Strike_G"],"damage_healed":0,"gold_gain":0,"player_choice":"Card Removal","damage_taken":7,"max_hp_gain":0,"max_hp_loss":0,"event_name":"Golden Wing","floor":12,"gold_loss":0}],"is_beta":false,"boss_relics":[],"items_purged_floors":[8],"is_endless":false,"potions_floor_spawned":[4,7,14],"killed_by":"The Guardian","ascension_level":20}