{"gold_per_floor":[211,211,234,77,57,57,88,106,106,106,147,147,147,168,168,297,297,287,305,52,77,77,77,115,128,128,128,168,134,187,102,102,102],"floor_reached":33,"playtime":1408,"items_purged":[],"score":407,"play_id":"572462f4-394e-4083-a7b3-100031bfd202","local_time":"20190618191843","is_ascension_mode":true,"campfire_choices":[{"data":"Zap","floor":6,"key":"SMITH"},{"data":"Chaos","floor":10,"key":"SMITH"},{"data":"Recycle","floor":13,"key":"SMITH"},{"data":"Defragment","floor":15,"key":"SMITH"},{"floor":23,"key":"REST"},{"floor":27,"key":"REST"},{"floor":32,"key":"REST"}],"neow_cost":"NONE","seed_source_timestamp":597174013242022,"circlet_count":0,"master_deck":["Strike_B","Strike_B","Strike_B","Defend_B","Defend_B","Defend_B","Defend_B","Zap+1","Dualcast","Melter","Steam","Chaos+1","Defragment+1","Recycle+1","Amplify","Capacitor","Seek+1","Doom and Gloom","Hologram+1","Seek+1","Leap+1","Coolheaded+1","Capacitor","Loop"],"relics":["Cracked Core","Golden Idol","PreservedInsect","Ornamental Fan","Boot","Dead Branch","Nuclear Battery","Toxic Egg 2","Pear","Mummified Hand","Sundial","Lantern","Bag of Preparation"],"potions_floor_usage":[11,11,14,21,24,24,28],"damage_taken":[{"damage":7,"enemies":"Jaw Worm","floor":1,"turns":3},{"damage":3,"enemies":"2 Louse","floor":3,"turns":2},{"damage":14,"enemies":"3 Sentries","floor":7,"turns":5},{"damage":0,"enemies":"Cultist","floor":8,"turns":3},{"damage":1,"enemies":"Gremlin Nob","floor":11,"turns":3},{"damage":4,"enemies":"Exordium Wildlife","floor":14,"turns":5},{"damage":22,"enemies":"The Guardian","floor":16,"turns":11},{"damage":30,"enemies":"2 Thieves","floor":18,"turns":4},{"damage":0,"enemies":"Spheric Guardian","floor":19,"turns":1},{"damage":9,"enemies":"Cultist and Chosen","floor":21,"turns":5},{"damage":19,"enemies":"Slavers","floor":24,"turns":4},{"damage":8,"enemies":"Snake Plant","floor":25,"turns":4},{"damage":20,"enemies":"Gremlin Leader","floor":28,"turns":7},{"damage":52,"enemies":"Automaton","floor":33,"turns":6}],"seed_played":"-6016886700778065429","potions_obtained":[{"floor":1,"key":"Regen Potion"},{"floor":5,"key":"Poison Potion"},{"floor":8,"key":"FearPotion"},{"floor":11,"key":"SkillPotion"},{"floor":19,"key":"AttackPotion"},{"floor":21,"key":"Block Potion"},{"floor":25,"key":"Weak Potion"}],"is_trial":false,"path_per_floor":["M","?","M","$","?","R","E","M","T","R","E","?","R","M","R","B",null,"M","M","$","M","?","R","E","M","T","R","E","$","T","?","R","B"],"character_chosen":"DEFECT","items_purchased":["PreservedInsect","Toxic Egg 2","Loop"],"campfire_rested":3,"item_purchase_floors":[4,20,29],"current_hp_per_floor":[61,61,58,58,58,58,44,44,44,44,52,52,52,48,48,26,58,28,28,28,19,19,39,30,22,22,45,25,25,25,25,48,0],"gold":102,"neow_bonus":"HUNDRED_GOLD","is_prod":false,"is_daily":false,"chose_seed":false,"campfire_upgraded":4,"win_rate":0,"timestamp":1560903523,"path_taken":["M","?","M","$","?","R","E","?","T","R","E","?","R","M","R","BOSS","M","M","$","M","?","R","E","M","T","R","E","$","?","?","R","BOSS"],"build_version":"2019-01-23","purchased_purges":0,"victory":false,"max_hp_per_floor":[75,69,69,69,69,69,69,69,69,69,69,69,69,69,69,69,69,69,69,69,69,69,69,79,79,79,79,79,79,79,79,79,79],"card_choices":[{"not_picked":["Self Repair","Recycle"],"picked":"Melter","floor":1},{"not_picked":["Static Discharge","White Noise"],"picked":"Steam","floor":3},{"not_picked":["Streamline","Hologram"],"picked":"Chaos","floor":7},{"not_picked":["Undo","Loop"],"picked":"Defragment","floor":8},{"not_picked":["Heatsinks","Compile Driver"],"picked":"Recycle","floor":11},{"not_picked":["Streamline","Conserve Battery"],"picked":"Capacitor","floor":14},{"not_picked":["All For One","Amplify"],"picked":"Seek","floor":16},{"not_picked":["Sweeping Beam","Coolheaded"],"picked":"Doom and Gloom","floor":18},{"not_picked":["Rebound","Turbo"],"picked":"Hologram+1","floor":19},{"not_picked":["Doom and Gloom+1","Static Discharge"],"picked":"Seek+1","floor":21},{"not_picked":["Machine Learning","Reprogram+1"],"picked":"Leap+1","floor":24},{"not_picked":["Reprogram+1","Stack+1"],"picked":"Coolheaded+1","floor":25},{"not_picked":["Turbo+1","Recycle+1"],"picked":"Capacitor","floor":28}],"player_experience":215511,"relics_obtained":[{"floor":7,"key":"Ornamental Fan"},{"floor":9,"key":"Boot"},{"floor":11,"key":"Dead Branch"},{"floor":24,"key":"Pear"},{"floor":26,"key":"Mummified Hand"},{"floor":28,"key":"Sundial"},{"floor":30,"key":"Lantern"}],"event_choices":[{"damage_healed":0,"gold_gain":0,"player_choice":"Lose Max HP","damage_taken":0,"relics_obtained":["Golden Idol"],"max_hp_gain":0,"max_hp_loss":6,"event_name":"Golden Idol","floor":2,"gold_loss":0},{"damage_healed":0,"gold_gain":0,"player_choice":"Bought 1 Potion","damage_taken":0,"max_hp_gain":0,"max_hp_loss":0,"event_name":"The Woman in Blue","floor":5,"gold_loss":0},{"damage_healed":0,"gold_gain":0,"cards_transformed":["Strike_B"],"player_choice":"Transformed","damage_taken":0,"max_hp_gain":0,"max_hp_loss":0,"event_name":"Transmorgrifier","floor":12,"gold_loss":0,"cards_obtained":["Amplify"]},{"damage_healed":0,"gold_gain":0,"player_choice":"Upgraded","damage_taken":0,"max_hp_gain":0,"max_hp_loss":0,"event_name":"Upgrade Shrine","floor":22,"gold_loss":0,"cards_upgraded":["Seek"]},{"damage_healed":0,"gold_gain":0,"player_choice":"Obtained Relic","damage_taken":0,"relics_obtained":["Bag of Preparation"],"max_hp_gain":0,"max_hp_loss":0,"event_name":"Addict","floor":31,"gold_loss":85}],"is_beta":false,"boss_relics":[{"not_picked":["Busted Crown","Runic Dome"],"picked":"Nuclear Battery"}],"items_purged_floors":[],"is_endless":false,"potions_floor_spawned":[1,8,11,19,21,25],"killed_by":"Automaton","ascension_level":8}