{"gold_per_floor":[113,113,11,11,11,44,44,61,61,61,61,81,93,122,122,122],"floor_reached":16,"playtime":894,"items_purged":["Strike_G"],"score":146,"play_id":"482d70cb-e66b-4540-ae84-242d70e5ba14","local_time":"20190114215648","is_ascension_mode":true,"campfire_choices":[{"data":"Blade Dance","floor":7,"key":"SMITH"},{"data":"Dodge and Roll","floor":10,"key":"SMITH"},{"floor":15,"key":"REST"}],"neow_cost":"NONE","seed_source_timestamp":532835467147425,"circlet_count":0,"master_deck":["Defend_G","Defend_G","Defend_G","Defend_G","Defend_G+1","Strike_G+1","Strike_G","Strike_G","Strike_G","Survivor","Neutralize","Backflip","Pain","Blade Dance+1","Dodge and Roll+1","Backflip","Quick Slash","Dagger Throw"],"relics":["Ring of the Snake","NeowsBlessing","WarpedTongs","Sundial","Frozen Egg 2","Bottled Lightning"],"potions_floor_usage":[14,16,16],"damage_taken":[{"damage":0,"enemies":"Jaw Worm","floor":1,"turns":1},{"damage":1,"enemies":"Lagavulin","floor":6,"turns":1},{"damage":1,"enemies":"Cultist","floor":8,"turns":1},{"damage":3,"enemies":"Small Slimes","floor":12,"turns":5},{"damage":8,"enemies":"Exordium Wildlife","floor":13,"turns":4},{"damage":6,"enemies":"3 Sentries","floor":14,"turns":7},{"damage":47,"enemies":"Hexaghost","floor":16,"turns":15}],"seed_played":"-6113218868809427819","potions_obtained":[{"floor":6,"key":"Weak Potion"},{"floor":13,"key":"Explosive Potion"},{"floor":14,"key":"Poison Potion"}],"is_trial":false,"path_per_floor":["M","?","$","T","?","E","R","M","T","R","?","M","M","E","R","B"],"character_chosen":"THE_SILENT","items_purchased":["Blade Dance"],"campfire_rested":1,"item_purchase_floors":[3],"current_hp_per_floor":[70,70,70,70,58,57,57,56,56,56,42,39,31,25,46,0],"gold":122,"neow_bonus":"THREE_ENEMY_KILL","is_prod":false,"is_daily":false,"chose_seed":false,"campfire_upgraded":2,"win_rate":0,"timestamp":1547521008,"path_taken":["M","?","$","?","?","E","R","M","T","R","?","M","M","E","R","BOSS"],"build_version":"2019-01-10","purchased_purges":1,"victory":false,"max_hp_per_floor":[70,70,70,70,70,70,70,70,70,70,70,70,70,70,70,70],"card_choices":[{"not_picked":["Dagger Throw","Bouncing Flask"],"picked":"Backflip","floor":1},{"not_picked":["Sucker Punch","Choke"],"picked":"Dodge and Roll","floor":6},{"not_picked":["Leg Sweep","Underhanded Strike"],"picked":"Backflip","floor":8},{"not_picked":["Caltrops+1","Underhanded Strike"],"picked":"Quick Slash","floor":12},{"not_picked":["Sucker Punch","Underhanded Strike"],"picked":"Dagger Throw","floor":13},{"not_picked":["Underhanded Strike","Eviscerate","Predator"],"picked":"SKIP","floor":14}],"player_experience":267044,"relics_obtained":[{"floor":6,"key":"Sundial"},{"floor":9,"key":"Frozen Egg 2"},{"floor":14,"key":"Bottled Lightning"}],"event_choices":[{"damage_healed":0,"gold_gain":0,"player_choice":"Rummage","damage_taken":0,"relics_obtained":["WarpedTongs"],"max_hp_gain":0,"max_hp_loss":0,"event_name":"Accursed Blacksmith","floor":2,"gold_loss":0,"cards_obtained":["Pain"]},{"damage_healed":0,"gold_gain":0,"player_choice":"Fled","damage_taken":12,"max_hp_gain":0,"max_hp_loss":0,"event_name":"Scrap Ooze","floor":5,"gold_loss":0},{"damage_healed":0,"gold_gain":0,"player_choice":"Entered Light","damage_taken":14,"max_hp_gain":0,"max_hp_loss":0,"event_name":"Shining Light","floor":11,"gold_loss":0,"cards_upgraded":["Defend_G","Strike_G"]}],"is_beta":false,"boss_relics":[],"items_purged_floors":[3],"is_endless":false,"potions_floor_spawned":[6,13,14],"killed_by":"Hexaghost","ascension_level":2}