{"gold_per_floor":[119,139,159,172,184,184,216,216,295,330,139,155,74,85,85,85],"floor_reached":16,"playtime":599,"items_purged":[],"score":177,"play_id":"ff681da9-9eeb-45cc-ab3b-9a52faf89d7b","local_time":"20190623193458","is_ascension_mode":true,"campfire_choices":[{"data":"Zap","floor":6,"key":"SMITH"},{"data":"Doom and Gloom","floor":8,"key":"SMITH"},{"floor":15,"key":"REST"}],"neow_cost":"TEN_PERCENT_HP_LOSS","seed_source_timestamp":256436499114030,"circlet_count":0,"master_deck":["AscendersBane","Strike_B","Strike_B","Strike_B","Strike_B","Defend_B","Defend_B+1","Defend_B","Defend_B","Zap+1","Dualcast+1","Electrodynamics","Lockon","Steam","Doom and Gloom+1","Cold Snap","Turbo","Multi-Cast","Melter","Consume","Good Instincts","Stack"],"relics":["Cracked Core","War Paint","Shuriken","Incense Burner","Runic Capacitor"],"potions_floor_usage":[16],"damage_taken":[{"damage":1,"enemies":"Cultist","floor":1,"turns":3},{"damage":0,"enemies":"Small Slimes","floor":2,"turns":3},{"damage":2,"enemies":"2 Louse","floor":3,"turns":2},{"damage":2,"enemies":"Looter","floor":4,"turns":3},{"damage":11,"enemies":"2 Fungi Beasts","floor":5,"turns":3},{"damage":7,"enemies":"Gremlin Nob","floor":7,"turns":3},{"damage":23,"enemies":"3 Sentries","floor":10,"turns":5},{"damage":13,"enemies":"Large Slime","floor":12,"turns":3},{"damage":5,"enemies":"Gremlin Gang","floor":14,"turns":2},{"damage":26,"enemies":"Hexaghost","floor":16,"turns":9}],"seed_played":"-5754462658557549598","potions_obtained":[{"floor":1,"key":"Strength Potion"},{"floor":3,"key":"Strength Potion"},{"floor":14,"key":"Block Potion"}],"is_trial":false,"path_per_floor":["M","M","M","M","M","R","E","R","T","E","$","M","$","M","R","B"],"character_chosen":"DEFECT","items_purchased":["Runic Capacitor","Good Instincts"],"campfire_rested":1,"item_purchase_floors":[11,13],"current_hp_per_floor":[67,67,65,63,52,52,45,45,45,22,22,9,9,4,24,0],"gold":85,"neow_bonus":"THREE_RARE_CARDS","is_prod":false,"is_daily":false,"chose_seed":false,"campfire_upgraded":2,"win_rate":0,"timestamp":1561336498,"path_taken":["M","M","M","?","M","R","E","R","T","E","$","M","$","M","R","BOSS"],"build_version":"2019-01-23","purchased_purges":0,"victory":false,"max_hp_per_floor":[68,68,68,68,68,68,68,68,68,68,68,68,68,68,68,68],"card_choices":[{"not_picked":["Seek","All For One"],"picked":"Electrodynamics","floor":0},{"not_picked":["Aggregate","Gash"],"picked":"Lockon","floor":1},{"not_picked":["Turbo","Coolheaded"],"picked":"Steam","floor":2},{"not_picked":["Cold Snap","Skim"],"picked":"Doom and Gloom","floor":3},{"not_picked":["Stack","Doom and Gloom"],"picked":"Cold Snap","floor":4},{"not_picked":["Skim","Beam Cell"],"picked":"Turbo","floor":5},{"not_picked":["Force Field","Sweeping Beam"],"picked":"Multi-Cast","floor":7},{"not_picked":["Cold Snap","Sweeping Beam"],"picked":"Melter","floor":10},{"not_picked":["Storm","Coolheaded"],"picked":"Consume","floor":12},{"not_picked":["Gash","Turbo"],"picked":"Stack","floor":14}],"player_experience":275358,"relics_obtained":[{"floor":7,"key":"War Paint"},{"floor":9,"key":"Shuriken"},{"floor":10,"key":"Incense Burner"}],"event_choices":[],"is_beta":false,"boss_relics":[],"items_purged_floors":[],"is_endless":false,"potions_floor_spawned":[1,3,14],"killed_by":"Hexaghost","ascension_level":11}