{"gold_per_floor":[115,40,52,52,76,76,76,76,130,151,176,176,197,215,215,341,341,357,377,377,68,81,96,96,96,96,96,109,132,165,185,185,185],"floor_reached":33,"playtime":744,"items_purged":["Strike_R","Strike_R"],"score":261,"play_id":"29ebf41d-2222-4de9-ab65-a7013cc25e71","local_time":"20190807001253","is_ascension_mode":false,"campfire_choices":[{"data":"Bash","floor":6,"key":"SMITH"},{"floor":8,"key":"REST"},{"data":"Combust","floor":12,"key":"SMITH"},{"data":"Strike_R","floor":15,"key":"SMITH"},{"floor":25,"key":"REST"},{"floor":32,"key":"REST"}],"neow_cost":"NONE","seed_source_timestamp":103286505434000,"circlet_count":0,"master_deck":["Strike_R+1","Defend_R+1","Defend_R+1","Bash+1","Combust+1","Offering","Rampage","Writhe","Shrug It Off+1","Dropkick","Metallicize"],"relics":["Burning Blood","Golden Idol","War Paint","Blood Vial","Empty Cage","Medical Kit","Mercury Hourglass","Bag of Preparation","Orichalcum"],"potions_floor_usage":[30,30,30,33],"damage_taken":[{"damage":6,"enemies":"Cultist","floor":1,"turns":3},{"damage":11,"enemies":"Jaw Worm","floor":3,"turns":3},{"damage":8,"enemies":"Small Slimes","floor":10,"turns":3},{"damage":3,"enemies":"3 Louse","floor":11,"turns":3},{"damage":6,"enemies":"2 Fungi Beasts","floor":13,"turns":4},{"damage":1,"enemies":"Large Slime","floor":14,"turns":5},{"damage":53,"enemies":"Slime Boss","floor":16,"turns":11},{"damage":11,"enemies":"Chosen","floor":18,"turns":4},{"damage":31,"enemies":"Spheric Guardian","floor":19,"turns":4},{"damage":18,"enemies":"Chosen and Byrds","floor":22,"turns":3},{"damage":19,"enemies":"Sentry and Sphere","floor":23,"turns":4},{"damage":29,"enemies":"Shelled Parasite and Fungi","floor":28,"turns":3},{"damage":10,"enemies":"Centurion and Healer","floor":29,"turns":4},{"damage":47,"enemies":"Slavers","floor":30,"turns":3},{"damage":6,"enemies":"Snake Plant","floor":31,"turns":2},{"damage":57,"enemies":"Collector","floor":33,"turns":5}],"seed_played":"-246273850100639106","potions_obtained":[{"floor":1,"key":"Swift Potion"},{"floor":3,"key":"PowerPotion"},{"floor":11,"key":"Regen Potion"},{"floor":18,"key":"BloodPotion"},{"floor":31,"key":"Dexterity Potion"}],"is_trial":false,"path_per_floor":["M","$","M","?","T","R","?","R","T","M","M","R","M","M","R","B",null,"M","M","?","$","M","M","?","R","T","?","M","M","E","M","R","B"],"character_chosen":"IRONCLAD","items_purchased":["Medical Kit"],"campfire_rested":3,"item_purchase_floors":[21],"current_hp_per_floor":[80,80,75,55,55,55,39,63,63,63,68,68,70,77,77,32,80,75,52,52,52,42,31,31,55,55,55,34,32,22,24,48,0],"gold":185,"neow_bonus":"REMOVE_CARD","is_prod":false,"is_daily":false,"chose_seed":false,"campfire_upgraded":3,"win_rate":0,"timestamp":1565151173,"path_taken":["M","$","M","?","?","R","?","R","T","M","M","R","M","?","R","BOSS","M","M","?","$","M","?","?","R","T","?","M","M","E","M","R","BOSS"],"build_version":"2019-07-17","purchased_purges":2,"victory":false,"max_hp_per_floor":[80,80,80,80,80,80,80,80,80,80,80,80,80,80,80,80,80,80,80,80,80,80,80,80,80,80,80,80,80,80,80,80,80],"card_choices":[{"not_picked":["Battle Trance","Seeing Red"],"picked":"Combust","floor":1},{"not_picked":["Cleave","Spot Weakness","Burning Pact"],"picked":"SKIP","floor":3},{"not_picked":["Thunderclap","Body Slam","Clash"],"picked":"SKIP","floor":10},{"not_picked":["Battle Trance","Bloodletting","Hemokinesis"],"picked":"SKIP","floor":11},{"not_picked":["Heavy Blade","Intimidate","Headbutt"],"picked":"SKIP","floor":13},{"not_picked":["Disarm","Armaments","True Grit"],"picked":"SKIP","floor":14},{"not_picked":["Berserk","Brutality"],"picked":"Offering","floor":16},{"not_picked":["Whirlwind","Heavy Blade","Warcry"],"picked":"SKIP","floor":18},{"not_picked":["Twin Strike","Headbutt+1"],"picked":"Rampage","floor":19},{"not_picked":["Sentinel+1","Havoc","Second Wind"],"picked":"SKIP","floor":22},{"not_picked":["Anger","Armaments","Twin Strike"],"picked":"SKIP","floor":23},{"not_picked":["Twin Strike","Anger"],"picked":"Shrug It Off+1","floor":28},{"not_picked":["Clash","Shrug It Off+1","Burning Pact+1"],"picked":"SKIP","floor":29},{"not_picked":["Infernal Blade","Demon Form"],"picked":"Dropkick","floor":30},{"not_picked":["Shockwave","Flame Barrier+1"],"picked":"Metallicize","floor":31}],"player_experience":755666,"relics_obtained":[{"floor":5,"key":"War Paint"},{"floor":9,"key":"Blood Vial"},{"floor":26,"key":"Bag of Preparation"},{"floor":30,"key":"Orichalcum"}],"event_choices":[{"damage_healed":0,"gold_gain":0,"player_choice":"Take Damage","damage_taken":20,"relics_obtained":["Golden Idol"],"max_hp_gain":0,"max_hp_loss":0,"event_name":"Golden Idol","floor":4,"gold_loss":0},{"damage_healed":0,"gold_gain":0,"player_choice":"Entered Light","damage_taken":16,"max_hp_gain":0,"max_hp_loss":0,"event_name":"Shining Light","floor":7,"gold_loss":0,"cards_upgraded":["Defend_R","Defend_R"]},{"cards_removed":["Defend_R"],"damage_healed":0,"gold_gain":0,"player_choice":"Purged","damage_taken":0,"max_hp_gain":0,"max_hp_loss":0,"event_name":"Purifier","floor":20,"gold_loss":0},{"damage_healed":0,"gold_gain":0,"player_choice":"Opened","damage_taken":0,"relics_obtained":["Mercury Hourglass"],"max_hp_gain":0,"max_hp_loss":0,"event_name":"The Mausoleum","floor":24,"gold_loss":0,"cards_obtained":["Writhe"]},{"damage_healed":0,"gold_gain":0,"player_choice":"Ignored","damage_taken":0,"max_hp_gain":0,"max_hp_loss":0,"event_name":"Ghosts","floor":27,"gold_loss":0}],"is_beta":false,"boss_relics":[{"not_picked":["Fusion Hammer","Runic Pyramid"],"picked":"Empty Cage"}],"items_purged_floors":[2,21],"is_endless":false,"potions_floor_spawned":[1,3,11,16,18,23,31],"killed_by":"Collector","ascension_level":0}