{"gold_per_floor":[111,111,286,309,187,204,204,235,258,278,294,294,329,346,346,441,441,423,423,209,228,247,247,310,585,585,585],"floor_reached":27,"playtime":1092,"items_purged":["Doubt"],"score":337,"play_id":"ae1475eb-641e-4a04-9591-d88e565baa59","local_time":"20190608171028","is_ascension_mode":true,"campfire_choices":[{"data":"Zap","floor":7,"key":"SMITH"},{"floor":15,"key":"REST"},{"floor":23,"key":"REST"}],"neow_cost":"NONE","seed_source_timestamp":200955485296175,"circlet_count":0,"master_deck":["Strike_B","Strike_B","Strike_B","Defend_B","Defend_B","Defend_B","Defend_B","Zap+1","Dualcast","Cold Snap","Conserve Battery","Hologram","Biased Cognition+1","White Noise","Static Discharge","Genetic Algorithm","Seek","Undo+1","Coolheaded","Master of Strategy","Hologram","Doom and Gloom","Loop"],"relics":["Cracked Core","Omamori","Lantern","Bag of Preparation","Oddly Smooth Stone","Fusion Hammer","WarpedTongs","Tiny Chest","Frozen Egg 2"],"potions_floor_usage":[27,27,27],"damage_taken":[{"damage":9,"enemies":"Jaw Worm","floor":1,"turns":3},{"damage":0,"enemies":"Cultist","floor":6,"turns":4},{"damage":33,"enemies":"Lagavulin","floor":8,"turns":8},{"damage":1,"enemies":"Small Slimes","floor":10,"turns":4},{"damage":2,"enemies":"Red Slaver","floor":11,"turns":3},{"damage":4,"enemies":"3 Sentries","floor":13,"turns":8},{"damage":0,"enemies":"Blue Slaver","floor":14,"turns":3},{"damage":45,"enemies":"Hexaghost","floor":16,"turns":13},{"damage":10,"enemies":"2 Thieves","floor":18,"turns":4},{"damage":4,"enemies":"Spheric Guardian","floor":21,"turns":4},{"damage":10,"enemies":"Snake Plant","floor":22,"turns":4},{"damage":27,"enemies":"Book of Stabbing","floor":24,"turns":6},{"damage":39,"enemies":"Gremlin Leader","floor":27,"turns":5}],"seed_played":"702016881740150333","potions_obtained":[{"floor":6,"key":"Block Potion"},{"floor":13,"key":"FairyPotion"},{"floor":16,"key":"Energy Potion"},{"floor":22,"key":"EssenceOfSteel"}],"is_trial":false,"path_per_floor":["M","?","?","T","$","M","R","E","T","M","M","?","E","M","R","B",null,"M","?","$","M","M","R","E","?","T","E"],"character_chosen":"DEFECT","items_purchased":["Cold Snap","Coolheaded","Master of Strategy"],"campfire_rested":2,"item_purchase_floors":[5,20,20],"current_hp_per_floor":[66,59,59,59,59,59,59,26,26,25,23,23,19,19,43,8,64,54,54,54,50,40,64,37,37,37,0],"gold":585,"neow_bonus":"TEN_PERCENT_HP_BONUS","is_prod":false,"is_daily":false,"chose_seed":false,"campfire_upgraded":1,"win_rate":0,"timestamp":1560028228,"path_taken":["M","?","?","?","$","?","R","E","T","M","M","?","E","M","R","BOSS","M","?","$","M","?","R","E","?","T","E"],"build_version":"2019-01-23","purchased_purges":1,"victory":false,"max_hp_per_floor":[82,82,82,82,82,82,82,82,82,82,82,82,82,82,82,82,82,82,82,82,82,82,82,82,82,82,82],"card_choices":[{"not_picked":["Compile Driver","Force Field","Leap"],"picked":"SKIP","floor":1},{"not_picked":["Gash","Cold Snap"],"picked":"Conserve Battery","floor":6},{"not_picked":["Leap","Recycle"],"picked":"Hologram","floor":8},{"not_picked":["Ball Lightning","Double Energy"],"picked":"Biased Cognition","floor":10},{"not_picked":["Turbo","Sweeping Beam"],"picked":"White Noise","floor":11},{"not_picked":["Stack","Hologram"],"picked":"Static Discharge","floor":13},{"not_picked":["Consume","Steam"],"picked":"Genetic Algorithm","floor":14},{"not_picked":["Multi-Cast","Meteor Strike"],"picked":"Seek","floor":16},{"not_picked":["Aggregate","Auto Shields+1"],"picked":"Undo+1","floor":18},{"not_picked":["Cold Snap+1","BootSequence"],"picked":"Hologram","floor":21},{"not_picked":["Steam","Scrape"],"picked":"Doom and Gloom","floor":22},{"not_picked":["Leap","Ball Lightning+1"],"picked":"Loop","floor":24}],"player_experience":596157,"relics_obtained":[{"floor":4,"key":"Omamori"},{"floor":8,"key":"Lantern"},{"floor":9,"key":"Bag of Preparation"},{"floor":13,"key":"Oddly Smooth Stone"},{"floor":24,"key":"Tiny Chest"},{"floor":26,"key":"Frozen Egg 2"}],"event_choices":[{"cards_removed":["Strike_B"],"damage_healed":0,"gold_gain":0,"player_choice":"Card Removal","damage_taken":7,"max_hp_gain":0,"max_hp_loss":0,"event_name":"Golden Wing","floor":2,"gold_loss":0},{"damage_healed":0,"gold_gain":175,"player_choice":"AGREE","damage_taken":0,"max_hp_gain":0,"max_hp_loss":0,"event_name":"Liars Game","floor":3,"gold_loss":0,"cards_obtained":["Doubt"]},{"damage_healed":0,"gold_gain":0,"player_choice":"Grow","damage_taken":0,"max_hp_gain":0,"max_hp_loss":0,"event_name":"Living Wall","floor":12,"gold_loss":0,"cards_upgraded":["Biased Cognition"]},{"damage_healed":0,"gold_gain":0,"player_choice":"Rummage","damage_taken":0,"relics_obtained":["WarpedTongs"],"max_hp_gain":0,"max_hp_loss":0,"event_name":"Accursed Blacksmith","floor":19,"gold_loss":0,"cards_obtained":["Pain"]},{"damage_healed":0,"gold_gain":275,"player_choice":"Desecrate","damage_taken":0,"max_hp_gain":0,"max_hp_loss":0,"event_name":"Golden Shrine","floor":25,"gold_loss":0,"cards_obtained":["Regret"]}],"is_beta":false,"boss_relics":[{"not_picked":["Nuclear Battery","Black Star"],"picked":"Fusion Hammer"}],"items_purged_floors":[5],"is_endless":false,"potions_floor_spawned":[6,13,16,22],"killed_by":"Gremlin Leader","ascension_level":8}