{"gold_per_floor":[359,378,12,23,37,37,70,70,94,124,144,174,14,30,30,101,101,114,164,176,176,176,202,202,232,232,264,281,291,325,325,325,397,447,458,458,507,79,93,93,104,135,135,169,179,191,202,232,232,232,232,232,232,61,86,86],"floor_reached":57,"playtime":3984,"items_purged":["Strike_R","Anger"],"score":3309,"play_id":"Baalorlord-cc266645","local_time":"20190710201123","is_ascension_mode":true,"campfire_choices":[{"data":"Uppercut","floor":6,"key":"SMITH"},{"data":"Carnage","floor":8,"key":"SMITH"},{"data":"Inflame","floor":15,"key":"SMITH"},{"data":"Disarm","floor":24,"key":"SMITH"},{"data":"Demon Form","floor":32,"key":"SMITH"},{"floor":40,"key":"RECALL"},{"data":"Heavy Blade","floor":49,"key":"SMITH"},{"data":"Sword Boomerang","floor":53,"key":"SMITH"}],"neow_cost":"TEN_PERCENT_HP_LOSS","seed_source_timestamp":210957027356400,"circlet_count":0,"master_deck":["AscendersBane","Strike_R","Strike_R","Strike_R","Strike_R","Defend_R","Defend_R","Defend_R","Defend_R","Bash","Sword Boomerang+1","Uppercut+1","Iron Wave","Carnage+1","Inflame+1","Disarm+1","Offering","Headbutt","Immolate+1","Shrug It Off","Disarm+1","Clothesline","Demon Form+1","Heavy Blade+1","Corruption+1","Dark Embrace","Spot Weakness+1","Shrug It Off","Shrug It Off","Shrug It Off+1","Power Through","Seeing Red","Impervious","Shrug It Off+1","Shrug It Off+1","Bludgeon"],"relics":["Burning Blood","Medical Kit","Pen Nib","Bag of Marbles","Juzu Bracelet","Question Card","Snecko Eye","MutagenicStrength","Strawberry","Ornamental Fan","Paper Frog","Blue Candle","Gremlin Horn","Tiny House","Dead Branch","Kunai","War Paint","Thread and Needle","Bronze Scales","Happy Flower","Turnip"],"potions_floor_usage":[7,14,25,30,41,55,56,56],"damage_taken":[{"damage":6,"enemies":"Jaw Worm","floor":1,"turns":5},{"damage":7,"enemies":"2 Louse","floor":2,"turns":3},{"damage":4,"enemies":"Small Slimes","floor":4,"turns":3},{"damage":4,"enemies":"3 Louse","floor":5,"turns":4},{"damage":1,"enemies":"Gremlin Nob","floor":7,"turns":3},{"damage":15,"enemies":"3 Sentries","floor":10,"turns":6},{"damage":3,"enemies":"Blue Slaver","floor":11,"turns":3},{"damage":16,"enemies":"Lagavulin","floor":12,"turns":6},{"damage":7,"enemies":"Exordium Thugs","floor":14,"turns":2},{"damage":6,"enemies":"Slime Boss","floor":16,"turns":4},{"damage":18,"enemies":"Shell Parasite","floor":18,"turns":4},{"damage":6,"enemies":"Chosen","floor":20,"turns":2},{"damage":0,"enemies":"Gremlin Leader","floor":23,"turns":3},{"damage":1,"enemies":"Book of Stabbing","floor":25,"turns":3},{"damage":1,"enemies":"Gremlin Leader","floor":27,"turns":3},{"damage":0,"enemies":"Centurion and Healer","floor":28,"turns":1},{"damage":0,"enemies":"Sentry and Sphere","floor":29,"turns":2},{"damage":13,"enemies":"Slavers","floor":30,"turns":2},{"damage":14,"enemies":"Automaton","floor":33,"turns":5},{"damage":0,"enemies":"Orb Walker","floor":35,"turns":1},{"damage":15,"enemies":"2 Orb Walkers","floor":37,"turns":3},{"damage":0,"enemies":"3 Darklings","floor":39,"turns":1},{"damage":8,"enemies":"Jaw Worm Horde","floor":41,"turns":3},{"damage":3,"enemies":"Giant Head","floor":42,"turns":5},{"damage":0,"enemies":"Reptomancer","floor":44,"turns":2},{"damage":8,"enemies":"4 Shapes","floor":45,"turns":6},{"damage":1,"enemies":"Maw","floor":46,"turns":5},{"damage":6,"enemies":"Transient","floor":47,"turns":5},{"damage":6,"enemies":"Giant Head","floor":48,"turns":3},{"damage":16,"enemies":"Donu and Deca","floor":50,"turns":4},{"damage":0,"enemies":"Time Eater","floor":51,"turns":7},{"damage":21,"enemies":"Shield and Spear","floor":55,"turns":3},{"damage":21,"enemies":"The Heart","floor":56,"turns":5}],"seed_played":"381268941535796483","potions_obtained":[{"floor":2,"key":"SteroidPotion"},{"floor":4,"key":"Strength Potion"},{"floor":10,"key":"Block Potion"},{"floor":16,"key":"Strength Potion"},{"floor":27,"key":"SteroidPotion"},{"floor":33,"key":"SkillPotion"},{"floor":42,"key":"Poison Potion"},{"floor":46,"key":"GamblersBrew"},{"floor":55,"key":"Swift Potion"}],"is_trial":false,"path_per_floor":["M","M","$","M","M","R","E","R","T","E","M","E","$","M","R","B",null,"M","?","M","?","?","E","R","E","T","E","M","M","E","?","R","B",null,"M","?","?","$","M","R","M","E","T","E","M","M","M","E","R","B","B",null,"R","$","E","B",null],"character_chosen":"IRONCLAD","items_purchased":["Uppercut","Medical Kit","Offering","Kunai","Shrug It Off","Happy Flower"],"campfire_rested":0,"item_purchase_floors":[3,3,13,38,38,54],"current_hp_per_floor":[68,67,67,68,68,68,68,68,68,59,62,52,52,51,51,51,64,52,52,52,52,52,65,65,70,70,75,75,75,68,68,68,60,76,80,80,71,71,77,77,75,78,78,80,78,80,80,80,80,70,76,79,79,79,64,49],"gold":86,"neow_bonus":"TWO_FIFTY_GOLD","is_prod":false,"is_daily":false,"chose_seed":false,"campfire_upgraded":7,"win_rate":0,"timestamp":1562803883,"path_taken":["M","M","$","M","M","R","E","R","T","E","M","E","$","M","R","BOSS","M","?","M","?","?","E","R","E","T","E","M","M","E","?","R","BOSS","M","?","?","$","M","R","M","E","T","E","M","M","M","E","R","BOSS","BOSS","R","$","E","BOSS"],"build_version":"2019-07-05","purchased_purges":2,"victory":true,"max_hp_per_floor":[68,68,68,68,68,68,68,68,68,68,68,68,68,68,68,68,68,68,68,68,68,68,75,75,75,75,75,75,75,75,75,75,75,80,80,80,80,80,80,80,80,80,80,80,80,80,80,80,80,80,80,80,80,80,80,80],"card_choices":[{"not_picked":["Iron Wave","True Grit"],"picked":"Anger","floor":1},{"not_picked":["Anger","True Grit"],"picked":"Sword Boomerang","floor":2},{"not_picked":["Juggernaut","Clothesline"],"picked":"Iron Wave","floor":4},{"not_picked":["Sever Soul","Sword Boomerang","Rupture"],"picked":"SKIP","floor":5},{"not_picked":["Heavy Blade","Thunderclap"],"picked":"Carnage","floor":7},{"not_picked":["Sever Soul","Headbutt"],"picked":"Inflame","floor":10},{"not_picked":["Shrug It Off","Flex"],"picked":"Disarm","floor":11},{"not_picked":["Seeing Red","Iron Wave","Carnage"],"picked":"SKIP","floor":12},{"not_picked":["Iron Wave","Rage","Perfected Strike"],"picked":"Headbutt","floor":14},{"not_picked":["Exhume","Berserk","Double Tap"],"picked":"Immolate","floor":16},{"not_picked":["Clash","Warcry+1","Wild Strike"],"picked":"Shrug It Off","floor":18},{"not_picked":["Perfected Strike","Thunderclap","Inflame"],"picked":"Disarm","floor":20},{"not_picked":["Hemokinesis","Flex","Pummel"],"picked":"Clothesline","floor":23},{"not_picked":["Headbutt","Flex","Armaments"],"picked":"Demon Form","floor":25},{"not_picked":["Sword Boomerang","Wild Strike+1","Spot Weakness"],"picked":"Heavy Blade","floor":27},{"not_picked":["Inflame","Clash","Metallicize","Headbutt"],"picked":"SKIP","floor":28},{"not_picked":["Clash","Power Through","Metallicize"],"picked":"Corruption+1","floor":29},{"not_picked":["Cleave","Warcry","Fire Breathing","True Grit"],"picked":"SKIP","floor":30},{"not_picked":["Brutality","Fiend Fire","Exhume"],"picked":"Dark Embrace","floor":33},{"not_picked":["Clash+1","Hemokinesis+1","Headbutt"],"picked":"Spot Weakness+1","floor":35},{"not_picked":["Whirlwind","Anger","Wild Strike+1"],"picked":"Shrug It Off","floor":37},{"not_picked":["Carnage","Armaments","Headbutt"],"picked":"Shrug It Off","floor":39},{"not_picked":["Sword Boomerang","Anger","Iron Wave"],"picked":"Power Through","floor":41},{"not_picked":["Reckless Charge","Body Slam","Sword Boomerang"],"picked":"Seeing Red","floor":42},{"not_picked":["Sentinel","Thunderclap+1","Battle Trance","Armaments"],"picked":"SKIP","floor":44},{"not_picked":["Sentinel","Thunderclap+1","Battle Trance","Armaments"],"picked":"SKIP","floor":44},{"not_picked":["Corruption+1","Perfected Strike+1","Iron Wave"],"picked":"Impervious","floor":45},{"not_picked":["Pommel Strike","Heavy Blade","Sentinel"],"picked":"Shrug It Off+1","floor":46},{"not_picked":["Clothesline+1","Anger","Perfected Strike"],"picked":"Shrug It Off+1","floor":47},{"not_picked":["Rampage","Cleave","Wild Strike+1","Ghostly Armor"],"picked":"SKIP","floor":48},{"not_picked":["Anger","Iron Wave","Cleave"],"picked":"Bludgeon","floor":55}],"player_experience":2234875,"relics_obtained":[{"floor":7,"key":"Pen Nib"},{"floor":9,"key":"Bag of Marbles"},{"floor":10,"key":"Juzu Bracelet"},{"floor":12,"key":"Question Card"},{"floor":23,"key":"Strawberry"},{"floor":25,"key":"Ornamental Fan"},{"floor":26,"key":"Paper Frog"},{"floor":27,"key":"Blue Candle"},{"floor":30,"key":"Gremlin Horn"},{"floor":37,"key":"Dead Branch"},{"floor":42,"key":"War Paint"},{"floor":44,"key":"Thread and Needle"},{"floor":48,"key":"Bronze Scales"},{"floor":55,"key":"Turnip"}],"event_choices":[{"damage_healed":0,"gold_gain":50,"player_choice":"Stole From Cult","damage_taken":0,"max_hp_gain":0,"max_hp_loss":0,"event_name":"Nest","floor":19,"gold_loss":0},{"damage_healed":0,"gold_gain":0,"player_choice":"Inject Mutagens","damage_taken":0,"relics_obtained":["MutagenicStrength"],"max_hp_gain":0,"max_hp_loss":0,"event_name":"Drug Dealer","floor":21,"gold_loss":0},{"damage_healed":0,"gold_gain":0,"player_choice":"Ignored","damage_taken":0,"max_hp_gain":0,"max_hp_loss":0,"event_name":"The Mausoleum","floor":22,"gold_loss":0},{"damage_healed":0,"gold_gain":0,"player_choice":"Ignored","damage_taken":0,"max_hp_gain":0,"max_hp_loss":0,"event_name":"Ghosts","floor":31,"gold_loss":0},{"damage_healed":0,"gold_gain":0,"player_choice":"Ignored","damage_taken":0,"max_hp_gain":0,"max_hp_loss":0,"event_name":"Tomb of Lord Red Mask","floor":36,"gold_loss":0},{"damage_healed":0,"gold_gain":0,"player_choice":"Fight","damage_taken":0,"max_hp_gain":0,"max_hp_loss":0,"event_name":"Mysterious Sphere","floor":37,"gold_loss":0}],"is_beta":false,"boss_relics":[{"not_picked":["Busted Crown","Runic Cube"],"picked":"Snecko Eye"},{"not_picked":["Black Blood","Runic Pyramid"],"picked":"Tiny House"}],"items_purged_floors":[3,38],"is_endless":false,"potions_floor_spawned":[2,4,10,16,20,27,28,29,33,35,39,42,46,55],"ascension_level":20}