{"path_per_floor":["M","?","M","M","M","E","M","M","T","R","$","?","M","E","R","B",null,"M","?","?","M","M","E","R","T","T","M","$","E","$","M","R","B",null,"M","$","?","?","?","E","R","E","T","M","R","M","?","M","R"],"character_chosen":"THE_SILENT","items_purchased":["Accuracy","Pen Nib","Panache"],"gold_per_floor":[11,11,30,30,46,81,98,116,198,198,47,47,67,100,100,228,266,280,280,280,301,321,361,361,385,385,409,160,199,12,37,37,165,165,189,64,123,123,123,166,166,199,249,265,265,278,278,298,298],"floor_reached":50,"campfire_rested":7,"playtime":3588,"current_hp_per_floor":[70,75,75,69,62,39,24,15,15,37,37,37,34,30,50,27,74,52,52,51,48,39,23,38,38,38,34,34,19,19,11,26,30,51,49,49,40,40,40,33,48,27,27,17,32,30,41,29,41],"items_purged":["Defend_G","Defend_G","Defend_G"],"gold":298,"play_id":"1a46819a-15d8-4ff4-9a93-f1c603618faf","is_prod":false,"is_daily":false,"campfire_rituals":0,"campfire_upgraded":0,"is_hardmode":false,"path_taken":["M","?","M","M","M","E","?","M","T","R","$","?","M","E","R","BOSS","M","?","?","M","M","E","R","?","T","M","$","E","$","?","R","BOSS","M","$","?","?","?","E","R","E","T","M","R","?","?","M","R","BOSS"],"build_version":"2018-01-18-PROD4","purchased_purges":3,"victory":false,"master_deck":["Survivor","Neutralize","Underhanded Strike","Accuracy","Storm of Steel","Underhanded Strike","Backflip","Backflip","Cloak And Dagger","Accuracy","Blade Dance","Finisher","After Image","Reflex","Choke","Bite_G","Bite_G","Bite_G","Bite_G","Cloak And Dagger","Prepared","Infinite Blades","Cloak And Dagger","Panache","Cloak And Dagger","Phantasmal Killer","Acrobatics","Accuracy","Underhanded Strike","Cloak And Dagger","Accuracy","Distraction","Escape Plan"],"max_hp_per_floor":[70,75,75,75,75,75,75,75,75,75,75,69,69,69,69,69,74,74,74,51,51,51,51,51,51,51,51,51,51,51,51,51,51,51,51,51,51,51,51,51,51,51,51,51,51,51,41,41,41],"relics":["Ring of the Snake","Bottled Lightning","Ninja Scroll","Golden Idol","Shuriken","Tiny House","Dream Catcher","War Paint","Ginger","Pen Nib","Bag of Preparation","Sozu","Bird Faced Urn","Oddly Smooth Stone","Smiling Mask","Omamori"],"campfire_meditates":0,"card_choices":[{"not_picked":["Terror","Blade Dance"],"picked":"Underhanded Strike"},{"not_picked":["Deadly Poison","Blur"],"picked":"Accuracy"},{"not_picked":["Poisoned Stab","Dodge and Roll"],"picked":"Storm of Steel"},{"not_picked":["Acrobatics","Dodge and Roll"],"picked":"Underhanded Strike"},{"not_picked":["PiercingWail","Bane"],"picked":"Backflip"},{"not_picked":["Acrobatics","Venomology"],"picked":"Backflip"},{"not_picked":["Poisoned Stab","Prepared"],"picked":"Cloak And Dagger"},{"not_picked":["Flechettes","Well Laid Plans"],"picked":"Blade Dance"},{"not_picked":["Outmaneuver","Malaise"],"picked":"Finisher"},{"not_picked":["Night Terror","Wraith Form"],"picked":"After Image"},{"not_picked":["Masterful Stab","Endless Agony"],"picked":"Reflex"},{"not_picked":["Riddle With Holes","Dagger Spray"],"picked":"Choke"},{"not_picked":["Crippling Poison","Sucker Punch"],"picked":"Cloak And Dagger"},{"not_picked":["Reflex","Backflip"],"picked":"Prepared"},{"not_picked":["Deflect","Terror"],"picked":"Infinite Blades"},{"not_picked":["Poisoned Stab","Skewer"],"picked":"Cloak And Dagger"},{"not_picked":["Deflect","Caltrops"],"picked":"Cloak And Dagger"},{"not_picked":["Tools of the Trade","Night Terror"],"picked":"Phantasmal Killer"},{"not_picked":["Escape Plan","Footwork"],"picked":"Acrobatics"},{"not_picked":["Sucker Punch","Riddle With Holes"],"picked":"Accuracy"},{"not_picked":["Outmaneuver","Cloak And Dagger"],"picked":"Underhanded Strike"},{"not_picked":["Bouncing Flask","Outmaneuver"],"picked":"Cloak And Dagger"},{"not_picked":["Poisoned Stab","Sucker Punch"],"picked":"Accuracy"},{"not_picked":["Quick Slash","After Image"],"picked":"Distraction"},{"not_picked":["Bullet Time","Prepared"],"picked":"Escape Plan"}],"player_experience":57541,"potions_floor_usage":[5,6,14,14,22,23,23,31],"damage_taken":[{"damage":0,"enemies":"2 Louse","floor":1,"turns":3},{"damage":0,"enemies":"Jaw Worm","floor":3,"turns":6},{"damage":6,"enemies":"Blue Slaver","floor":4,"turns":4},{"damage":7,"enemies":"Gremlin Gang","floor":5,"turns":3},{"damage":23,"enemies":"Lagavulin","floor":6,"turns":5},{"damage":15,"enemies":"Large Slime","floor":7,"turns":7},{"damage":9,"enemies":"2 Fungi Beasts","floor":8,"turns":3},{"damage":3,"enemies":"Exordium Wildlife","floor":13,"turns":3},{"damage":4,"enemies":"3 Sentries","floor":14,"turns":4},{"damage":23,"enemies":"The Guardian","floor":16,"turns":7},{"damage":22,"enemies":"Chosen","floor":18,"turns":5},{"damage":3,"enemies":"3 Byrds","floor":21,"turns":3},{"damage":12,"enemies":"3 Cultists","floor":22,"turns":6},{"damage":28,"enemies":"Gremlin Leader","floor":23,"turns":7},{"damage":10,"enemies":"Chosen and Byrds","floor":27,"turns":5},{"damage":19,"enemies":"Slavers","floor":29,"turns":4},{"damage":10,"enemies":"Snake Plant","floor":31,"turns":4},{"damage":0,"enemies":"Champ","floor":33,"turns":6},{"damage":6,"enemies":"3 Shapes","floor":35,"turns":3},{"damage":9,"enemies":"Mysterious Sphere","floor":37,"turns":3},{"damage":18,"enemies":"Giant Head","floor":40,"turns":6},{"damage":28,"enemies":"Nemesis","floor":42,"turns":6},{"damage":22,"enemies":"3 Darklings","floor":44,"turns":5},{"damage":16,"enemies":"4 Shapes","floor":46,"turns":5},{"damage":28,"enemies":"Maw","floor":48,"turns":6},{"damage":63,"enemies":"Donu and Deca","floor":50,"turns":5}],"event_choices":[{"event_name":"Big Fish","player_choice":"Donut","floor":2,"damage_taken":0},{"event_name":"Golden Idol","player_choice":"Lose Max HP","floor":12,"damage_taken":0},{"event_name":"Back to Basics","player_choice":"Elegance","floor":19,"damage_taken":0},{"event_name":"Vampires","player_choice":"Became a vampire","floor":20,"damage_taken":0},{"event_name":"Mysterious Sphere","player_choice":"Fight","floor":37,"damage_taken":0},{"event_name":"Accursed Blacksmith","player_choice":"Forge","floor":38,"damage_taken":0},{"event_name":"Purifier","player_choice":"One Purge","floor":39,"damage_taken":0},{"event_name":"The Moai Head","player_choice":"Heal","floor":47,"damage_taken":0}],"boss_relics":[{"not_picked":["Velvet Choker","Snecko Eye"],"picked":"Tiny House"},{"not_picked":["Astrolabe","Runic Dome"],"picked":"Sozu"}],"potions_floor_spawned":[3,5,7,13,18,22,29,33,40,44,46,48],"seed_played":"-6992437906589395489","killed_by":"Donu and Deca","is_trial":false}