{"gold_per_floor":[112,130,130,130,205,239,239,249,249,249,249,287,305,321,321,321],"floor_reached":16,"playtime":474,"items_purged":[],"score":171,"play_id":"51f0e2d7-f602-4e78-976a-27f032830059","local_time":"20190623191533","is_ascension_mode":true,"campfire_choices":[{"floor":7,"key":"REST"},{"floor":11,"key":"REST"},{"floor":15,"key":"REST"}],"neow_cost":"NONE","seed_source_timestamp":255395371453162,"circlet_count":0,"master_deck":["AscendersBane","Strike_B","Strike_B","Strike_B","Strike_B","Defend_B","Defend_B","Defend_B","Defend_B","Zap","Dualcast","Coolheaded","Consume","Steam","Rebound","Compile Driver","Hologram"],"relics":["Cracked Core","Mummified Hand","Mercury Hourglass","Golden Idol","Omamori"],"potions_floor_usage":[12,16],"damage_taken":[{"damage":2,"enemies":"Jaw Worm","floor":1,"turns":3},{"damage":8,"enemies":"Small Slimes","floor":2,"turns":4},{"damage":39,"enemies":"Lagavulin","floor":6,"turns":9},{"damage":0,"enemies":"2 Louse","floor":8,"turns":3},{"damage":34,"enemies":"Gremlin Nob","floor":12,"turns":4},{"damage":13,"enemies":"Exordium Wildlife","floor":13,"turns":3},{"damage":0,"enemies":"Large Slime","floor":14,"turns":4},{"damage":28,"enemies":"The Guardian","floor":16,"turns":3}],"seed_played":"-7546857392934272365","potions_obtained":[{"floor":0,"key":"PowerPotion"},{"floor":0,"key":"SpeedPotion"},{"floor":12,"key":"Energy Potion"},{"floor":14,"key":"PowerPotion"}],"is_trial":false,"path_per_floor":["M","M","?","?","?","E","R","M","T","?","R","E","M","M","R","B"],"character_chosen":"DEFECT","items_purchased":[],"campfire_rested":3,"item_purchase_floors":[],"current_hp_per_floor":[66,58,58,63,52,13,37,37,37,37,59,25,12,12,34,6],"gold":321,"neow_bonus":"THREE_SMALL_POTIONS","is_prod":false,"is_daily":false,"chose_seed":false,"campfire_upgraded":0,"win_rate":0,"timestamp":1561335333,"path_taken":["M","M","?","?","?","E","R","?","T","?","R","E","M","M","R","BOSS"],"build_version":"2019-01-23","purchased_purges":0,"victory":false,"max_hp_per_floor":[75,75,75,80,80,80,80,80,80,74,74,74,74,74,74,74],"card_choices":[{"not_picked":["Turbo","Recycle","Gash"],"picked":"SKIP","floor":1},{"not_picked":["Darkness","Gash"],"picked":"Coolheaded","floor":2},{"not_picked":["Multi-Cast","Aggregate"],"picked":"Consume","floor":6},{"not_picked":["Turbo","Chaos"],"picked":"Steam","floor":8},{"not_picked":["Heatsinks","Force Field"],"picked":"Rebound","floor":12},{"not_picked":["Sweeping Beam","White Noise"],"picked":"Compile Driver","floor":13},{"not_picked":["Turbo","Rebound"],"picked":"Hologram","floor":14}],"player_experience":274338,"relics_obtained":[{"floor":6,"key":"Mummified Hand"},{"floor":9,"key":"Mercury Hourglass"},{"floor":12,"key":"Omamori"}],"event_choices":[{"damage_healed":0,"gold_gain":0,"player_choice":"Ignored","damage_taken":0,"max_hp_gain":0,"max_hp_loss":0,"event_name":"Golden Wing","floor":3,"gold_loss":0},{"damage_healed":0,"gold_gain":0,"player_choice":"Donut","damage_taken":0,"max_hp_gain":5,"max_hp_loss":0,"event_name":"Big Fish","floor":4,"gold_loss":0},{"damage_healed":0,"gold_gain":75,"player_choice":"Gather Gold","damage_taken":11,"max_hp_gain":0,"max_hp_loss":0,"event_name":"World of Goop","floor":5,"gold_loss":0},{"damage_healed":0,"gold_gain":0,"player_choice":"Lose Max HP","damage_taken":0,"relics_obtained":["Golden Idol"],"max_hp_gain":0,"max_hp_loss":6,"event_name":"Golden Idol","floor":10,"gold_loss":0}],"is_beta":false,"boss_relics":[],"items_purged_floors":[],"is_endless":false,"potions_floor_spawned":[2,6,12,14],"killed_by":"The Guardian","ascension_level":11}