{"gold_per_floor":[113,129,145,156,175,202,202,202,202,44,71,71,106,120,120,220,220,234,144,162,173,173,206,220,77,100,111,128,28,28,38,38,38],"floor_reached":33,"playtime":1127,"items_purged":["Strike_B","Defend_B"],"score":348,"play_id":"31aa4a6e-db91-43e5-a631-f5cca3ce8873","local_time":"20190724152250","is_ascension_mode":true,"campfire_choices":[{"data":"Coolheaded","floor":8,"key":"SMITH"},{"data":"Electrodynamics","floor":12,"key":"SMITH"},{"data":"Storm","floor":15,"key":"SMITH"},{"floor":32,"key":"REST"}],"neow_cost":"NONE","seed_source_timestamp":9867655361411512,"circlet_count":0,"master_deck":["Defend_B","Defend_B","Defend_B+1","Zap+1","Dualcast","Sweeping Beam","Ball Lightning","Coolheaded+1","Sweeping Beam","Gash","Electrodynamics+1","Storm+1","Meteor Strike","Conserve Battery","BootSequence","Turbo","Gash","Electrodynamics","Recycle","Turbo","Meteor Strike"],"relics":["Cracked Core","Bag of Marbles","Mummified Hand","Ornamental Fan","DataDisk","Matryoshka","Empty Cage","Pen Nib","Art of War","Bag of Preparation"],"potions_floor_usage":[6,23,27],"damage_taken":[{"damage":0,"enemies":"Small Slimes","floor":1,"turns":2},{"damage":0,"enemies":"Cultist","floor":2,"turns":2},{"damage":1,"enemies":"Jaw Worm","floor":3,"turns":2},{"damage":8,"enemies":"Red Slaver","floor":4,"turns":2},{"damage":6,"enemies":"3 Louse","floor":5,"turns":2},{"damage":25,"enemies":"Gremlin Nob","floor":6,"turns":4},{"damage":1,"enemies":"3 Sentries","floor":13,"turns":2},{"damage":0,"enemies":"Exordium Thugs","floor":14,"turns":1},{"damage":0,"enemies":"Slime Boss","floor":16,"turns":5},{"damage":3,"enemies":"Shell Parasite","floor":18,"turns":3},{"damage":7,"enemies":"Spheric Guardian","floor":20,"turns":3},{"damage":18,"enemies":"Centurion and Healer","floor":21,"turns":3},{"damage":11,"enemies":"Gremlin Leader","floor":23,"turns":5},{"damage":18,"enemies":"Cultist and Chosen","floor":24,"turns":5},{"damage":0,"enemies":"Snake Plant","floor":27,"turns":3},{"damage":2,"enemies":"Centurion and Healer","floor":28,"turns":2},{"damage":0,"enemies":"Sentry and Sphere","floor":31,"turns":2},{"damage":60,"enemies":"Automaton","floor":33,"turns":6}],"seed_played":"-4348459378540648822","potions_obtained":[{"floor":5,"key":"Swift Potion"},{"floor":6,"key":"SpeedPotion"},{"floor":13,"key":"EssenceOfSteel"},{"floor":14,"key":"SteroidPotion"},{"floor":20,"key":"PowerPotion"},{"floor":21,"key":"Energy Potion"},{"floor":24,"key":"Dexterity Potion"}],"is_trial":false,"path_per_floor":["M","M","M","M","M","E","?","R","T","$","T","R","E","M","R","B",null,"M","?","M","M","?","E","M","$","T","M","M","$","$","M","R","B"],"character_chosen":"DEFECT","items_purchased":["Electrodynamics","Electrodynamics"],"campfire_rested":1,"item_purchase_floors":[10,25],"current_hp_per_floor":[75,75,74,66,60,35,35,35,35,35,35,35,34,34,34,34,75,72,72,65,47,47,36,18,18,18,18,16,16,16,16,38,0],"gold":38,"neow_bonus":"RANDOM_COMMON_RELIC","is_prod":false,"is_daily":false,"chose_seed":false,"campfire_upgraded":3,"win_rate":0,"timestamp":1563960170,"path_taken":["M","M","M","M","M","E","?","R","T","?","?","R","E","?","R","BOSS","M","?","?","M","?","E","?","$","T","M","M","?","$","?","R","BOSS"],"build_version":"2019-07-17","purchased_purges":2,"victory":false,"max_hp_per_floor":[75,75,75,75,75,75,75,75,75,75,75,75,75,75,75,75,75,75,75,75,75,75,75,75,75,75,75,75,75,75,75,75,75],"card_choices":[{"not_picked":["Coolheaded","Ball Lightning"],"picked":"Sweeping Beam","floor":1},{"not_picked":["Aggregate","Reinforced Body"],"picked":"Ball Lightning","floor":2},{"not_picked":["Reprogram","Steam"],"picked":"Coolheaded","floor":3},{"not_picked":["Ball Lightning","Barrage"],"picked":"Sweeping Beam","floor":4},{"not_picked":["Static Discharge","Sweeping Beam","Scrape"],"picked":"SKIP","floor":5},{"not_picked":["Stack","Streamline"],"picked":"Gash","floor":6},{"not_picked":["Streamline","Leap","Stack"],"picked":"SKIP","floor":13},{"not_picked":["Fission","Cold Snap"],"picked":"Storm","floor":14},{"not_picked":["Echo Form","Reboot"],"picked":"Meteor Strike","floor":16},{"not_picked":["Steam","Hologram"],"picked":"Conserve Battery","floor":18},{"not_picked":["FTL","Stack"],"picked":"BootSequence","floor":20},{"not_picked":["Hologram","Sweeping Beam","Redo+1"],"picked":"SKIP","floor":21},{"not_picked":["Consume","Loop"],"picked":"Turbo","floor":23},{"not_picked":["Barrage","White Noise"],"picked":"Gash","floor":24},{"not_picked":["Multi-Cast","Ball Lightning"],"picked":"Recycle","floor":27},{"not_picked":["Rebound","Self Repair"],"picked":"Turbo","floor":28},{"not_picked":["FTL","Rip and Tear"],"picked":"Meteor Strike","floor":31}],"player_experience":1583020,"relics_obtained":[{"floor":6,"key":"Mummified Hand"},{"floor":9,"key":"Ornamental Fan"},{"floor":11,"key":"DataDisk"},{"floor":13,"key":"Matryoshka"},{"floor":23,"key":"Pen Nib"},{"floor":26,"key":"Art of War"},{"floor":26,"key":"Bag of Preparation"}],"event_choices":[{"damage_healed":0,"gold_gain":0,"player_choice":"Upgraded","damage_taken":0,"max_hp_gain":0,"max_hp_loss":0,"event_name":"Upgrade Shrine","floor":7,"gold_loss":0,"cards_upgraded":["Zap"]},{"cards_removed":["Strike_B"],"damage_healed":0,"gold_gain":0,"player_choice":"Upgrade and Remove","damage_taken":0,"max_hp_gain":0,"max_hp_loss":0,"event_name":"Designer","floor":19,"gold_loss":90,"cards_upgraded":["Defend_B"]},{"damage_healed":0,"gold_gain":0,"player_choice":"Ignored","damage_taken":0,"max_hp_gain":0,"max_hp_loss":0,"event_name":"NoteForYourself","floor":22,"gold_loss":0}],"is_beta":false,"boss_relics":[{"not_picked":["Ectoplasm","Coffee Dripper"],"picked":"Empty Cage"}],"items_purged_floors":[25,29],"is_endless":false,"potions_floor_spawned":[5,6,13,14,20,21,24],"killed_by":"Automaton","ascension_level":1}