{"gold_per_floor":[118,129,129,140,65,65,76,106,106,136,148,148,48,64,64,64],"floor_reached":16,"playtime":420,"items_purged":["Defend_R","Strike_R"],"score":102,"play_id":"08e8bbb0-de19-440e-8230-ce85a4069e49","local_time":"20190807223226","is_ascension_mode":false,"campfire_choices":[{"data":"Bash","floor":6,"key":"SMITH"},{"floor":12,"key":"REST"},{"data":"Strike_R","floor":15,"key":"SMITH"}],"neow_cost":"NONE","seed_source_timestamp":183983054906279,"circlet_count":0,"master_deck":["Strike_R","Strike_R","Strike_R+1","Defend_R","Defend_R","Defend_R","Bash+1"],"relics":["Burning Blood","NeowsBlessing","Ornamental Fan","Matryoshka","Tiny Chest","Charon\u0027s Ashes"],"potions_floor_usage":[7,16],"damage_taken":[{"damage":0,"enemies":"Cultist","floor":1,"turns":1},{"damage":0,"enemies":"Jaw Worm","floor":2,"turns":1},{"damage":0,"enemies":"2 Louse","floor":4,"turns":1},{"damage":12,"enemies":"Gremlin Gang","floor":7,"turns":5},{"damage":39,"enemies":"3 Sentries","floor":8,"turns":11},{"damage":18,"enemies":"3 Louse","floor":11,"turns":3},{"damage":12,"enemies":"Looter","floor":14,"turns":4},{"damage":35,"enemies":"The Guardian","floor":16,"turns":9}],"seed_played":"3222259743655309892","potions_obtained":[{"floor":2,"key":"Ancient Potion"},{"floor":4,"key":"Fire Potion"},{"floor":8,"key":"Poison Potion"},{"floor":11,"key":"AttackPotion"}],"is_trial":false,"path_per_floor":["M","M","?","M","$","R","M","E","T","T","M","R","$","M","R","B"],"character_chosen":"IRONCLAD","items_purchased":[],"campfire_rested":1,"item_purchase_floors":[],"current_hp_per_floor":[80,80,80,80,80,80,74,41,41,41,29,53,53,47,47,12],"gold":64,"neow_bonus":"THREE_ENEMY_KILL","is_prod":false,"is_daily":false,"chose_seed":false,"campfire_upgraded":2,"win_rate":0,"timestamp":1565231546,"path_taken":["M","M","?","M","$","R","M","E","T","?","?","R","$","M","R","BOSS"],"build_version":"2019-07-17","purchased_purges":2,"victory":false,"max_hp_per_floor":[80,80,80,80,80,80,80,80,80,80,80,80,80,80,80,80],"card_choices":[{"not_picked":["Havoc","Sword Boomerang","Clothesline"],"picked":"SKIP","floor":1},{"not_picked":["Sword Boomerang","Twin Strike","Juggernaut"],"picked":"SKIP","floor":2},{"not_picked":["Shrug It Off","Body Slam","Intimidate"],"picked":"SKIP","floor":4},{"not_picked":["Feel No Pain","Uppercut","Combust"],"picked":"SKIP","floor":7},{"not_picked":["Spot Weakness","Ghostly Armor","Combust"],"picked":"SKIP","floor":8},{"not_picked":["Thunderclap","Second Wind","Wild Strike"],"picked":"SKIP","floor":11},{"not_picked":["Whirlwind","Thunderclap","Sword Boomerang"],"picked":"SKIP","floor":14}],"player_experience":761736,"relics_obtained":[{"floor":8,"key":"Ornamental Fan"},{"floor":9,"key":"Matryoshka"},{"floor":10,"key":"Tiny Chest"},{"floor":10,"key":"Charon\u0027s Ashes"}],"event_choices":[{"cards_removed":["Strike_R"],"damage_healed":0,"gold_gain":0,"player_choice":"Forget","damage_taken":0,"max_hp_gain":0,"max_hp_loss":0,"event_name":"Living Wall","floor":3,"gold_loss":0}],"is_beta":false,"boss_relics":[],"items_purged_floors":[5,13],"is_endless":false,"potions_floor_spawned":[2,4,8,11],"killed_by":"The Guardian","ascension_level":0}