{"gold_per_floor":[214,230,85,100,100,100,128,148,197,209,209,63,63],"floor_reached":13,"playtime":388,"items_purged":["Strike_B"],"score":102,"play_id":"f720e441-716d-4d53-998d-4e80c73b79f0","local_time":"20190318184355","is_ascension_mode":true,"campfire_choices":[{"data":"Ball Lightning","floor":6,"key":"SMITH"}],"neow_cost":"NONE","seed_source_timestamp":491448676412714,"circlet_count":0,"master_deck":["Strike_B","Strike_B","Strike_B","Defend_B","Defend_B","Defend_B","Defend_B","Zap","Dualcast","Ball Lightning+1","Conserve Battery","Double Energy","Pain","Ball Lightning","Defragment","White Noise","Core Surge","Defragment"],"relics":["Cracked Core","WarpedTongs","Question Card"],"potions_floor_usage":[13],"damage_taken":[{"damage":0,"enemies":"Small Slimes","floor":1,"turns":3},{"damage":1,"enemies":"Cultist","floor":2,"turns":3},{"damage":0,"enemies":"2 Louse","floor":4,"turns":3},{"damage":40,"enemies":"Gremlin Nob","floor":7,"turns":5},{"damage":18,"enemies":"Exordium Thugs","floor":8,"turns":4},{"damage":4,"enemies":"Looter","floor":10,"turns":2},{"damage":12,"enemies":"3 Sentries","floor":13,"turns":2}],"seed_played":"3875974306237280468","potions_obtained":[{"floor":8,"key":"SneckoOil"},{"floor":10,"key":"Weak Potion"}],"is_trial":false,"path_per_floor":["M","M","$","M","?","R","E","M","T","M","?","$","E"],"character_chosen":"DEFECT","items_purchased":["Ball Lightning","Conserve Battery","Regen Potion","Defragment"],"campfire_rested":0,"item_purchase_floors":[3,3,12,12],"current_hp_per_floor":[75,74,74,74,74,74,34,16,16,12,12,12,5],"gold":63,"neow_bonus":"HUNDRED_GOLD","is_prod":false,"is_daily":false,"chose_seed":false,"campfire_upgraded":1,"win_rate":0,"timestamp":1552949035,"path_taken":["M","M","$","M","?","R","E","M","T","?","?","?","E"],"build_version":"2019-01-23","purchased_purges":1,"victory":false,"max_hp_per_floor":[75,75,75,75,75,75,75,75,75,75,75,75,75],"card_choices":[{"not_picked":["Streamline","Barrage","Compile Driver"],"picked":"SKIP","floor":1},{"not_picked":["Go for the Eyes","Aggregate","Compile Driver"],"picked":"SKIP","floor":2},{"not_picked":["Stack","Redo"],"picked":"Double Energy","floor":4},{"not_picked":["All For One","Gash"],"picked":"Ball Lightning","floor":7},{"not_picked":["Reprogram","Steam","Turbo"],"picked":"Defragment","floor":8},{"not_picked":["Streamline","Conserve Battery","Leap"],"picked":"White Noise","floor":10}],"player_experience":335105,"relics_obtained":[{"floor":7,"key":"Question Card"}],"event_choices":[{"damage_healed":0,"gold_gain":0,"player_choice":"Rummage","damage_taken":0,"relics_obtained":["WarpedTongs"],"max_hp_gain":0,"max_hp_loss":0,"event_name":"Accursed Blacksmith","floor":5,"gold_loss":0,"cards_obtained":["Pain"]},{"damage_healed":0,"gold_gain":0,"player_choice":"1 cards matched","damage_taken":0,"max_hp_gain":0,"max_hp_loss":0,"event_name":"Match and Keep!","floor":11,"gold_loss":0,"cards_obtained":["Core Surge"]}],"is_beta":false,"boss_relics":[],"items_purged_floors":[3],"is_endless":false,"potions_floor_spawned":[8,10],"killed_by":"3 Sentries","ascension_level":4}