{"gold_per_floor":[212,287,32,45,45,75,75,85,85,85,115,129,143,158,158,229,229,244,244,196,121,121],"floor_reached":22,"playtime":1253,"items_purged":["Decay"],"score":359,"play_id":"a8e6764e-b4d6-42eb-87ca-2cbdfc6e5388","local_time":"20190819123146","is_ascension_mode":true,"campfire_choices":[{"floor":7,"key":"REST"},{"data":"Apotheosis","floor":10,"key":"SMITH"},{"floor":15,"key":"REST"}],"neow_cost":"NONE","seed_source_timestamp":5495947727615,"circlet_count":0,"master_deck":["AscendersBane","Strike_R","Strike_R","Strike_R","Strike_R","Strike_R","Defend_R","Defend_R","Defend_R","Defend_R","Bash","Reckless Charge","Apotheosis+1","Power Through","Flex","Bash","Wild Strike","Perfected Strike","Evolve","Headbutt","Warcry","Sever Soul","Demon Form","Heavy Blade+1"],"relics":["Burning Blood","Bottled Lightning","Anchor","Art of War","Tiny Chest"],"potions_floor_usage":[6,14,16,22],"damage_taken":[{"damage":2,"enemies":"2 Louse","floor":1,"turns":3},{"damage":1,"enemies":"Cultist","floor":4,"turns":3},{"damage":56,"enemies":"3 Sentries","floor":6,"turns":9},{"damage":4,"enemies":"Jaw Worm","floor":8,"turns":3},{"damage":24,"enemies":"Lagavulin","floor":11,"turns":5},{"damage":1,"enemies":"2 Fungi Beasts","floor":12,"turns":3},{"damage":13,"enemies":"Exordium Thugs","floor":13,"turns":3},{"damage":5,"enemies":"Gremlin Gang","floor":14,"turns":4},{"damage":2,"enemies":"Slime Boss","floor":16,"turns":6},{"damage":48,"enemies":"3 Byrds","floor":18,"turns":8},{"damage":26,"enemies":"Spheric Guardian","floor":22,"turns":5}],"seed_played":"-8982629374618349005","potions_obtained":[{"floor":4,"key":"Explosive Potion"},{"floor":12,"key":"Poison Potion"},{"floor":14,"key":"Poison Potion"},{"floor":18,"key":"Block Potion"}],"is_trial":false,"path_per_floor":["M","?","$","M","?","E","R","M","T","R","E","M","M","M","R","B",null,"M","?","?","$","M"],"character_chosen":"IRONCLAD","items_purchased":["Apotheosis","Power Through"],"campfire_rested":2,"item_purchase_floors":[3,3],"current_hp_per_floor":[72,61,61,66,66,16,38,40,40,40,22,27,20,21,43,47,68,26,26,26,26,0],"gold":121,"neow_bonus":"HUNDRED_GOLD","is_prod":false,"is_daily":false,"chose_seed":false,"campfire_upgraded":1,"win_rate":0,"timestamp":1566243106,"path_taken":["M","?","$","M","?","E","R","M","T","R","E","M","?","M","R","BOSS","M","?","?","$","?"],"build_version":"2019-07-17","purchased_purges":1,"victory":false,"max_hp_per_floor":[75,75,75,75,75,75,75,75,75,75,75,75,75,75,75,75,75,75,75,75,75,75],"card_choices":[{"not_picked":["Havoc","Burning Pact"],"picked":"Reckless Charge","floor":1},{"not_picked":["Intimidate","Dual Wield"],"picked":"Flex","floor":4},{"not_picked":["Bloodletting","Dual Wield"],"picked":"Wild Strike","floor":6},{"not_picked":["Pommel Strike","Wild Strike"],"picked":"Perfected Strike","floor":8},{"not_picked":["Warcry","Sever Soul"],"picked":"Evolve","floor":11},{"not_picked":["Clash","Cleave"],"picked":"Headbutt","floor":12},{"not_picked":["Heavy Blade","Clash"],"picked":"Warcry","floor":13},{"not_picked":["Thunderclap","Combust"],"picked":"Sever Soul","floor":14},{"not_picked":["Double Tap","Brutality"],"picked":"Demon Form","floor":16},{"not_picked":["Rampage","Armaments"],"picked":"Heavy Blade+1","floor":18}],"player_experience":697062,"relics_obtained":[{"floor":6,"key":"Bottled Lightning"},{"floor":9,"key":"Anchor"},{"floor":11,"key":"Art of War"}],"event_choices":[{"damage_healed":0,"gold_gain":75,"player_choice":"Gather Gold","damage_taken":11,"max_hp_gain":0,"max_hp_loss":0,"event_name":"World of Goop","floor":2,"gold_loss":0},{"damage_healed":0,"gold_gain":0,"player_choice":"1 cards matched","damage_taken":0,"max_hp_gain":0,"max_hp_loss":0,"event_name":"Match and Keep!","floor":5,"gold_loss":0,"cards_obtained":["Bash"]},{"damage_healed":0,"gold_gain":0,"player_choice":"Smashed Altar","damage_taken":0,"max_hp_gain":0,"max_hp_loss":0,"event_name":"Forgotten Altar","floor":19,"gold_loss":0,"cards_obtained":["Decay"]},{"damage_healed":0,"gold_gain":0,"player_choice":"Paid Gold","damage_taken":0,"relics_obtained":["Tiny Chest"],"max_hp_gain":0,"max_hp_loss":0,"event_name":"WeMeetAgain","floor":20,"gold_loss":78}],"is_beta":false,"boss_relics":[{"not_picked":["Empty Cage","Pandora\u0027s Box","Coffee Dripper"]}],"items_purged_floors":[21],"is_endless":false,"potions_floor_spawned":[4,12,14,18],"killed_by":"Spheric Guardian","ascension_level":17}