{"gold_per_floor":[110,60,71,51,65,93,93,126,126,126,126,138,138,12,12,88,88,98,98,110,35,35,35,35,35,35,55,67,93,104,114,114,186,186,196,243,256,156,171,196,32,32,57,85,85,85,85,102,102,102],"floor_reached":51,"playtime":2393,"items_purged":["Strike_R","Strike_R","Strike_R"],"score":1452,"play_id":"8d157c9d-4cc5-4717-925f-efcd01e1862e","local_time":"20190724165600","is_ascension_mode":true,"campfire_choices":[{"data":"Uppercut","floor":7.0,"key":"SMITH"},{"data":"Combust","floor":10,"key":"SMITH"},{"data":"Clothesline","floor":13,"key":"SMITH"},{"data":"Rampage","floor":15,"key":"SMITH"},{"data":"Whirlwind","floor":23,"key":"SMITH"},{"data":"Shrug It Off","floor":25,"key":"SMITH"},{"floor":32,"key":"REST"},{"data":"Metallicize","floor":46,"key":"SMITH"},{"data":"Iron Wave","floor":49,"key":"SMITH"}],"neow_cost":"PERCENT_DAMAGE","seed_source_timestamp":1271098270797197,"circlet_count":0,"master_deck":["AscendersBane","Strike_R","Strike_R","Defend_R","Defend_R","Defend_R","Defend_R","Bash","Iron Wave+1","Clothesline+1","Rampage+1","Combust+1","Uppercut+1","Infernal Blade","Shrug It Off+1","Headbutt","Barricade","Whirlwind+1","Inflame","Metallicize+1","Reaper","Inflame","Writhe","Clumsy","Spot Weakness+1"],"special_seed":0,"relics":["Burning Blood","Mango","Paper Frog","Ancient Tea Set","Bottled Tornado","Snecko Eye","WarpedTongs","Enchiridion","Mercury Hourglass","Incense Burner","Cursed Key","Magic Flower","Vajra","Art of War","Sundial"],"potions_floor_usage":[8,16,50,50],"damage_taken":[{"damage":10.0,"enemies":"Small Slimes","floor":1.0,"turns":4.0},{"damage":0.0,"enemies":"Cultist","floor":3.0,"turns":3.0},{"damage":2.0,"enemies":"Jaw Worm","floor":5.0,"turns":4.0},{"damage":25.0,"enemies":"3 Sentries","floor":6.0,"turns":6.0},{"damage":20,"enemies":"Lagavulin","floor":8,"turns":6},{"damage":0,"enemies":"Lots of Slimes","floor":12,"turns":1},{"damage":5,"enemies":"Slime Boss","floor":16,"turns":6},{"damage":0,"enemies":"Chosen","floor":18,"turns":2},{"damage":12,"enemies":"Spheric Guardian","floor":20,"turns":3},{"damage":20,"enemies":"Snake Plant","floor":27,"turns":3},{"damage":7,"enemies":"3 Cultists","floor":28,"turns":4},{"damage":16,"enemies":"Gremlin Leader","floor":29,"turns":4},{"damage":14,"enemies":"Centurion and Healer","floor":30,"turns":5},{"damage":9,"enemies":"Cultist and Chosen","floor":31,"turns":5},{"damage":30,"enemies":"Automaton","floor":33,"turns":9},{"damage":23,"enemies":"3 Shapes","floor":35,"turns":2},{"damage":41,"enemies":"2 Orb Walkers","floor":36,"turns":4},{"damage":20,"enemies":"3 Darklings","floor":37,"turns":4},{"damage":28,"enemies":"Spire Growth","floor":39,"turns":4},{"damage":49,"enemies":"Giant Head","floor":40,"turns":8},{"damage":0,"enemies":"Nemesis","floor":44,"turns":5},{"damage":10,"enemies":"4 Shapes","floor":48,"turns":5},{"damage":37,"enemies":"Time Eater","floor":50,"turns":10}],"seed_played":"-5078820118062334878","potions_obtained":[{"floor":1.0,"key":"Energy Potion"},{"floor":4.0,"key":"SteroidPotion"},{"floor":16,"key":"FairyPotion"},{"floor":18,"key":"Dexterity Potion"},{"floor":36,"key":"SteroidPotion"},{"floor":40,"key":"SteroidPotion"}],"is_trial":false,"path_per_floor":["M","$","M","?","M","E","R","E","T","R","$","M","R","$","R","B",null,"M","?","M","?","?","R","$","R","T","M","M","E","M","M","R","B",null,"M","?","M","$","M","E","$","?","T","E","?","R","?","M","R","B",null],"character_chosen":"IRONCLAD","items_purchased":["Clothesline","Headbutt","Inflame"],"campfire_rested":1,"item_purchase_floors":[2,14,41],"current_hp_per_floor":[60,60,66,66,70,51,51,37,37,37,37,43,43,43,43,44,78,84,84,78,78,57,57,57,57,57,43,42,32,24,21,47,23,73,68,33,40,40,39,21,21,39,39,71,71,71,71,89,89,89],"gold":102,"neow_bonus":"ONE_RARE_RELIC","is_prod":false,"is_daily":false,"chose_seed":false,"campfire_upgraded":8,"win_rate":0,"timestamp":1564005360,"path_taken":["M","$","M","?","M","E","R","E","T","R","$","?","R","$","R","BOSS","M","?","?","?","?","R","$","R","T","M","M","E","M","M","R","BOSS","M","?","M","?","?","E","$","?","T","E","?","R","?","?","R","BOSS"],"build_version":"2019-07-17","purchased_purges":3,"victory":true,"max_hp_per_floor":[89,89,89,89,89,89,89,89,89,89,89,89,89,89,89,89,89,89,89,89,89,89,89,89,89,89,89,89,89,89,89,89,89,89,89,89,89,89,89,89,89,89,89,89,89,89,89,89,89,89],"card_choices":[{"not_picked":["Flame Barrier","Heavy Blade"],"picked":"Iron Wave","floor":1.0},{"not_picked":["Sever Soul","Iron Wave"],"picked":"Rampage","floor":3.0},{"not_picked":["Intimidate","True Grit"],"picked":"Combust","floor":5.0},{"not_picked":["Sentinel","Iron Wave"],"picked":"Uppercut","floor":6.0},{"not_picked":["Warcry","True Grit"],"picked":"Infernal Blade","floor":8},{"not_picked":["Body Slam","Flex"],"picked":"Shrug It Off","floor":12},{"not_picked":["Bludgeon","Demon Form"],"picked":"Barricade","floor":16},{"not_picked":["Cleave","Warcry"],"picked":"Whirlwind","floor":18},{"not_picked":["Pommel Strike+1","Perfected Strike","Iron Wave"],"picked":"SKIP","floor":20},{"not_picked":["Perfected Strike","Sword Boomerang"],"picked":"Inflame","floor":27},{"not_picked":["Body Slam","True Grit","Fire Breathing"],"picked":"SKIP","floor":28},{"not_picked":["Flex","Shockwave"],"picked":"Metallicize","floor":29},{"not_picked":["Rampage","Burning Pact","Havoc"],"picked":"SKIP","floor":30},{"not_picked":["Pommel Strike","Pummel","Dual Wield"],"picked":"SKIP","floor":31},{"not_picked":["Brutality","Feed"],"picked":"Reaper","floor":33},{"not_picked":["Sword Boomerang+1","Armaments","Flex"],"picked":"SKIP","floor":35},{"not_picked":["Pommel Strike","Clash"],"picked":"Body Slam+1","floor":36},{"not_picked":["Pommel Strike+1","Warcry","Body Slam"],"picked":"SKIP","floor":37},{"not_picked":["Anger","Wild Strike","Whirlwind"],"picked":"SKIP","floor":39},{"not_picked":["Headbutt","Havoc","Wild Strike"],"picked":"SKIP","floor":40},{"not_picked":["Pommel Strike","Sentinel+1"],"picked":"Spot Weakness+1","floor":44},{"not_picked":["Wild Strike+1","Inflame","Sword Boomerang+1"],"picked":"SKIP","floor":48}],"player_experience":397280,"relics_obtained":[{"floor":6.0,"key":"Paper Frog"},{"floor":8,"key":"Ancient Tea Set"},{"floor":9,"key":"Bottled Tornado"},{"floor":22,"key":"Enchiridion"},{"floor":26,"key":"Mercury Hourglass"},{"floor":29,"key":"Incense Burner"},{"floor":36,"key":"Magic Flower"},{"floor":40,"key":"Vajra"},{"floor":43,"key":"Art of War"},{"floor":44,"key":"Sundial"}],"event_choices":[{"damage_healed":0.0,"max_hp_gain":0.0,"max_hp_loss":0.0,"gold_gain":0.0,"event_name":"The Woman in Blue","player_choice":"Bought 1 Potion","floor":4.0,"gold_loss":0.0,"damage_taken":0.0},{"damage_healed":0,"gold_gain":0,"player_choice":"Rummage","damage_taken":0,"relics_obtained":["WarpedTongs"],"max_hp_gain":0,"max_hp_loss":0,"event_name":"Accursed Blacksmith","floor":19,"gold_loss":0,"cards_obtained":["Pain"]},{"cards_removed":["Pain"],"damage_healed":0,"gold_gain":0,"player_choice":"Gave Gold","damage_taken":0,"max_hp_gain":0,"max_hp_loss":0,"event_name":"Beggar","floor":21,"gold_loss":75},{"damage_healed":0,"gold_gain":0,"player_choice":"Obtained Book","damage_taken":21,"max_hp_gain":0,"max_hp_loss":0,"event_name":"Cursed Tome","floor":22,"gold_loss":0},{"damage_healed":0,"gold_gain":0,"player_choice":"Fight","damage_taken":0,"max_hp_gain":0,"max_hp_loss":0,"event_name":"Mysterious Sphere","floor":36,"gold_loss":0},{"damage_healed":18,"gold_gain":0,"player_choice":"Writhe","damage_taken":0,"max_hp_gain":0,"max_hp_loss":0,"event_name":"Winding Halls","floor":42,"gold_loss":0,"cards_obtained":["Writhe"]},{"damage_healed":0,"gold_gain":0,"player_choice":"Memory 1","damage_taken":0,"max_hp_gain":0,"max_hp_loss":0,"event_name":"SensoryStone","floor":45,"gold_loss":0},{"cards_removed":["Body Slam"],"damage_healed":0,"gold_gain":0,"player_choice":"Removed Attack","damage_taken":0,"max_hp_gain":0,"max_hp_loss":0,"event_name":"Falling","floor":47,"gold_loss":0}],"is_beta":false,"boss_relics":[{"not_picked":["Calling Bell","Astrolabe"],"picked":"Snecko Eye"},{"not_picked":["Philosopher\u0027s Stone","Empty Cage"],"picked":"Cursed Key"}],"items_purged_floors":[14,38,41],"is_endless":false,"potions_floor_spawned":[1,6,16,18,20,29,36,39,40,44],"ascension_level":17}