{"gold_per_floor":[116,129,143,143,159,197,197,197,223,237,221,246,264,264,264,264],"floor_reached":16,"playtime":1956,"items_purged":[],"score":106,"play_id":"b35b1d0d-1aef-4b69-9505-d03cbba44622","local_time":"20190720183519","is_ascension_mode":false,"campfire_choices":[{"floor":15,"key":"REST"}],"neow_cost":"NONE","seed_source_timestamp":802678128678668,"circlet_count":0,"master_deck":["Strike_G","Strike_G","Strike_G","Strike_G","Strike_G","Defend_G","Defend_G+1","Defend_G","Defend_G","Defend_G","Survivor+1","Neutralize","Blur","Well Laid Plans","Footwork","Dodge and Roll","Infinite Blades","Decay","Acrobatics","Quick Slash","Crippling Poison","Backstab","Pain","Noxious Fumes"],"relics":["Ring of the Snake","War Paint","Golden Idol","Dream Catcher","Happy Flower"],"potions_floor_usage":[3,6,6,12,16],"damage_taken":[{"damage":0,"enemies":"Cultist","floor":1,"turns":3},{"damage":0,"enemies":"Small Slimes","floor":2,"turns":5},{"damage":0,"enemies":"2 Louse","floor":3,"turns":4},{"damage":22,"enemies":"Lots of Slimes","floor":5,"turns":7},{"damage":28,"enemies":"Lagavulin","floor":6,"turns":12},{"damage":12,"enemies":"Large Slime","floor":10,"turns":8},{"damage":4,"enemies":"Exordium Thugs","floor":11,"turns":5},{"damage":0,"enemies":"3 Louse","floor":12,"turns":5},{"damage":3,"enemies":"2 Fungi Beasts","floor":13,"turns":5},{"damage":28,"enemies":"The Guardian","floor":16,"turns":6}],"seed_played":"1521510346979108699","potions_obtained":[{"floor":1,"key":"EssenceOfSteel"},{"floor":2,"key":"PowerPotion"},{"floor":5,"key":"LiquidBronze"},{"floor":11,"key":"LiquidBronze"},{"floor":12,"key":"Swift Potion"},{"floor":13,"key":"Ancient Potion"}],"is_trial":false,"path_per_floor":["M","M","M","?","M","E","?","?","T","M","M","M","M","?","R","B"],"character_chosen":"THE_SILENT","items_purchased":[],"campfire_rested":1,"item_purchase_floors":[],"current_hp_per_floor":[70,70,70,53,31,3,26,26,26,14,10,10,7,7,28,0],"gold":264,"neow_bonus":"RANDOM_COMMON_RELIC","is_prod":false,"is_daily":false,"chose_seed":false,"campfire_upgraded":0,"win_rate":0.0,"timestamp":1563665719,"path_taken":["M","M","M","?","M","E","?","?","T","M","M","M","?","?","R","BOSS"],"build_version":"2019-07-17","purchased_purges":0,"victory":false,"max_hp_per_floor":[70,70,70,70,70,70,70,70,70,70,70,70,70,70,70,70],"card_choices":[{"not_picked":["Dash","PiercingWail"],"picked":"Blur","floor":1},{"not_picked":["Acrobatics","Sucker Punch"],"picked":"Well Laid Plans","floor":2},{"not_picked":["Night Terror","Noxious Fumes"],"picked":"Footwork","floor":3},{"not_picked":["Blade Dance","PiercingWail"],"picked":"Dodge and Roll","floor":5},{"not_picked":["Finisher","PiercingWail"],"picked":"Infinite Blades","floor":6},{"not_picked":["Endless Agony","Prepared"],"picked":"Acrobatics","floor":10},{"not_picked":["Infinite Blades","Finisher"],"picked":"Quick Slash","floor":11},{"not_picked":["Infinite Blades","Quick Slash"],"picked":"Crippling Poison","floor":12},{"not_picked":["Flying Knee","Dagger Spray"],"picked":"Backstab","floor":13},{"not_picked":["Sucker Punch","All Out Attack"],"picked":"Noxious Fumes","floor":15}],"player_experience":33289,"relics_obtained":[{"floor":6,"key":"Dream Catcher"},{"floor":9,"key":"Happy Flower"}],"event_choices":[{"damage_healed":0,"gold_gain":0,"player_choice":"Take Damage","damage_taken":17,"relics_obtained":["Golden Idol"],"max_hp_gain":0,"max_hp_loss":0,"event_name":"Golden Idol","floor":4,"gold_loss":0},{"damage_healed":23,"gold_gain":0,"player_choice":"Banana","damage_taken":0,"max_hp_gain":0,"max_hp_loss":0,"event_name":"Big Fish","floor":7,"gold_loss":0},{"damage_healed":0,"gold_gain":0,"player_choice":"Cursed","damage_taken":0,"max_hp_gain":0,"max_hp_loss":0,"event_name":"Wheel of Change","floor":8,"gold_loss":0,"cards_obtained":["Decay"]},{"damage_healed":0,"gold_gain":0,"player_choice":"1 cards matched","damage_taken":0,"max_hp_gain":0,"max_hp_loss":0,"event_name":"Match and Keep!","floor":14,"gold_loss":0,"cards_obtained":["Pain"]},{"damage_healed":0,"gold_gain":0,"player_choice":"1 cards matched","damage_taken":0,"max_hp_gain":0,"max_hp_loss":0,"event_name":"Match and Keep!","floor":14,"gold_loss":0,"cards_obtained":["Pain"]}],"is_beta":false,"boss_relics":[],"items_purged_floors":[],"is_endless":false,"potions_floor_spawned":[1,2,5,11,12,13],"killed_by":"The Guardian","ascension_level":0}