{"gold_per_floor":[114,124,49,63,63,63,97,97,97,47,47,99,129,148,148,148],"floor_reached":16,"playtime":251,"items_purged":["Strike_R"],"score":98,"play_id":"2c512ab4-022e-4ca2-ae8d-10fe11698adb","local_time":"20190806234028","is_ascension_mode":false,"campfire_choices":[{"data":"Bash","floor":6,"key":"SMITH"},{"data":"Dropkick","floor":15,"key":"SMITH"}],"neow_cost":"NONE","seed_source_timestamp":101834796009828,"circlet_count":0,"master_deck":["Strike_R","Strike_R","Strike_R","Defend_R","Defend_R","Defend_R","Bash+1","Dropkick+1"],"relics":["Burning Blood","Question Card","Darkstone Periapt","Blue Candle","Vajra","Tiny Chest"],"potions_floor_usage":[7,16],"damage_taken":[{"damage":12,"enemies":"2 Louse","floor":1,"turns":3},{"damage":13,"enemies":"Jaw Worm","floor":2,"turns":3},{"damage":5,"enemies":"Small Slimes","floor":4,"turns":3},{"damage":23,"enemies":"Gremlin Nob","floor":7,"turns":5},{"damage":9,"enemies":"2 Fungi Beasts","floor":14,"turns":4},{"damage":32,"enemies":"Hexaghost","floor":16,"turns":7}],"seed_played":"812977704864409285","potions_obtained":[{"floor":0,"key":"Explosive Potion"},{"floor":0,"key":"Weak Potion"},{"floor":0,"key":"Energy Potion"},{"floor":7,"key":"FearPotion"}],"is_trial":false,"path_per_floor":["M","M","$","M","$","R","E","?","T","?","?","T","?","M","R","B"],"character_chosen":"IRONCLAD","items_purchased":[],"campfire_rested":0,"item_purchase_floors":[],"current_hp_per_floor":[74,67,67,68,68,68,51,44,44,44,44,44,32,29,29,0],"gold":148,"neow_bonus":"THREE_SMALL_POTIONS","is_prod":false,"is_daily":false,"chose_seed":false,"campfire_upgraded":2,"win_rate":0,"timestamp":1565149228,"path_taken":["M","M","$","M","$","R","E","?","T","?","?","?","?","M","R","BOSS"],"build_version":"2019-07-17","purchased_purges":1,"victory":false,"max_hp_per_floor":[80,80,80,80,80,80,80,80,80,80,80,80,80,80,80,80],"card_choices":[{"not_picked":["Havoc","Iron Wave","Anger"],"picked":"SKIP","floor":1},{"not_picked":["Havoc","Shrug It Off","Anger"],"picked":"SKIP","floor":2},{"not_picked":["Rupture","Flex","Ghostly Armor"],"picked":"SKIP","floor":4},{"not_picked":["Clash","Pommel Strike","Dark Embrace"],"picked":"SKIP","floor":7},{"not_picked":["Perfected Strike","Clothesline","Metallicize"],"picked":"Dropkick","floor":14}],"player_experience":754247,"relics_obtained":[{"floor":7,"key":"Question Card"},{"floor":9,"key":"Darkstone Periapt"},{"floor":12,"key":"Vajra"}],"event_choices":[{"cards_removed":["Defend_R"],"damage_healed":0,"gold_gain":0,"player_choice":"Card Removal","damage_taken":7,"max_hp_gain":0,"max_hp_loss":0,"event_name":"Golden Wing","floor":8,"gold_loss":0},{"cards_removed":["Strike_R"],"damage_healed":0,"gold_gain":0,"player_choice":"Card Removal","damage_taken":0,"max_hp_gain":0,"max_hp_loss":0,"event_name":"The Cleric","floor":10,"gold_loss":50},{"damage_healed":0,"gold_gain":0,"player_choice":"Searched \u00271\u0027 times","damage_taken":0,"relics_obtained":["Blue Candle"],"max_hp_gain":0,"max_hp_loss":0,"event_name":"Dead Adventurer","floor":11,"gold_loss":0},{"damage_healed":0,"gold_gain":0,"player_choice":"Success","damage_taken":12,"relics_obtained":["Tiny Chest"],"max_hp_gain":0,"max_hp_loss":0,"event_name":"Scrap Ooze","floor":13,"gold_loss":0}],"is_beta":false,"boss_relics":[],"items_purged_floors":[3],"is_endless":false,"potions_floor_spawned":[1,7,14],"killed_by":"Hexaghost","ascension_level":0}