{"gold_per_floor":[11,21,31,46,46,46,72,72,72,104,104,115,115,115,115,115],"floor_reached":16,"playtime":655,"items_purged":[],"score":132,"play_id":"8c36f38d-5a51-42ed-a22b-e12e85a3d88c","local_time":"20190607134355","is_ascension_mode":true,"campfire_choices":[{"data":"Buffer","floor":6,"key":"SMITH"},{"floor":11,"key":"REST"},{"floor":15,"key":"REST"}],"neow_cost":"NO_GOLD","seed_source_timestamp":6739498529328,"circlet_count":0,"master_deck":["Strike_B","Strike_B+1","Strike_B+1","Strike_B","Defend_B","Defend_B+1","Defend_B","Defend_B+1","Zap","Dualcast","Buffer+1","Conserve Battery","Sweeping Beam","Lockon","BootSequence","Go for the Eyes","Go for the Eyes+1","Conserve Battery","Injury"],"relics":["Cracked Core","Whetstone","Molten Egg 2","Centennial Puzzle","Art of War","Golden Idol"],"potions_floor_usage":[7],"damage_taken":[{"damage":3,"enemies":"2 Louse","floor":1,"turns":3},{"damage":0,"enemies":"Small Slimes","floor":2,"turns":5},{"damage":5,"enemies":"Jaw Worm","floor":3,"turns":4},{"damage":19,"enemies":"Exordium Wildlife","floor":4,"turns":3},{"damage":43,"enemies":"Lagavulin","floor":7,"turns":10},{"damage":3,"enemies":"3 Sentries","floor":10,"turns":7},{"damage":0,"enemies":"Blue Slaver","floor":12,"turns":3},{"damage":40,"enemies":"Hexaghost","floor":16,"turns":14}],"seed_played":"-3508669856244903093","potions_obtained":[{"floor":2,"key":"SteroidPotion"},{"floor":4,"key":"SkillPotion"},{"floor":12,"key":"Explosive Potion"}],"is_trial":false,"path_per_floor":["M","M","M","M","?","R","E","?","T","E","R","M","?","?","R","B"],"character_chosen":"DEFECT","items_purchased":[],"campfire_rested":2,"item_purchase_floors":[],"current_hp_per_floor":[72,72,67,48,73,73,30,12,12,9,31,31,16,16,38,0],"gold":115,"neow_bonus":"THREE_RARE_CARDS","is_prod":false,"is_daily":false,"chose_seed":false,"campfire_upgraded":1,"win_rate":0,"timestamp":1559933035,"path_taken":["M","M","M","M","?","R","E","?","T","E","R","M","?","?","R","BOSS"],"build_version":"2019-01-23","purchased_purges":0,"victory":false,"max_hp_per_floor":[75,75,75,75,75,75,75,75,75,75,75,75,75,75,75,75],"card_choices":[{"not_picked":["Hyperbeam","Machine Learning"],"picked":"Buffer","floor":0},{"not_picked":["Stack","Gash"],"picked":"Conserve Battery","floor":1},{"not_picked":["Compile Driver","Redo"],"picked":"Sweeping Beam","floor":2},{"not_picked":["Hello World","Fusion"],"picked":"Lockon","floor":3},{"not_picked":["Reinforced Body","Leap"],"picked":"BootSequence","floor":4},{"not_picked":["Fission","Streamline"],"picked":"Go for the Eyes","floor":7},{"not_picked":["Steam","Recycle"],"picked":"Go for the Eyes+1","floor":10},{"not_picked":["Go for the Eyes+1","Leap"],"picked":"Conserve Battery","floor":12}],"player_experience":117128,"relics_obtained":[{"floor":7,"key":"Whetstone"},{"floor":9,"key":"Centennial Puzzle"},{"floor":10,"key":"Art of War"}],"event_choices":[{"damage_healed":25,"gold_gain":0,"player_choice":"Banana","damage_taken":0,"max_hp_gain":0,"max_hp_loss":0,"event_name":"Big Fish","floor":5,"gold_loss":0},{"damage_healed":0,"gold_gain":0,"player_choice":"Success","damage_taken":18,"relics_obtained":["Molten Egg 2"],"max_hp_gain":0,"max_hp_loss":0,"event_name":"Scrap Ooze","floor":8,"gold_loss":0},{"damage_healed":0,"gold_gain":0,"player_choice":"Entered Light","damage_taken":15,"max_hp_gain":0,"max_hp_loss":0,"event_name":"Shining Light","floor":13,"gold_loss":0,"cards_upgraded":["Defend_B","Defend_B"]},{"damage_healed":0,"gold_gain":0,"player_choice":"Take Wound","damage_taken":0,"relics_obtained":["Golden Idol"],"max_hp_gain":0,"max_hp_loss":0,"event_name":"Golden Idol","floor":14,"gold_loss":0,"cards_obtained":["Injury"]}],"is_beta":false,"boss_relics":[],"items_purged_floors":[],"is_endless":false,"potions_floor_spawned":[2,4,12],"killed_by":"Hexaghost","ascension_level":4}