{"gold_per_floor":[112,122,122,272,36,36,47,78,78,78,0,17,47,64,64,138,138,153,163,163,163,177,177,187,198,198,230,245,259,259,279,279,355,355,374,374,389,414,430,430,20,20,20,20,20,20,20,20,20,20],"floor_reached":51,"playtime":2690,"items_purged":["Doubt"],"score":1238,"play_id":"3811ccce-bf59-4599-bfe0-261e300cb717","local_time":"20190706125844","is_ascension_mode":true,"campfire_choices":[{"data":"Skewer","floor":6.0,"key":"SMITH"},{"floor":15.0,"key":"REST"},{"floor":23.0,"key":"REST"},{"floor":30.0,"key":"REST"},{"floor":32.0,"key":"REST"},{"floor":40.0,"key":"REST"},{"floor":42.0,"key":"REST"},{"floor":44.0,"key":"REST"},{"floor":49.0,"key":"REST"}],"neow_cost":"NONE","seed_source_timestamp":1353184380219888,"circlet_count":0,"master_deck":["AscendersBane","Defend_G","Defend_G","Defend_G","Defend_G","Defend_G","Survivor","Neutralize+1","Deadly Poison","Cloak And Dagger","Well Laid Plans","Skewer+1","Grand Finale","Slice","Acrobatics","Predator","Caltrops","After Image","Dash","Dagger Spray+1","Bite","Bite","Bite","Acrobatics","Noxious Fumes","Corpse Explosion","Quick Slash+1","Noxious Fumes","Prepared+1","Tools of the Trade","Noxious Fumes+1","Dodge and Roll","Catalyst","After Image"],"special_seed":0,"relics":["Ring of the Snake","Tough Bandages","Potion Belt","Mummified Hand","Snake Skull","Fusion Hammer","Blue Candle","Happy Flower","Empty Cage","Centennial Puzzle","Kunai","Ninja Scroll"],"potions_floor_usage":[50],"damage_taken":[{"damage":0.0,"enemies":"Jaw Worm","floor":1.0,"turns":5.0},{"damage":0.0,"enemies":"2 Louse","floor":2.0,"turns":3.0},{"damage":0.0,"enemies":"Cultist","floor":7.0,"turns":3.0},{"damage":9.0,"enemies":"3 Sentries","floor":8.0,"turns":3.0},{"damage":20.0,"enemies":"Large Slime","floor":12.0,"turns":7.0},{"damage":0.0,"enemies":"Lagavulin","floor":13.0,"turns":4.0},{"damage":10.0,"enemies":"3 Louse","floor":14.0,"turns":3.0},{"damage":13.0,"enemies":"Slime Boss","floor":16.0,"turns":6.0},{"damage":5.0,"enemies":"Shell Parasite","floor":18.0,"turns":6.0},{"damage":17.0,"enemies":"Spheric Guardian","floor":19.0,"turns":6.0},{"damage":19.0,"enemies":"Snake Plant","floor":22.0,"turns":4.0},{"damage":19.0,"enemies":"Sentry and Sphere","floor":24.0,"turns":5.0},{"damage":2.0,"enemies":"Centurion and Healer","floor":25.0,"turns":4.0},{"damage":22.0,"enemies":"Book of Stabbing","floor":27.0,"turns":5.0},{"damage":32.0,"enemies":"Snake Plant","floor":28.0,"turns":4.0},{"damage":0.0,"enemies":"3 Cultists","floor":29.0,"turns":3.0},{"damage":0.0,"enemies":"Shelled Parasite and Fungi","floor":31.0,"turns":4.0},{"damage":11.0,"enemies":"Automaton","floor":33.0,"turns":9.0},{"damage":6.0,"enemies":"Orb Walker","floor":35.0,"turns":4.0},{"damage":28.0,"enemies":"3 Darklings","floor":37.0,"turns":3.0},{"damage":11.0,"enemies":"Sphere and 2 Shapes","floor":39.0,"turns":4.0},{"damage":0.0,"enemies":"Jaw Worm Horde","floor":45.0,"turns":1.0},{"damage":54,"enemies":"Time Eater","floor":50,"turns":8}],"seed_played":"6466056068353825717","potions_obtained":[{"floor":2.0,"key":"GamblersBrew"},{"floor":13.0,"key":"SkillPotion"},{"floor":16.0,"key":"Fire Potion"},{"floor":19.0,"key":"Dexterity Potion"},{"floor":22.0,"key":"PowerPotion"},{"floor":24.0,"key":"SkillPotion"},{"floor":27.0,"key":"Regen Potion"},{"floor":33.0,"key":"SmokeBomb"},{"floor":37.0,"key":"Fire Potion"}],"is_trial":false,"path_per_floor":["M","M","?","?","$","R","M","E","T","?","$","M","E","M","R","B",null,"M","M","?","?","M","R","M","M","T","E","M","M","R","M","R","B",null,"M","?","M","T","M","R","$","R","T","R","M","?","?","$","R","B",null],"character_chosen":"THE_SILENT","items_purchased":["Well Laid Plans","Skewer","Weak Potion","GhostInAJar","Kunai","Catalyst","Setup"],"campfire_rested":8,"item_purchase_floors":[5,5,5,11,41,41,41],"current_hp_per_floor":[65,65,54,54,54,54,54,45,45,45,45,25,25,15,36,23,60,55,38,38,25,14,30,27,33,33,21,9,17,33,37,53,44,52,51,51,23,23,18,34,34,50,50,55,55,55,55,55,55,5],"gold":20,"neow_bonus":"TEN_PERCENT_HP_BONUS","is_prod":false,"is_daily":false,"chose_seed":false,"campfire_upgraded":1,"win_rate":0,"timestamp":1562435924,"path_taken":["M","M","?","?","$","R","M","E","T","?","$","?","E","M","R","BOSS","M","M","?","?","M","R","M","M","T","E","M","M","R","?","R","BOSS","M","?","M","?","M","R","?","R","T","R","?","?","?","$","R","BOSS"],"build_version":"2019-07-05","purchased_purges":1,"victory":true,"max_hp_per_floor":[72,72,72,72,72,72,72,72,72,72,72,72,72,72,72,72,72,72,72,50,55,55,55,55,55,55,55,55,55,55,55,55,55,55,55,55,55,55,55,55,55,55,55,55,55,55,55,55,55,55],"card_choices":[{"not_picked":["Flying Knee","Backflip"],"picked":"Deadly Poison","floor":1.0},{"not_picked":["Bane","PiercingWail"],"picked":"Cloak And Dagger","floor":2.0},{"not_picked":["Sucker Punch","Underhanded Strike"],"picked":"Grand Finale","floor":7.0},{"not_picked":["Acrobatics","Bouncing Flask"],"picked":"Slice","floor":8.0},{"not_picked":["Slice","Heel Hook"],"picked":"Acrobatics","floor":12.0},{"not_picked":["Choke","Outmaneuver"],"picked":"Predator","floor":13.0},{"not_picked":["Riddle With Holes","Deadly Poison"],"picked":"Caltrops","floor":14.0},{"not_picked":["Storm of Steel","Die Die Die"],"picked":"After Image","floor":16.0},{"not_picked":["Skewer","Dodge and Roll"],"picked":"Dash","floor":18.0},{"not_picked":["Finisher","Underhanded Strike"],"picked":"Dagger Spray+1","floor":19.0},{"not_picked":["Dodge and Roll","Slice"],"picked":"Acrobatics","floor":22.0},{"not_picked":["Finisher","Blade Dance"],"picked":"Noxious Fumes","floor":24.0},{"not_picked":["Bane","Backflip"],"picked":"Corpse Explosion","floor":25.0},{"not_picked":["Skewer","Bane"],"picked":"Quick Slash+1","floor":27.0},{"not_picked":["Bane","Dodge and Roll"],"picked":"Noxious Fumes","floor":28.0},{"not_picked":["Sucker Punch","Backstab"],"picked":"Prepared+1","floor":29.0},{"not_picked":["Die Die Die","Blade Dance","Poisoned Stab"],"picked":"SKIP","floor":31.0},{"not_picked":["Bullet Time","Burst"],"picked":"Tools of the Trade","floor":33.0},{"not_picked":["Finisher","Sucker Punch","Flying Knee"],"picked":"SKIP","floor":35.0},{"not_picked":["Cloak And Dagger","Acrobatics"],"picked":"Noxious Fumes+1","floor":37.0},{"not_picked":["Acrobatics","Masterful Stab"],"picked":"Dodge and Roll","floor":39.0}],"player_experience":348642,"relics_obtained":[{"floor":8.0,"key":"Potion Belt"},{"floor":9.0,"key":"Mummified Hand"},{"floor":13.0,"key":"Snake Skull"},{"floor":26.0,"key":"Blue Candle"},{"floor":27.0,"key":"Happy Flower"},{"floor":38.0,"key":"Centennial Puzzle"},{"floor":43.0,"key":"Ninja Scroll"}],"event_choices":[{"damage_healed":0.0,"max_hp_gain":0.0,"max_hp_loss":0.0,"gold_gain":0.0,"event_name":"Scrap Ooze","player_choice":"Success","floor":3.0,"gold_loss":0.0,"damage_taken":11.0,"relics_obtained":["Tough Bandages"]},{"damage_healed":0.0,"max_hp_gain":0.0,"max_hp_loss":0.0,"gold_gain":150.0,"event_name":"Liars Game","player_choice":"AGREE","floor":4.0,"gold_loss":0.0,"damage_taken":0.0,"cards_obtained":["Doubt"]},{"damage_healed":0.0,"max_hp_gain":0.0,"max_hp_loss":0.0,"gold_gain":0.0,"event_name":"Living Wall","player_choice":"Grow","floor":10.0,"gold_loss":0.0,"damage_taken":0.0,"cards_upgraded":["Neutralize"]},{"damage_healed":0.0,"max_hp_gain":0.0,"max_hp_loss":22.0,"gold_gain":0.0,"event_name":"Vampires","player_choice":"Became a vampire","floor":20.0,"gold_loss":0.0,"damage_taken":0.0,"cards_obtained":["Bite","Bite","Bite","Bite","Bite"]},{"damage_healed":0.0,"max_hp_gain":5.0,"max_hp_loss":0.0,"gold_gain":0.0,"event_name":"Forgotten Altar","player_choice":"Shed Blood","floor":21.0,"gold_loss":0.0,"damage_taken":18.0},{"damage_healed":0.0,"max_hp_gain":0.0,"max_hp_loss":0.0,"gold_gain":0.0,"event_name":"SensoryStone","player_choice":"Memory 1","floor":36.0,"gold_loss":0.0,"damage_taken":0.0},{"cards_removed":["Setup"],"damage_healed":0.0,"max_hp_gain":0.0,"max_hp_loss":0.0,"gold_gain":0.0,"event_name":"Falling","player_choice":"Removed Skill","floor":46.0,"gold_loss":0.0,"damage_taken":0.0},{"damage_healed":0.0,"max_hp_gain":0.0,"max_hp_loss":0.0,"gold_gain":0.0,"event_name":"Duplicator","player_choice":"Copied","floor":47.0,"gold_loss":0.0,"damage_taken":0.0,"cards_obtained":["After Image"]}],"is_beta":false,"boss_relics":[{"not_picked":["Coffee Dripper","Busted Crown"],"picked":"Fusion Hammer"},{"not_picked":["Runic Dome","Snecko Eye"],"picked":"Empty Cage"}],"items_purged_floors":[5],"is_endless":false,"potions_floor_spawned":[2,13,16,19,22,24,27,33,37,45],"ascension_level":15}