{"gold_per_floor":[113,263,263,283,306,306,306],"floor_reached":7,"playtime":408,"items_purged":[],"score":82,"play_id":"40844627-6ff8-4c81-b5d3-3f45bccb2abb","local_time":"20190816103945","is_ascension_mode":true,"campfire_choices":[{"data":"Well Laid Plans","floor":6,"key":"SMITH"}],"neow_cost":"NONE","seed_source_timestamp":94061871877300,"circlet_count":0,"master_deck":["AscendersBane","Strike_G","Strike_G","Strike_G","Strike_G","Strike_G","Defend_G","Defend_G","Defend_G","Defend_G","Defend_G","Survivor","Neutralize","Escape Plan","Doubt","Injury","Flying Knee","Well Laid Plans+1"],"special_seed":0,"relics":["Ring of the Snake","Golden Idol"],"potions_floor_usage":[4,7,7],"damage_taken":[{"damage":0.0,"enemies":"Small Slimes","floor":1.0,"turns":5.0},{"damage":6,"enemies":"Jaw Worm","floor":4,"turns":9},{"damage":0,"enemies":"2 Louse","floor":5,"turns":4},{"damage":59,"enemies":"Lagavulin","floor":7,"turns":11}],"seed_played":"-4096656748248530195","potions_obtained":[{"floor":0.0,"key":"GhostInAJar"},{"floor":0.0,"key":"Swift Potion"},{"floor":0.0,"key":"EssenceOfSteel"},{"floor":4,"key":"Regen Potion"}],"is_trial":false,"path_per_floor":["M","?","?","M","M","R","E"],"character_chosen":"THE_SILENT","items_purchased":[],"campfire_rested":0,"item_purchase_floors":[],"current_hp_per_floor":[59,59,59,53,53,53,9],"gold":306,"neow_bonus":"THREE_SMALL_POTIONS","is_prod":false,"is_daily":false,"chose_seed":false,"campfire_upgraded":1,"win_rate":0,"timestamp":1565944785,"path_taken":["M","?","?","M","M","R","E"],"build_version":"2019-07-17","purchased_purges":0,"victory":false,"max_hp_per_floor":[66,66,66,66,66,66,66],"card_choices":[{"not_picked":["PiercingWail","Prepared"],"picked":"Escape Plan","floor":1.0},{"not_picked":["Blade Dance","Terror"],"picked":"Flying Knee","floor":4},{"not_picked":["Flying Knee","Terror"],"picked":"Well Laid Plans","floor":5}],"player_experience":1053032,"relics_obtained":[],"event_choices":[{"damage_healed":0.0,"max_hp_gain":0.0,"max_hp_loss":0.0,"gold_gain":150.0,"event_name":"Liars Game","player_choice":"AGREE","floor":2.0,"gold_loss":0.0,"damage_taken":0.0,"cards_obtained":["Doubt"]},{"damage_healed":0.0,"max_hp_gain":0.0,"max_hp_loss":0.0,"gold_gain":0.0,"event_name":"Golden Idol","player_choice":"Take Wound","floor":3.0,"gold_loss":0.0,"damage_taken":0.0,"relics_obtained":["Golden Idol"],"cards_obtained":["Injury"]}],"is_beta":false,"boss_relics":[],"items_purged_floors":[],"is_endless":false,"potions_floor_spawned":[4,5],"killed_by":"Lagavulin","ascension_level":20}