{"gold_per_floor":[118,118,129,144,144,169,183,218,291,303,303,318,347,359,359,460,460,476,132,143,143,156,191,116,148,173,173,173,173,173,192,192,192],"floor_reached":33,"playtime":1312,"items_purged":["Strike_R"],"score":455,"play_id":"e3c6258e-4f50-4aee-bc32-cb37de4b00bb","local_time":"20190330100404","is_ascension_mode":true,"campfire_choices":[{"floor":11,"key":"REST"},{"data":"Disarm","floor":15,"key":"SMITH"},{"floor":27,"key":"REST"},{"data":"Apotheosis","floor":29,"key":"SMITH"},{"floor":32,"key":"REST"}],"neow_cost":"NONE","seed_source_timestamp":548556178217762,"circlet_count":0,"master_deck":["Strike_R","Defend_R","Defend_R","Defend_R","Defend_R","Bash+1","Carnage","Pummel+1","Clothesline+1","Inflame","Headbutt","Evolve","Uppercut+1","Disarm+1","Clothesline+1","Feed+1","Immolate+1","Battle Trance+1","Disarm","Apotheosis+1","Havoc","Carnage+1","Warcry","Thunderclap+1","True Grit+1","Exhume","Regret","Ghostly","Ghostly","Ghostly","Ghostly","Ghostly","Shockwave"],"relics":["Burning Blood","Vajra","Lantern","Bird Faced Urn","Molten Egg 2","Potion Belt","Cursed Key","Oddly Smooth Stone","Frozen Egg 2","Whetstone","Enchiridion"],"potions_floor_usage":[8,22,23,23,33],"damage_taken":[{"damage":8,"enemies":"Jaw Worm","floor":1,"turns":4},{"damage":0,"enemies":"Cultist","floor":3,"turns":2},{"damage":0,"enemies":"Small Slimes","floor":4,"turns":2},{"damage":32,"enemies":"Gremlin Nob","floor":6,"turns":4},{"damage":6,"enemies":"3 Louse","floor":7,"turns":3},{"damage":25,"enemies":"Lagavulin","floor":8,"turns":6},{"damage":18,"enemies":"Exordium Wildlife","floor":10,"turns":5},{"damage":0,"enemies":"2 Fungi Beasts","floor":12,"turns":2},{"damage":6,"enemies":"Gremlin Nob","floor":13,"turns":3},{"damage":17,"enemies":"Large Slime","floor":14,"turns":5},{"damage":21,"enemies":"Hexaghost","floor":16,"turns":10},{"damage":12,"enemies":"Chosen","floor":18,"turns":2},{"damage":9,"enemies":"Shell Parasite","floor":20,"turns":4},{"damage":9,"enemies":"Snake Plant","floor":22,"turns":3},{"damage":39,"enemies":"Slavers","floor":23,"turns":4},{"damage":36,"enemies":"Gremlin Leader","floor":25,"turns":6},{"damage":7,"enemies":"Sentry and Sphere","floor":31,"turns":6},{"damage":36,"enemies":"Automaton","floor":33,"turns":6}],"seed_played":"1077754912116503751","potions_obtained":[{"floor":3,"key":"Dexterity Potion"},{"floor":4,"key":"Ancient Potion"},{"floor":6,"key":"Weak Potion"},{"floor":12,"key":"SpeedPotion"},{"floor":13,"key":"FearPotion"},{"floor":14,"key":"Poison Potion"},{"floor":18,"key":"AttackPotion"},{"floor":20,"key":"EssenceOfSteel"}],"is_trial":false,"path_per_floor":["M","?","M","M","?","E","M","E","T","M","R","M","E","M","R","B",null,"M","$","M","?","M","E","?","E","T","R","?","R","?","M","R","B"],"character_chosen":"IRONCLAD","items_purchased":["Disarm","Apotheosis"],"campfire_rested":3,"item_purchase_floors":[19,19],"current_hp_per_floor":[70,80,80,80,80,54,54,35,35,27,51,57,59,50,50,43,74,74,74,75,75,78,51,51,27,27,58,42,42,42,45,52,18],"gold":192,"neow_bonus":"RANDOM_COMMON_RELIC","is_prod":false,"is_daily":false,"chose_seed":false,"campfire_upgraded":2,"win_rate":0,"timestamp":1553954644,"path_taken":["M","?","M","?","?","E","M","E","T","?","R","M","E","M","R","BOSS","M","$","M","?","M","E","?","E","T","R","?","R","?","M","R","BOSS"],"build_version":"2019-01-23","purchased_purges":1,"victory":false,"max_hp_per_floor":[80,80,80,80,80,80,80,80,80,80,80,80,80,80,80,84,84,88,88,92,92,96,100,100,104,104,104,104,104,52,52,52,52],"card_choices":[{"not_picked":["Cleave","Perfected Strike"],"picked":"Carnage","floor":1},{"not_picked":["Warcry","Rupture"],"picked":"Pummel","floor":3},{"not_picked":["Hemokinesis","Thunderclap"],"picked":"Clothesline","floor":4},{"not_picked":["Feel No Pain","Spot Weakness"],"picked":"Inflame","floor":6},{"not_picked":["Evolve","Cleave"],"picked":"Headbutt","floor":7},{"not_picked":["Pommel Strike","Perfected Strike"],"picked":"Evolve","floor":8},{"not_picked":["Flex","Carnage+1"],"picked":"Uppercut+1","floor":10},{"not_picked":["Pummel+1","Armaments"],"picked":"Disarm","floor":12},{"not_picked":["Intimidate","Cleave+1"],"picked":"Clothesline+1","floor":13},{"not_picked":["Seeing Red","Body Slam+1"],"picked":"Feed+1","floor":14},{"not_picked":["Feed+1","Limit Break"],"picked":"Immolate+1","floor":16},{"not_picked":["Warcry+1","Cleave+1"],"picked":"Battle Trance+1","floor":18},{"not_picked":["Clothesline+1","Clash+1"],"picked":"Havoc","floor":20},{"not_picked":["Blood for Blood+1","Carnage+1"],"picked":"Thunderclap+1","floor":22},{"not_picked":["Twin Strike+1","Thunderclap+1"],"picked":"True Grit+1","floor":23},{"not_picked":["Havoc","Anger+1"],"picked":"Exhume","floor":25},{"not_picked":["Metallicize+1","Sever Soul+1"],"picked":"Shockwave","floor":31}],"player_experience":354571,"relics_obtained":[{"floor":6,"key":"Lantern"},{"floor":8,"key":"Bird Faced Urn"},{"floor":9,"key":"Molten Egg 2"},{"floor":13,"key":"Potion Belt"},{"floor":23,"key":"Oddly Smooth Stone"},{"floor":25,"key":"Frozen Egg 2"},{"floor":26,"key":"Whetstone"},{"floor":28,"key":"Enchiridion"}],"event_choices":[{"damage_healed":10,"gold_gain":0,"player_choice":"Full Heal","damage_taken":0,"max_hp_gain":0,"max_hp_loss":0,"event_name":"Wheel of Change","floor":2,"gold_loss":0},{"damage_healed":0,"gold_gain":0,"player_choice":"Upgraded","damage_taken":0,"max_hp_gain":0,"max_hp_loss":0,"event_name":"Upgrade Shrine","floor":5,"gold_loss":0,"cards_upgraded":["Bash"]},{"damage_healed":0,"gold_gain":0,"cards_transformed":["Strike_R","Strike_R"],"player_choice":"Became Test Subject","damage_taken":0,"max_hp_gain":0,"max_hp_loss":0,"event_name":"Drug Dealer","floor":21,"gold_loss":0,"cards_obtained":["Carnage","Warcry"]},{"cards_removed":["Strike_R"],"damage_healed":0,"gold_gain":0,"player_choice":"Gave Gold","damage_taken":0,"max_hp_gain":0,"max_hp_loss":0,"event_name":"Beggar","floor":24,"gold_loss":75},{"damage_healed":0,"gold_gain":0,"player_choice":"Obtained Book","damage_taken":16,"max_hp_gain":0,"max_hp_loss":0,"event_name":"Cursed Tome","floor":28,"gold_loss":0},{"damage_healed":0,"gold_gain":0,"player_choice":"Became a Ghost","damage_taken":0,"max_hp_gain":0,"max_hp_loss":52,"event_name":"Ghosts","floor":30,"gold_loss":0,"cards_obtained":["Ghostly","Ghostly","Ghostly","Ghostly","Ghostly"]}],"is_beta":false,"boss_relics":[{"not_picked":["Runic Pyramid","Runic Cube"],"picked":"Cursed Key"}],"items_purged_floors":[19],"is_endless":false,"potions_floor_spawned":[3,4,6,12,13,14,18,20],"killed_by":"Automaton","ascension_level":8}