{"gold_per_floor":[112,262,187,207,207,236,236,248,248,278,278,296,311,340,340,416,416,432,452,1,12,12,12,40,40],"floor_reached":25,"playtime":1227,"items_purged":[],"score":532,"play_id":"6e82ca5b-221d-4bb4-8473-220489e64db9","local_time":"20190815181037","is_ascension_mode":true,"campfire_choices":[{"data":"Die Die Die","floor":7.0,"key":"SMITH"},{"data":"Bane","floor":11.0,"key":"SMITH"},{"floor":15.0,"key":"REST"},{"floor":23.0,"key":"REST"}],"neow_cost":"NONE","seed_source_timestamp":33657371817599,"circlet_count":0,"master_deck":["AscendersBane","Strike_G","Strike_G","Strike_G","Strike_G","Strike_G","Defend_G","Defend_G","Defend_G","Defend_G","Defend_G","Survivor","Neutralize","Noxious Fumes","Quick Slash","Regret","Die Die Die+1","Bane+1","Heel Hook","Leg Sweep","Dagger Throw","Tools of the Trade+1","A Thousand Cuts+1","Dagger Spray+1","Endless Agony","Footwork+1","Blade Dance","Backflip","Shame","Dash"],"special_seed":0,"relics":["Ring of the Snake","NeowsBlessing","Du-Vu Doll","Bottled Flame","Frozen Egg 2","Happy Flower","Art of War","Cursed Key","Shuriken","Bottled Tornado","The Courier"],"potions_floor_usage":[],"damage_taken":[{"damage":0.0,"enemies":"Cultist","floor":1.0,"turns":1.0},{"damage":0.0,"enemies":"Jaw Worm","floor":4.0,"turns":1.0},{"damage":0.0,"enemies":"3 Sentries","floor":6.0,"turns":1.0},{"damage":0.0,"enemies":"2 Louse","floor":8.0,"turns":1.0},{"damage":10.0,"enemies":"Gremlin Nob","floor":10.0,"turns":3.0},{"damage":8.0,"enemies":"Exordium Wildlife","floor":12.0,"turns":3.0},{"damage":14.0,"enemies":"Red Slaver","floor":13.0,"turns":4.0},{"damage":4.0,"enemies":"3 Sentries","floor":14.0,"turns":4.0},{"damage":20.0,"enemies":"The Guardian","floor":16.0,"turns":10.0},{"damage":13.0,"enemies":"3 Byrds","floor":18.0,"turns":4.0},{"damage":18.0,"enemies":"2 Thieves","floor":19.0,"turns":3.0},{"damage":13.0,"enemies":"Shelled Parasite and Fungi","floor":21.0,"turns":3.0},{"damage":18.0,"enemies":"Gremlin Leader","floor":24.0,"turns":4.0},{"damage":0,"enemies":"Centurion and Healer","floor":25,"turns":1}],"seed_played":"-6183888695854162078","potions_obtained":[{"floor":4.0,"key":"Poison Potion"},{"floor":10.0,"key":"Poison Potion"},{"floor":13.0,"key":"Ancient Potion"},{"floor":16.0,"key":"Fire Potion"},{"floor":18.0,"key":"SpeedPotion"}],"is_trial":false,"path_per_floor":["M","?","?","M","?","E","R","M","T","E","R","M","M","E","R","B",null,"M","M","$","M","T","R","E","M"],"character_chosen":"THE_SILENT","items_purchased":["Endless Agony","Shuriken","Footwork+1","Blade Dance"],"campfire_rested":2,"item_purchase_floors":[20,20,20,20],"current_hp_per_floor":[59,59,59,59,59,59,59,59,59,49,49,41,27,23,42,22,55,42,24,24,11,11,30,12,12],"gold":40,"neow_bonus":"THREE_ENEMY_KILL","is_prod":false,"is_daily":false,"chose_seed":false,"campfire_upgraded":2,"win_rate":0,"timestamp":1565885437,"path_taken":["M","?","?","M","?","E","R","M","T","E","R","?","M","E","R","BOSS","M","M","$","M","?","R","E","M"],"build_version":"2019-07-17","purchased_purges":0,"victory":false,"max_hp_per_floor":[66,66,66,66,66,66,66,66,66,66,66,66,66,66,66,66,66,66,66,66,66,66,66,66,66],"card_choices":[{"not_picked":["Blade Dance","Bouncing Flask"],"picked":"Noxious Fumes","floor":1.0},{"not_picked":["Prepared","Calculated Gamble"],"picked":"Quick Slash","floor":4.0},{"not_picked":["Crippling Poison","Deadly Poison"],"picked":"Die Die Die","floor":6.0},{"not_picked":["Bouncing Flask","Poisoned Stab"],"picked":"Bane","floor":8.0},{"not_picked":["Slice","Quick Slash"],"picked":"Heel Hook","floor":10.0},{"not_picked":["Acrobatics","Quick Slash"],"picked":"Leg Sweep","floor":12.0},{"not_picked":["Flechettes","Concentrate"],"picked":"Dagger Throw","floor":13.0},{"not_picked":["Caltrops+1","Outmaneuver"],"picked":"Tools of the Trade+1","floor":14.0},{"not_picked":["Burst","Bullet Time"],"picked":"A Thousand Cuts+1","floor":16.0},{"not_picked":["Deadly Poison","Noxious Fumes+1","Skewer"],"picked":"SKIP","floor":18.0},{"not_picked":["Crippling Poison","Riddle With Holes"],"picked":"Dagger Spray+1","floor":19.0},{"not_picked":["Dagger Throw","Dash"],"picked":"Backflip","floor":21.0},{"not_picked":["Heel Hook","Prepared+1"],"picked":"Dash","floor":24.0}],"player_experience":1028350,"relics_obtained":[{"floor":6.0,"key":"Bottled Flame"},{"floor":9.0,"key":"Frozen Egg 2"},{"floor":10.0,"key":"Happy Flower"},{"floor":14.0,"key":"Art of War"},{"floor":22.0,"key":"Bottled Tornado"},{"floor":24.0,"key":"The Courier"}],"event_choices":[{"damage_healed":0.0,"max_hp_gain":0.0,"max_hp_loss":0.0,"gold_gain":150.0,"event_name":"Liars Game","player_choice":"AGREE","floor":2.0,"gold_loss":0.0,"damage_taken":0.0,"cards_obtained":["Doubt"]},{"cards_removed":["Doubt"],"damage_healed":0.0,"max_hp_gain":0.0,"max_hp_loss":0.0,"gold_gain":0.0,"event_name":"The Cleric","player_choice":"Card Removal","floor":3.0,"gold_loss":75.0,"damage_taken":0.0},{"damage_healed":0.0,"max_hp_gain":0.0,"max_hp_loss":0.0,"gold_gain":0.0,"event_name":"Big Fish","player_choice":"Box","floor":5.0,"gold_loss":0.0,"damage_taken":0.0,"relics_obtained":["Du-Vu Doll"],"cards_obtained":["Regret"]}],"is_beta":false,"boss_relics":[{"not_picked":["Philosopher\u0027s Stone","Ectoplasm"],"picked":"Cursed Key"}],"items_purged_floors":[],"is_endless":false,"potions_floor_spawned":[4,10,13,14,16,18],"killed_by":"Centurion and Healer","ascension_level":20}