{"gold_per_floor":[117,147,162,162,112,112,143,143,167,192,222,234,282,310,322,459,471,507,519,531,559,571,627,639,651,689,737,749,761,773,69,69,197,197,221,284,57,82,415,415,415,447,502,533,543,20,120,147,147,147],"floor_reached":50,"playtime":4718,"items_purged":["Strike_R+1","Strike_R+1"],"score":693,"play_id":"a3bb6d90-f357-4a26-9bbb-17084220b971","local_time":"20181214172835","is_ascension_mode":false,"campfire_choices":[{"data":"Bash","floor":6,"key":"SMITH"},{"data":"Anger","floor":8,"key":"SMITH"},{"data":"Cleave","floor":12,"key":"SMITH"},{"data":"Shockwave","floor":15,"key":"SMITH"},{"data":"True Grit","floor":25,"key":"SMITH"},{"data":"Warcry","floor":30,"key":"SMITH"},{"data":"Seeing Red","floor":32,"key":"SMITH"},{"floor":40,"key":"REST"},{"floor":49,"key":"RECALL"}],"neow_cost":"NONE","seed_source_timestamp":1803735726860604,"circlet_count":0,"master_deck":["Strike_R+1","Strike_R+1","Defend_R+1","Defend_R+1","Defend_R+1","Defend_R+1","Bash+1","Shockwave+1","Clash+1","Anger+1","Feel No Pain","Cleave+1","True Grit+1","Seeing Red+1","Reaper","Warcry+1","Headbutt+1","Thunderclap+1","Shrug It Off","Offering+1","Double Tap","Metallicize+1","Infernal Blade","Rupture","Seeing Red+1","Immolate","Bandage Up"],"relics":["Burning Blood","NeowsBlessing","Tiny Chest","Art of War","MawBank","Champion Belt","Black Star","Ornamental Fan","Meat on the Bone","Bronze Scales","Orichalcum","Omamori","Whetstone","Lantern","Bottled Lightning","Mercury Hourglass","Eternal Feather","Bird Faced Urn","Bag of Preparation","Blood Vial","Mango","Smiling Mask","Mummified Hand","Dodecahedron","Red Skull","PreservedInsect","StoneCalendar","Kunai","War Paint"],"potions_floor_usage":[13,13,13,13,13,16,23,27,27,33,36,42,48,50,50,50],"damage_taken":[{"damage":0,"enemies":"Small Slimes","floor":1,"turns":1},{"damage":0,"enemies":"Cultist","floor":3,"turns":1},{"damage":0,"enemies":"3 Sentries","floor":7,"turns":2},{"damage":1,"enemies":"2 Louse","floor":10,"turns":3},{"damage":6,"enemies":"2 Fungi Beasts","floor":11,"turns":3},{"damage":0,"enemies":"Lagavulin","floor":13,"turns":4},{"damage":8,"enemies":"Blue Slaver","floor":14,"turns":4},{"damage":36,"enemies":"Slime Boss","floor":16,"turns":14},{"damage":23,"enemies":"Spheric Guardian","floor":18,"turns":5},{"damage":11,"enemies":"2 Thieves","floor":21,"turns":5},{"damage":31,"enemies":"Slavers","floor":23,"turns":6},{"damage":29,"enemies":"Gremlin Leader","floor":27,"turns":8},{"damage":44,"enemies":"Automaton","floor":33,"turns":10},{"damage":9,"enemies":"3 Darklings","floor":35,"turns":5},{"damage":68,"enemies":"2 Orb Walkers","floor":36,"turns":6},{"damage":8,"enemies":"Reptomancer","floor":42,"turns":5},{"damage":72,"enemies":"Giant Head","floor":44,"turns":10},{"damage":6,"enemies":"3 Shapes","floor":45,"turns":1},{"damage":6,"enemies":"Mind Bloom Boss Battle","floor":47,"turns":7},{"damage":8,"enemies":"Reptomancer","floor":48,"turns":5},{"damage":115,"enemies":"Time Eater","floor":50,"turns":12}],"seed_played":"-726695849256010252","potions_obtained":[{"floor":1,"key":"FearPotion"},{"floor":3,"key":"Fire Potion"},{"floor":7,"key":"EntropicBrew"},{"floor":10,"key":"Dexterity Potion"},{"floor":13,"key":"GamblersBrew"},{"floor":21,"key":"BloodPotion"},{"floor":23,"key":"EssenceOfSteel"},{"floor":27,"key":"Poison Potion"},{"floor":35,"key":"SkillPotion"},{"floor":36,"key":"Block Potion"},{"floor":45,"key":"Poison Potion"},{"floor":48,"key":"Energy Potion"}],"is_trial":false,"path_per_floor":["M","?","M","?","?","R","E","R","T","M","M","R","E","M","R","B",null,"M","?","$","M","T","E","$","R","T","E","?","T","R","$","R","B",null,"M","?","$","T","?","R","T","E","T","E","M","$","?","E","R","B"],"character_chosen":"IRONCLAD","items_purchased":["Bottled Lightning","Offering","Mercury Hourglass","Rupture","Bag of Preparation","PowerPotion","Immolate","SteroidPotion","PreservedInsect","Bandage Up"],"campfire_rested":1,"item_purchase_floors":[31,31,31,37,37,46,46,46,46,46],"current_hp_per_floor":[80,80,80,60,60,60,66,66,66,71,71,71,77,75,75,45,80,69,69,69,70,70,53,53,53,53,54,54,54,54,54,54,44,80,80,35,35,35,35,74,88,94,94,42,76,76,88,92,94,0],"gold":147,"neow_bonus":"THREE_ENEMY_KILL","is_prod":false,"is_daily":false,"chose_seed":false,"campfire_upgraded":7,"win_rate":0,"timestamp":1544786915,"path_taken":["M","?","?","?","?","R","E","R","T","M","M","R","E","M","R","BOSS","M","?","$","M","?","E","$","R","T","E","?","?","R","?","R","BOSS","M","?","$","?","?","R","?","E","T","E","M","$","?","E","R","BOSS"],"build_version":"2018-12-13","purchased_purges":2,"victory":false,"max_hp_per_floor":[80,80,80,80,80,80,80,80,80,80,80,80,80,80,80,80,80,80,80,80,80,80,80,80,80,80,80,80,80,80,80,80,80,80,80,80,80,80,80,80,94,94,94,94,94,94,94,94,94,94],"card_choices":[{"not_picked":["Spot Weakness","Metallicize"],"picked":"Shockwave","floor":1},{"not_picked":["Corruption","Feel No Pain"],"picked":"Clash","floor":3},{"not_picked":["Seeing Red","Uppercut"],"picked":"Anger","floor":7},{"not_picked":["Pummel","Warcry"],"picked":"Feel No Pain","floor":10},{"not_picked":["Body Slam","Sentinel"],"picked":"Cleave","floor":11},{"not_picked":["Flex","Evolve"],"picked":"True Grit","floor":13},{"not_picked":["Clash","Wild Strike"],"picked":"Seeing Red","floor":14},{"not_picked":["Limit Break","Brutality"],"picked":"Reaper","floor":16},{"not_picked":["Heavy Blade","Uppercut","Hemokinesis"],"picked":"SKIP","floor":18},{"not_picked":["Searing Blow","Feel No Pain"],"picked":"Warcry","floor":21},{"not_picked":["Perfected Strike","Rampage"],"picked":"Headbutt+1","floor":23},{"not_picked":["Perfected Strike","Armaments"],"picked":"Thunderclap","floor":27},{"not_picked":["Reaper","Immolate"],"picked":"Double Tap","floor":33},{"not_picked":["Flex","Pommel Strike"],"picked":"Metallicize+1","floor":35},{"not_picked":["Heavy Blade+1","Uppercut"],"picked":"Infernal Blade","floor":36},{"not_picked":["Rage","Pommel Strike"],"picked":"Seeing Red","floor":42},{"not_picked":["Thunderclap+1","Sever Soul","Wild Strike"],"picked":"SKIP","floor":44},{"not_picked":["Inflame+1","Fire Breathing","Flex"],"picked":"SKIP","floor":45},{"not_picked":["Armaments","Shrug It Off","Cleave"],"picked":"SKIP","floor":48}],"player_experience":245345,"relics_obtained":[{"floor":7,"key":"Art of War"},{"floor":9,"key":"MawBank"},{"floor":13,"key":"Champion Belt"},{"floor":22,"key":"Ornamental Fan"},{"floor":23,"key":"Meat on the Bone"},{"floor":23,"key":"Bronze Scales"},{"floor":26,"key":"Orichalcum"},{"floor":27,"key":"Omamori"},{"floor":27,"key":"Whetstone"},{"floor":29,"key":"Lantern"},{"floor":36,"key":"Bird Faced Urn"},{"floor":38,"key":"Blood Vial"},{"floor":41,"key":"Mango"},{"floor":42,"key":"Smiling Mask"},{"floor":42,"key":"Mummified Hand"},{"floor":44,"key":"Dodecahedron"},{"floor":44,"key":"Red Skull"},{"floor":47,"key":"StoneCalendar"},{"floor":48,"key":"Kunai"},{"floor":48,"key":"War Paint"}],"event_choices":[{"damage_healed":0,"gold_gain":0,"player_choice":"Gave Potion","damage_taken":0,"relics_obtained":["Tiny Chest"],"max_hp_gain":0,"max_hp_loss":0,"event_name":"WeMeetAgain","floor":2,"gold_loss":0},{"damage_healed":0,"gold_gain":0,"player_choice":"Take Damage","damage_taken":20,"relics_obtained":["Golden Idol"],"max_hp_gain":0,"max_hp_loss":0,"event_name":"Golden Idol","floor":4,"gold_loss":0},{"cards_removed":["Strike_R"],"damage_healed":0,"gold_gain":0,"player_choice":"Card Removal","damage_taken":0,"max_hp_gain":0,"max_hp_loss":0,"event_name":"The Cleric","floor":5,"gold_loss":50},{"damage_healed":0,"gold_gain":0,"player_choice":"Simplicity","damage_taken":0,"max_hp_gain":0,"max_hp_loss":0,"event_name":"Back to Basics","floor":19,"gold_loss":0,"cards_upgraded":["Strike_R","Strike_R","Strike_R","Strike_R","Defend_R","Defend_R","Defend_R","Defend_R"]},{"damage_healed":0,"gold_gain":0,"player_choice":"Read","damage_taken":0,"max_hp_gain":0,"max_hp_loss":0,"event_name":"The Library","floor":28,"gold_loss":0,"cards_obtained":["Shrug It Off"]},{"damage_healed":0,"gold_gain":0,"player_choice":"Fight","damage_taken":0,"max_hp_gain":0,"max_hp_loss":0,"event_name":"Mysterious Sphere","floor":36,"gold_loss":0},{"damage_healed":0,"gold_gain":333,"player_choice":"Gave Idol","damage_taken":0,"max_hp_gain":0,"max_hp_loss":0,"event_name":"The Moai Head","floor":39,"relics_lost":["Golden Idol"],"gold_loss":0},{"damage_healed":0,"gold_gain":0,"player_choice":"Fight","damage_taken":0,"max_hp_gain":0,"max_hp_loss":0,"event_name":"MindBloom","floor":47,"gold_loss":0}],"is_beta":false,"boss_relics":[{"not_picked":["Ectoplasm","Velvet Choker"],"picked":"Black Star"},{"not_picked":["Busted Crown","Philosopher\u0027s Stone"],"picked":"Eternal Feather"}],"items_purged_floors":[31,46],"is_endless":false,"potions_floor_spawned":[1,3,7,10,13,21,23,27,35,36,45,48],"killed_by":"Time Eater","ascension_level":0}