{"gold_per_floor":[111,111,11,30,30,63,63,98,98,98,112,143,143,159,159,159],"floor_reached":16,"playtime":1288,"items_purged":["Strike_R"],"score":222,"play_id":"eeff432e-de47-4468-b776-e7abcd4f898b","local_time":"20190601195015","is_ascension_mode":true,"campfire_choices":[{"data":"Bash","floor":7,"key":"SMITH"},{"floor":13,"key":"REST"},{"floor":15,"key":"REST"}],"neow_cost":"NONE","seed_source_timestamp":1545381120256345,"circlet_count":0,"master_deck":["AscendersBane","Strike_R","Strike_R","Strike_R","Strike_R+1","Defend_R","Defend_R+1","Defend_R","Defend_R","Bash+1","Havoc","Heavy Blade","Battle Trance","Disarm+1","Carnage","Armaments+1"],"relics":["Burning Blood","NeowsBlessing","Ancient Tea Set","Sundial","Strawberry","Toxic Egg 2","Bag of Marbles"],"potions_floor_usage":[12],"damage_taken":[{"damage":0,"enemies":"Cultist","floor":1,"turns":1},{"damage":0,"enemies":"2 Louse","floor":4,"turns":1},{"damage":0,"enemies":"Lagavulin","floor":6,"turns":1},{"damage":40,"enemies":"Gremlin Nob","floor":8,"turns":5},{"damage":0,"enemies":"Jaw Worm","floor":11,"turns":3},{"damage":36,"enemies":"Lagavulin","floor":12,"turns":7},{"damage":32,"enemies":"Exordium Thugs","floor":14,"turns":4},{"damage":61,"enemies":"The Guardian","floor":16,"turns":12}],"seed_played":"-683165915716520916","potions_obtained":[{"floor":6,"key":"AttackPotion"},{"floor":12,"key":"GamblersBrew"},{"floor":14,"key":"Swift Potion"}],"is_trial":false,"path_per_floor":["M","?","$","M","$","E","R","E","T","?","M","E","R","M","R","B"],"character_chosen":"IRONCLAD","items_purchased":["Havoc"],"campfire_rested":2,"item_purchase_floors":[3],"current_hp_per_floor":[78,78,78,80,80,80,80,53,53,36,42,12,38,12,38,0],"gold":159,"neow_bonus":"THREE_ENEMY_KILL","is_prod":false,"is_daily":false,"chose_seed":false,"campfire_upgraded":1,"win_rate":0,"timestamp":1559433015,"path_taken":["M","?","$","M","?","E","R","E","T","?","M","E","R","M","R","BOSS"],"build_version":"2019-01-23","purchased_purges":1,"victory":false,"max_hp_per_floor":[80,80,80,80,80,80,80,87,87,87,87,87,87,87,87,87],"card_choices":[{"not_picked":["Iron Wave","Reckless Charge"],"picked":"Perfected Strike","floor":1},{"not_picked":["Iron Wave","Second Wind"],"picked":"Heavy Blade","floor":4},{"not_picked":["Power Through","Blood for Blood"],"picked":"Battle Trance","floor":6},{"not_picked":["Burning Pact","Corruption","Wild Strike"],"picked":"SKIP","floor":8},{"not_picked":["Rage+1","Infernal Blade+1"],"picked":"Disarm+1","floor":11},{"not_picked":["Metallicize","Limit Break+1"],"picked":"Carnage","floor":12},{"not_picked":["Twin Strike","Headbutt"],"picked":"Armaments+1","floor":14}],"player_experience":560289,"relics_obtained":[{"floor":6,"key":"Sundial"},{"floor":8,"key":"Strawberry"},{"floor":9,"key":"Toxic Egg 2"},{"floor":12,"key":"Bag of Marbles"}],"event_choices":[{"cards_removed":["Perfected Strike"],"damage_healed":0,"gold_gain":0,"player_choice":"Gave Card","damage_taken":0,"relics_obtained":["Ancient Tea Set"],"max_hp_gain":0,"max_hp_loss":0,"event_name":"WeMeetAgain","floor":2,"gold_loss":0},{"damage_healed":0,"gold_gain":0,"player_choice":"Entered Light","damage_taken":17,"max_hp_gain":0,"max_hp_loss":0,"event_name":"Shining Light","floor":10,"gold_loss":0,"cards_upgraded":["Strike_R","Defend_R"]}],"is_beta":false,"boss_relics":[],"items_purged_floors":[3],"is_endless":false,"potions_floor_spawned":[6,12,14],"killed_by":"The Guardian","ascension_level":11}