{"gold_per_floor":[111,128,147,163,176,176,206,221,247,247,267,277,277,277,277,381,381,393,45,62,62,82,82],"floor_reached":23,"playtime":956,"items_purged":["Parasite"],"score":247,"play_id":"329fa023-f940-4a09-96d0-32b205b7725c","local_time":"20190609115136","is_ascension_mode":false,"campfire_choices":[{"data":"Zap","floor":6,"key":"SMITH"},{"floor":15,"key":"REST"}],"neow_cost":"CURSE","seed_source_timestamp":172499348199279,"circlet_count":0,"master_deck":["Strike_B","Strike_B","Strike_B","Strike_B","Defend_B","Defend_B","Defend_B","Defend_B","Zap+1","Dualcast","Ball Lightning","Coolheaded","Compile Driver","Capacitor","Steam","Rainbow","Doom and Gloom","Conserve Battery","Creative AI","Sweeping Beam+1","Self Repair","Sunder","Aggregate+1","Decay"],"relics":["Cracked Core","StoneCalendar","Ancient Tea Set","Dream Catcher","Black Star","Bronze Scales"],"potions_floor_usage":[7,11,16,23],"damage_taken":[{"damage":1,"enemies":"Jaw Worm","floor":1,"turns":4},{"damage":5,"enemies":"Small Slimes","floor":2,"turns":3},{"damage":1,"enemies":"Cultist","floor":3,"turns":3},{"damage":25,"enemies":"Exordium Thugs","floor":4,"turns":4},{"damage":10,"enemies":"Blue Slaver","floor":5,"turns":3},{"damage":10,"enemies":"Gremlin Nob","floor":7,"turns":3},{"damage":16,"enemies":"3 Louse","floor":8,"turns":4},{"damage":0,"enemies":"Large Slime","floor":11,"turns":5},{"damage":5,"enemies":"2 Fungi Beasts","floor":12,"turns":3},{"damage":0,"enemies":"The Guardian","floor":16,"turns":9},{"damage":8,"enemies":"Spheric Guardian","floor":18,"turns":3},{"damage":8,"enemies":"3 Byrds","floor":20,"turns":3},{"damage":35,"enemies":"3 Cultists","floor":22,"turns":5},{"damage":39,"enemies":"Slavers","floor":23,"turns":2}],"seed_played":"-743898175308913610","potions_obtained":[{"floor":4,"key":"Fire Potion"},{"floor":5,"key":"FearPotion"},{"floor":11,"key":"FairyPotion"},{"floor":12,"key":"PowerPotion"},{"floor":20,"key":"EssenceOfSteel"}],"is_trial":false,"path_per_floor":["M","M","M","M","M","R","E","M","T","?","M","M","?","?","R","B",null,"M","$","M","?","M","E"],"character_chosen":"DEFECT","items_purchased":["Self Repair","Bronze Scales","Sunder"],"campfire_rested":1,"item_purchase_floors":[19,19,19],"current_hp_per_floor":[74,69,68,43,33,33,23,7,7,7,7,2,20,13,35,35,75,67,67,59,59,31,0],"gold":82,"neow_bonus":"ONE_RARE_RELIC","is_prod":false,"is_daily":false,"chose_seed":false,"campfire_upgraded":1,"win_rate":0,"timestamp":1560099096,"path_taken":["M","M","M","M","M","R","E","M","T","?","M","M","?","?","R","BOSS","M","$","M","?","?","E"],"build_version":"2019-01-23","purchased_purges":1,"victory":false,"max_hp_per_floor":[75,75,75,75,75,75,75,75,75,75,75,75,75,75,75,75,75,75,72,72,72,72,72],"card_choices":[{"not_picked":["Beam Cell","Hologram","Skim"],"picked":"SKIP","floor":1},{"not_picked":["Turbo","Skim","Barrage"],"picked":"SKIP","floor":2},{"not_picked":["FTL","Loop"],"picked":"Ball Lightning","floor":3},{"not_picked":["Sweeping Beam","Beam Cell"],"picked":"Coolheaded","floor":4},{"not_picked":["Stack","Cold Snap"],"picked":"Compile Driver","floor":5},{"not_picked":["Aggregate","Lockon"],"picked":"Capacitor","floor":7},{"not_picked":["Reprogram","White Noise"],"picked":"Steam","floor":8},{"not_picked":["Gash","Beam Cell"],"picked":"Rainbow","floor":11},{"not_picked":["Gash","Aggregate"],"picked":"Doom and Gloom","floor":12},{"not_picked":["Self Repair","Scrape"],"picked":"Conserve Battery","floor":15},{"not_picked":["Electrodynamics","Seek"],"picked":"Creative AI","floor":16},{"not_picked":["Turbo","Scrape"],"picked":"Sweeping Beam+1","floor":18},{"not_picked":["Darkness","Conserve Battery"],"picked":"Aggregate+1","floor":20},{"not_picked":["White Noise+1","Sunder","Conserve Battery"],"picked":"SKIP","floor":22}],"player_experience":151185,"relics_obtained":[{"floor":7,"key":"Ancient Tea Set"},{"floor":9,"key":"Dream Catcher"}],"event_choices":[{"damage_healed":0,"gold_gain":0,"player_choice":"Fled","damage_taken":0,"max_hp_gain":0,"max_hp_loss":0,"event_name":"Scrap Ooze","floor":10,"gold_loss":0},{"damage_healed":18,"gold_gain":0,"player_choice":"Healed and dodged fight","damage_taken":0,"max_hp_gain":0,"max_hp_loss":0,"event_name":"Mushrooms","floor":13,"gold_loss":0,"cards_obtained":["Parasite"]},{"cards_removed":["Injury"],"damage_healed":0,"gold_gain":0,"player_choice":"Card Removal","damage_taken":7,"max_hp_gain":0,"max_hp_loss":0,"event_name":"Golden Wing","floor":14,"gold_loss":0},{"damage_healed":0,"gold_gain":0,"player_choice":"Cursed","damage_taken":0,"max_hp_gain":0,"max_hp_loss":0,"event_name":"Wheel of Change","floor":21,"gold_loss":0,"cards_obtained":["Decay"]}],"is_beta":false,"boss_relics":[{"not_picked":["Runic Pyramid","Calling Bell"],"picked":"Black Star"}],"items_purged_floors":[19],"is_endless":false,"potions_floor_spawned":[4,5,11,12,20],"killed_by":"Slavers","ascension_level":0}