{"gold_per_floor":[110,129,140,54,54,79,79,79,79,111,111,125,151,171,171,242,242,261,14,14,14,33,33,51,51,51,51],"floor_reached":27,"playtime":1096,"items_purged":[],"score":452,"play_id":"7b04ebdf-d3cc-4da4-991a-e54b5692d1ba","local_time":"20190718175358","is_ascension_mode":true,"campfire_choices":[{"data":"Crippling Poison","floor":8.0,"key":"SMITH"},{"data":"A Thousand Cuts","floor":11.0,"key":"SMITH"},{"data":"Cloak And Dagger","floor":15.0,"key":"SMITH"},{"data":"Envenom","floor":23.0,"key":"SMITH"},{"floor":25,"key":"REST"}],"neow_cost":"NONE","seed_source_timestamp":757519052536949,"circlet_count":0,"master_deck":["AscendersBane","Strike_G","Strike_G","Strike_G","Strike_G","Defend_G","Defend_G","Defend_G","Defend_G","Defend_G","Survivor","Neutralize","Crippling Poison+1","Cloak And Dagger+1","Footwork","A Thousand Cuts+1","Well Laid Plans","Slice","Deadly Poison","Infinite Blades","Envenom+1","Infinite Blades","Dodge and Roll"],"special_seed":0,"relics":["Ring of the Snake","NeowsBlessing","Ornamental Fan","NlothsMask","Strawberry","Pear","WristBlade","Membership Card","Gremlin Horn"],"potions_floor_usage":[],"damage_taken":[{"damage":0.0,"enemies":"Cultist","floor":1.0,"turns":1.0},{"damage":0.0,"enemies":"Small Slimes","floor":2.0,"turns":1.0},{"damage":0.0,"enemies":"2 Louse","floor":3.0,"turns":1.0},{"damage":23.0,"enemies":"3 Sentries","floor":6.0,"turns":9.0},{"damage":3.0,"enemies":"Lagavulin","floor":10.0,"turns":9.0},{"damage":7.0,"enemies":"Red Slaver","floor":12.0,"turns":5.0},{"damage":11.0,"enemies":"3 Sentries","floor":13.0,"turns":5.0},{"damage":2.0,"enemies":"2 Fungi Beasts","floor":14.0,"turns":3.0},{"damage":16.0,"enemies":"Hexaghost","floor":16.0,"turns":10.0},{"damage":25.0,"enemies":"Spheric Guardian","floor":18.0,"turns":7.0},{"damage":15.0,"enemies":"Shell Parasite","floor":22.0,"turns":5.0},{"damage":26,"enemies":"Centurion and Healer","floor":24,"turns":6},{"damage":31,"enemies":"Snecko","floor":27,"turns":5}],"seed_played":"-6252109015769615398","potions_obtained":[{"floor":2.0,"key":"Strength Potion"},{"floor":12.0,"key":"Strength Potion"},{"floor":13.0,"key":"Ancient Potion"},{"floor":14.0,"key":"LiquidBronze"}],"is_trial":false,"path_per_floor":["M","M","M","$","?","E","?","R","T","E","R","M","E","M","R","B",null,"M","$","?","?","M","R","M","R","T","M"],"character_chosen":"THE_SILENT","items_purchased":["A Thousand Cuts","Membership Card","Infinite Blades"],"campfire_rested":1,"item_purchase_floors":[4,19,19],"current_hp_per_floor":[59,59,59,59,64,41,41,41,41,45,45,38,37,35,35,19,71,46,46,46,46,31,31,5,31,31,0],"gold":51,"neow_bonus":"THREE_ENEMY_KILL","is_prod":false,"is_daily":false,"chose_seed":false,"campfire_upgraded":4,"win_rate":0,"timestamp":1563490438,"path_taken":["M","?","M","$","?","E","?","R","T","E","R","M","E","M","R","BOSS","M","$","?","?","M","R","M","R","T","M"],"build_version":"2019-07-17","purchased_purges":0,"victory":false,"max_hp_per_floor":[66,66,66,66,71,71,71,71,71,78,78,78,88,88,88,88,88,88,88,88,88,88,88,88,88,88,88],"card_choices":[{"not_picked":["Blade Dance","Deadly Poison"],"picked":"Crippling Poison","floor":1.0},{"not_picked":["Dodge and Roll","Prepared"],"picked":"Cloak And Dagger","floor":2.0},{"not_picked":["Predator","Acrobatics"],"picked":"Footwork","floor":3.0},{"not_picked":["Backflip","Finisher"],"picked":"Well Laid Plans","floor":6.0},{"not_picked":["Outmaneuver","Bane"],"picked":"Slice","floor":10.0},{"not_picked":["Outmaneuver","Well Laid Plans","Slice"],"picked":"SKIP","floor":12.0},{"not_picked":["Unload","Backflip"],"picked":"Deadly Poison","floor":13.0},{"not_picked":["PiercingWail","Acrobatics"],"picked":"Infinite Blades","floor":14.0},{"not_picked":["Unload","Night Terror"],"picked":"Envenom","floor":16.0},{"not_picked":["Quick Slash","Deflect","Underhanded Strike"],"picked":"SKIP","floor":18.0},{"not_picked":["Quick Slash","Dagger Spray","Deflect"],"picked":"SKIP","floor":22.0},{"not_picked":["Venomology","Acrobatics","Caltrops"],"picked":"SKIP","floor":24}],"player_experience":386609,"relics_obtained":[{"floor":6.0,"key":"Ornamental Fan"},{"floor":10.0,"key":"Strawberry"},{"floor":13.0,"key":"Pear"},{"floor":26,"key":"Gremlin Horn"}],"event_choices":[{"damage_healed":0.0,"max_hp_gain":5.0,"max_hp_loss":0.0,"gold_gain":0.0,"event_name":"Big Fish","player_choice":"Donut","floor":5.0,"gold_loss":0.0,"damage_taken":0.0},{"damage_healed":0.0,"max_hp_gain":0.0,"max_hp_loss":0.0,"gold_gain":0.0,"event_name":"FaceTrader","player_choice":"Trade","floor":7.0,"gold_loss":0.0,"damage_taken":0.0,"relics_obtained":["NlothsMask"]},{"damage_healed":0.0,"max_hp_gain":0.0,"max_hp_loss":0.0,"gold_gain":0.0,"event_name":"The Mausoleum","player_choice":"Ignored","floor":20.0,"gold_loss":0.0,"damage_taken":0.0},{"damage_healed":0.0,"max_hp_gain":0.0,"max_hp_loss":0.0,"gold_gain":0.0,"cards_transformed":["Strike_G"],"event_name":"Transmorgrifier","player_choice":"Transformed","floor":21.0,"gold_loss":0.0,"damage_taken":0.0,"cards_obtained":["Dodge and Roll"]}],"is_beta":false,"boss_relics":[{"not_picked":["HoveringKite","Ring of the Serpent"],"picked":"WristBlade"}],"items_purged_floors":[],"is_endless":false,"potions_floor_spawned":[2,12,13,14,22],"killed_by":"Snecko","ascension_level":17}