{"gold_per_floor":[115,115,190,210,226,226,239,273,273,273,448,461,490,144,144,246,246,262,262,83,358,347,347],"floor_reached":23,"playtime":1168,"items_purged":["Doubt","Strike_R"],"score":229,"play_id":"0e5c1c32-6d30-4072-9114-5dec864f542f","local_time":"20190306233757","is_ascension_mode":true,"campfire_choices":[{"data":"Bash","floor":6,"key":"SMITH"},{"data":"Fiend Fire","floor":10,"key":"SMITH"},{"data":"Flame Barrier","floor":15,"key":"SMITH"}],"neow_cost":"NONE","seed_source_timestamp":508202900605384,"circlet_count":0,"master_deck":["Strike_R","Strike_R","Strike_R","Strike_R+1","Defend_R","Defend_R+1","Defend_R","Defend_R","Bash+1","Wild Strike","Clothesline","Cleave","Fiend Fire+1","Shockwave","True Grit","Hemokinesis","Flame Barrier+1","Headbutt","Feed","Havoc","Inflame","Shrug It Off","Havoc","Feel No Pain","Burning Pact","Evolve","Regret","Flame Barrier"],"relics":["Burning Blood","Oddly Smooth Stone","Bronze Scales","Question Card","Blood Vial","Orrery","Matryoshka"],"potions_floor_usage":[8,23],"damage_taken":[{"damage":0,"enemies":"Jaw Worm","floor":1,"turns":3},{"damage":0,"enemies":"Small Slimes","floor":4,"turns":3},{"damage":0,"enemies":"Cultist","floor":5,"turns":4},{"damage":7,"enemies":"3 Louse","floor":7,"turns":3},{"damage":36,"enemies":"Lagavulin","floor":8,"turns":7},{"damage":2,"enemies":"Blue Slaver","floor":12,"turns":2},{"damage":6,"enemies":"Gremlin Nob","floor":13,"turns":3},{"damage":23,"enemies":"Hexaghost","floor":16,"turns":9},{"damage":18,"enemies":"Spheric Guardian","floor":18,"turns":4},{"damage":15,"enemies":"2 Thieves","floor":22,"turns":4},{"damage":69,"enemies":"Gremlin Leader","floor":23,"turns":6}],"seed_played":"6928437398926522490","potions_obtained":[{"floor":4,"key":"Swift Potion"},{"floor":5,"key":"Regen Potion"},{"floor":8,"key":"LiquidBronze"},{"floor":12,"key":"Ancient Potion"}],"is_trial":false,"path_per_floor":["M","?","?","M","M","R","M","E","T","R","?","M","E","$","R","B",null,"M","?","$","?","M","E"],"character_chosen":"IRONCLAD","items_purchased":["Flame Barrier","Headbutt","Blood Vial","Evolve"],"campfire_rested":0,"item_purchase_floors":[14,14,14,20],"current_hp_per_floor":[80,64,56,62,68,68,67,51,51,51,51,55,55,55,55,40,80,68,68,68,68,61,0],"gold":347,"neow_bonus":"RANDOM_COMMON_RELIC","is_prod":false,"is_daily":false,"chose_seed":false,"campfire_upgraded":3,"win_rate":0,"timestamp":1551933477,"path_taken":["M","?","?","?","M","R","M","E","T","R","?","M","E","$","R","BOSS","M","?","$","?","?","E"],"build_version":"2019-01-23","purchased_purges":2,"victory":false,"max_hp_per_floor":[80,80,80,80,80,80,80,80,80,80,80,80,80,80,80,80,80,80,80,80,80,80,80],"card_choices":[{"not_picked":["Twin Strike","Feel No Pain"],"picked":"Wild Strike","floor":1},{"not_picked":["Rage","Corruption"],"picked":"Clothesline","floor":4},{"not_picked":["Body Slam","Iron Wave"],"picked":"Cleave","floor":5},{"not_picked":["Power Through","Clash"],"picked":"Fiend Fire","floor":7},{"not_picked":["Inflame","Heavy Blade"],"picked":"Shockwave","floor":8},{"not_picked":["Body Slam","Whirlwind"],"picked":"True Grit","floor":12},{"not_picked":["Wild Strike","Reckless Charge"],"picked":"Hemokinesis","floor":13},{"not_picked":["Fiend Fire","Dark Embrace","Brutality"],"picked":"Feed","floor":16},{"not_picked":["Evolve","Entrench","Sword Boomerang"],"picked":"Havoc","floor":17},{"not_picked":["Headbutt","Warcry","Clothesline"],"picked":"Inflame","floor":17},{"not_picked":["True Grit","Armaments","Flex"],"picked":"Shrug It Off","floor":17},{"not_picked":["Carnage","Evolve","Sword Boomerang"],"picked":"Havoc","floor":17},{"not_picked":["Headbutt","Disarm","Fiend Fire"],"picked":"Feel No Pain","floor":17},{"not_picked":["Iron Wave+1","Evolve","Shockwave"],"picked":"Burning Pact","floor":18},{"not_picked":["Dual Wield","Body Slam","Iron Wave"],"picked":"Flame Barrier","floor":22}],"player_experience":299287,"relics_obtained":[{"floor":8,"key":"Bronze Scales"},{"floor":13,"key":"Question Card"}],"event_choices":[{"damage_healed":0,"gold_gain":0,"player_choice":"Entered Light","damage_taken":16,"max_hp_gain":0,"max_hp_loss":0,"event_name":"Shining Light","floor":2,"gold_loss":0,"cards_upgraded":["Strike_R","Defend_R"]},{"damage_healed":0,"gold_gain":75,"player_choice":"Touch","damage_taken":8,"max_hp_gain":0,"max_hp_loss":0,"event_name":"FaceTrader","floor":3,"gold_loss":0},{"damage_healed":0,"gold_gain":175,"player_choice":"AGREE","damage_taken":0,"max_hp_gain":0,"max_hp_loss":0,"event_name":"Liars Game","floor":11,"gold_loss":0,"cards_obtained":["Doubt"]},{"damage_healed":0,"gold_gain":0,"player_choice":"Opened","damage_taken":0,"relics_obtained":["Matryoshka"],"max_hp_gain":0,"max_hp_loss":0,"event_name":"The Mausoleum","floor":19,"gold_loss":0},{"damage_healed":0,"gold_gain":275,"player_choice":"Desecrate","damage_taken":0,"max_hp_gain":0,"max_hp_loss":0,"event_name":"Golden Shrine","floor":21,"gold_loss":0,"cards_obtained":["Regret"]}],"is_beta":false,"boss_relics":[{"not_picked":["Eternal Feather","Mark of Pain"],"picked":"Orrery"}],"items_purged_floors":[14,20],"is_endless":false,"potions_floor_spawned":[4,5,8,12,18],"killed_by":"Gremlin Leader","ascension_level":3}