{"gold_per_floor":[369,32,46,59,77,97,97,97,97,97,130,130,130,145,145,270,270,283,283,303,326,344,384,23,42,68,91,6,6,6,31,31,31],"floor_reached":33,"playtime":1221,"items_purged":["Parasite"],"score":366,"play_id":"7d0119ed-4f57-46ef-b6eb-25f6851d1844","local_time":"20190615212228","is_ascension_mode":true,"campfire_choices":[{"data":"Zap","floor":8,"key":"SMITH"},{"data":"Rip and Tear","floor":10,"key":"SMITH"},{"data":"Sweeping Beam","floor":13,"key":"SMITH"},{"data":"Sunder","floor":15,"key":"SMITH"},{"floor":29,"key":"REST"},{"floor":32,"key":"REST"}],"neow_cost":"PERCENT_DAMAGE","seed_source_timestamp":345583400777945,"circlet_count":0,"master_deck":["Strike_B","Strike_B","Strike_B","Strike_B","Defend_B","Defend_B","Defend_B","Defend_B","Zap+1","Dualcast","Conserve Battery","Sweeping Beam+1","Rip and Tear+1","Ball Lightning","Echo Form","Swift Strike","Sunder+1","Buffer","Cold Snap","Genetic Algorithm","Go for the Eyes","Darkness","BootSequence","Cold Snap+1","Coolheaded+1","Parasite","Loop"],"relics":["Cracked Core","DataDisk","Lantern","Golden Idol","Happy Flower","Bag of Preparation","Cursed Key","Dodecahedron","Molten Egg 2","Pear","PreservedInsect","Shovel"],"potions_floor_usage":[11,16,18,25,27,27,33],"damage_taken":[{"damage":0,"enemies":"2 Louse","floor":1,"turns":2},{"damage":0,"enemies":"Jaw Worm","floor":3,"turns":2},{"damage":0,"enemies":"Cultist","floor":4,"turns":2},{"damage":2,"enemies":"Red Slaver","floor":5,"turns":3},{"damage":2,"enemies":"Lots of Slimes","floor":6,"turns":3},{"damage":3,"enemies":"3 Sentries","floor":11,"turns":3},{"damage":0,"enemies":"Blue Slaver","floor":14,"turns":2},{"damage":12,"enemies":"The Guardian","floor":16,"turns":8},{"damage":10,"enemies":"Shell Parasite","floor":18,"turns":3},{"damage":0,"enemies":"3 Byrds","floor":20,"turns":4},{"damage":6,"enemies":"Cultist and Chosen","floor":21,"turns":4},{"damage":25,"enemies":"Snecko","floor":22,"turns":4},{"damage":20,"enemies":"Gremlin Leader","floor":23,"turns":6},{"damage":8,"enemies":"Snake Plant","floor":25,"turns":3},{"damage":4,"enemies":"Centurion and Healer","floor":27,"turns":4},{"damage":0,"enemies":"Chosen and Byrds","floor":31,"turns":4},{"damage":55,"enemies":"Collector","floor":33,"turns":7}],"seed_played":"-4911037552908392145","potions_obtained":[{"floor":1,"key":"Block Potion"},{"floor":4,"key":"Explosive Potion"},{"floor":5,"key":"FearPotion"},{"floor":16,"key":"SkillPotion"},{"floor":18,"key":"FairyPotion"},{"floor":22,"key":"Poison Potion"},{"floor":25,"key":"PowerPotion"},{"floor":27,"key":"FocusPotion"}],"is_trial":false,"path_per_floor":["M","$","M","M","M","M","?","R","T","R","E","?","R","M","R","B",null,"M","T","M","M","M","E","$","M","T","M","?","R","$","M","R","B"],"character_chosen":"DEFECT","items_purchased":["DataDisk","Lantern","Conserve Battery","Pear","Cold Snap+1"],"campfire_rested":2,"item_purchase_floors":[2,2,2,24,24],"current_hp_per_floor":[50,50,50,50,48,46,46,46,46,46,43,43,43,43,43,31,60,50,50,50,44,19,6,16,8,8,4,4,26,26,26,48,0],"gold":31,"neow_bonus":"TWO_FIFTY_GOLD","is_prod":false,"is_daily":false,"chose_seed":false,"campfire_upgraded":4,"win_rate":0,"timestamp":1560651748,"path_taken":["M","$","M","M","M","M","?","R","T","R","E","?","R","?","R","BOSS","M","?","?","M","M","E","$","M","T","M","?","R","$","M","R","BOSS"],"build_version":"2019-01-23","purchased_purges":1,"victory":false,"max_hp_per_floor":[75,75,75,75,75,75,69,69,69,69,69,69,69,69,69,69,69,69,69,69,69,69,69,76,76,76,76,76,76,76,76,76,76],"card_choices":[{"not_picked":["Hello World","Double Energy","Force Field"],"picked":"SKIP","floor":1},{"not_picked":["Chaos","Steam"],"picked":"Sweeping Beam","floor":3},{"not_picked":["Steam Power","Lockon"],"picked":"Rip and Tear","floor":4},{"not_picked":["Loop","Cold Snap"],"picked":"Ball Lightning","floor":5},{"not_picked":["Force Field","Sweeping Beam","Compile Driver"],"picked":"SKIP","floor":6},{"not_picked":["Leap","Redo"],"picked":"Echo Form","floor":11},{"not_picked":["Rebound","Reinforced Body"],"picked":"Sunder","floor":14},{"not_picked":["Multi-Cast","Machine Learning"],"picked":"Buffer","floor":16},{"not_picked":["Conserve Battery","Steam"],"picked":"Cold Snap","floor":18},{"not_picked":["Coolheaded","Gash"],"picked":"Genetic Algorithm","floor":20},{"not_picked":["Compile Driver","Redo+1"],"picked":"Go for the Eyes","floor":21},{"not_picked":["Consume","Gash"],"picked":"Darkness","floor":22},{"not_picked":["Compile Driver","Coolheaded"],"picked":"BootSequence","floor":23},{"not_picked":["Gash+1","Hologram"],"picked":"Coolheaded+1","floor":25},{"not_picked":["Cold Snap+1","Turbo"],"picked":"Loop","floor":27},{"not_picked":["Scrape+1","Streamline+1","Thunder Strike+1"],"picked":"SKIP","floor":31}],"player_experience":195565,"relics_obtained":[{"floor":9,"key":"Happy Flower"},{"floor":11,"key":"Bag of Preparation"},{"floor":19,"key":"Dodecahedron"},{"floor":23,"key":"Molten Egg 2"},{"floor":26,"key":"PreservedInsect"}],"event_choices":[{"damage_healed":0,"gold_gain":0,"player_choice":"Lose Max HP","damage_taken":0,"relics_obtained":["Golden Idol"],"max_hp_gain":0,"max_hp_loss":6,"event_name":"Golden Idol","floor":7,"gold_loss":0},{"damage_healed":0,"gold_gain":0,"player_choice":"1 cards matched","damage_taken":0,"max_hp_gain":0,"max_hp_loss":0,"event_name":"Match and Keep!","floor":12,"gold_loss":0,"cards_obtained":["Swift Strike"]},{"damage_healed":0,"gold_gain":0,"player_choice":"Obtained Relic","damage_taken":0,"relics_obtained":["Shovel"],"max_hp_gain":0,"max_hp_loss":0,"event_name":"Addict","floor":28,"gold_loss":85}],"is_beta":false,"boss_relics":[{"not_picked":["Inserter","Empty Cage"],"picked":"Cursed Key"}],"items_purged_floors":[24],"is_endless":false,"potions_floor_spawned":[1,4,5,16,18,22,25,27],"killed_by":"Collector","ascension_level":7}