{"gold_per_floor":[119,135,135,145,161,161,192,192,192,208,208,208,219,219],"floor_reached":14,"playtime":475,"items_purged":[],"score":133,"play_id":"72584aa7-d737-4944-b797-d8717a93fa12","local_time":"20190610224143","is_ascension_mode":true,"campfire_choices":[{"data":"Zap","floor":6,"key":"SMITH"},{"data":"Self Repair","floor":8,"key":"SMITH"}],"neow_cost":"NONE","seed_source_timestamp":394251404762197,"circlet_count":0,"master_deck":["Strike_B","Strike_B","Strike_B","Defend_B","Defend_B","Defend_B","Defend_B","Zap+1","Dualcast","Self Repair+1","Coolheaded+1","Seek","Chill","Loop"],"relics":["Cracked Core","Orichalcum","StoneCalendar","Prayer Wheel"],"potions_floor_usage":[7,14,14],"damage_taken":[{"damage":6,"enemies":"Jaw Worm","floor":1,"turns":3},{"damage":0,"enemies":"Cultist","floor":2,"turns":3},{"damage":0,"enemies":"2 Louse","floor":4,"turns":1},{"damage":10,"enemies":"Looter","floor":5,"turns":4},{"damage":21,"enemies":"3 Sentries","floor":7,"turns":11},{"damage":10,"enemies":"2 Fungi Beasts","floor":10,"turns":4},{"damage":48,"enemies":"Gremlin Gang","floor":13,"turns":5},{"damage":33,"enemies":"Gremlin Nob","floor":14,"turns":6}],"seed_played":"6206136882237866871","potions_obtained":[{"floor":4,"key":"Regen Potion"},{"floor":10,"key":"Regen Potion"},{"floor":13,"key":"Weak Potion"}],"is_trial":false,"path_per_floor":["M","M","?","M","M","R","E","R","T","M","?","?","M","E"],"character_chosen":"DEFECT","items_purchased":[],"campfire_rested":0,"item_purchase_floors":[],"current_hp_per_floor":[62,62,62,62,59,59,60,60,60,60,60,60,22,4],"gold":219,"neow_bonus":"RANDOM_COMMON_RELIC","is_prod":false,"is_daily":false,"chose_seed":false,"campfire_upgraded":2,"win_rate":0,"timestamp":1560220903,"path_taken":["M","M","?","M","M","R","E","R","T","?","?","?","M","E"],"build_version":"2019-01-23","purchased_purges":0,"victory":false,"max_hp_per_floor":[75,75,75,75,75,75,75,75,75,75,75,75,75,75],"card_choices":[{"not_picked":["Compile Driver","Darkness","Go for the Eyes"],"picked":"SKIP","floor":1},{"not_picked":["Stack","Rip and Tear"],"picked":"Self Repair","floor":2},{"not_picked":["Beam Cell","Go for the Eyes"],"picked":"Coolheaded","floor":4},{"not_picked":["Gash","Redo","Leap"],"picked":"SKIP","floor":5},{"not_picked":["Rebound","Stack"],"picked":"Seek","floor":7},{"not_picked":["Barrage","Rip and Tear"],"picked":"Chill","floor":10},{"not_picked":["Barrage","Rip and Tear","Beam Cell"],"picked":"SKIP","floor":10},{"not_picked":["Cold Snap","Reinforced Body"],"picked":"Loop","floor":13},{"not_picked":["Beam Cell","Gash","Tempest"],"picked":"SKIP","floor":13}],"player_experience":610719,"relics_obtained":[{"floor":7,"key":"StoneCalendar"},{"floor":9,"key":"Prayer Wheel"}],"event_choices":[{"cards_removed":["Strike_B"],"damage_healed":0,"gold_gain":0,"player_choice":"Purged","damage_taken":0,"max_hp_gain":0,"max_hp_loss":0,"event_name":"Purifier","floor":3,"gold_loss":0},{"damage_healed":0,"gold_gain":0,"player_choice":"Ignored","damage_taken":0,"max_hp_gain":0,"max_hp_loss":0,"event_name":"Liars Game","floor":11,"gold_loss":0},{"damage_healed":0,"gold_gain":0,"player_choice":"Grow","damage_taken":0,"max_hp_gain":0,"max_hp_loss":0,"event_name":"Living Wall","floor":12,"gold_loss":0,"cards_upgraded":["Coolheaded"]}],"is_beta":false,"boss_relics":[],"items_purged_floors":[],"is_endless":false,"potions_floor_spawned":[4,10,13],"killed_by":"Gremlin Nob","ascension_level":9}