{"gold_per_floor":[114,389,407,417,29,55,72,72,72,105,105,5,24,34,34,34],"floor_reached":16,"playtime":874,"items_purged":["Regret","Defend_R"],"score":112,"play_id":"79dc24f4-0dcc-4129-b3cb-91c6c00b06b8","local_time":"20190528211356","is_ascension_mode":false,"campfire_choices":[{"data":"Double Tap","floor":11,"key":"SMITH"},{"data":"Uppercut","floor":15,"key":"SMITH"}],"neow_cost":"NONE","seed_source_timestamp":823371664480567,"circlet_count":0,"master_deck":["Strike_R","Strike_R","Strike_R","Strike_R","Defend_R","Defend_R","Defend_R","Bash","Flex","Uppercut+1","Cleave","Double Tap+1","Thunderclap","Carnage","Clothesline","Headbutt"],"relics":["Burning Blood","NeowsBlessing","Pocketwatch","Bottled Lightning","Dodecahedron","Boot"],"potions_floor_usage":[6,14,16],"damage_taken":[{"damage":0,"enemies":"Jaw Worm","floor":1,"turns":1},{"damage":0,"enemies":"Cultist","floor":3,"turns":1},{"damage":2,"enemies":"2 Louse","floor":4,"turns":2},{"damage":31,"enemies":"3 Sentries","floor":6,"turns":5},{"damage":9,"enemies":"2 Fungi Beasts","floor":7,"turns":2},{"damage":26,"enemies":"Gremlin Nob","floor":10,"turns":4},{"damage":16,"enemies":"Large Slime","floor":13,"turns":3},{"damage":13,"enemies":"Red Slaver","floor":14,"turns":2},{"damage":24,"enemies":"The Guardian","floor":16,"turns":8}],"seed_played":"5240292714970201138","potions_obtained":[{"floor":1,"key":"SneckoOil"},{"floor":4,"key":"Explosive Potion"},{"floor":13,"key":"BloodPotion"},{"floor":14,"key":"SkillPotion"}],"is_trial":false,"path_per_floor":["M","?","M","M","$","E","M","?","T","E","R","$","M","M","R","B"],"character_chosen":"IRONCLAD","items_purchased":["Pocketwatch"],"campfire_rested":0,"item_purchase_floors":[5],"current_hp_per_floor":[80,80,80,80,80,55,52,52,52,32,32,32,22,23,23,0],"gold":34,"neow_bonus":"THREE_ENEMY_KILL","is_prod":false,"is_daily":false,"chose_seed":false,"campfire_upgraded":2,"win_rate":0.0,"timestamp":1559096036,"path_taken":["M","?","?","M","$","E","M","?","T","E","R","$","M","M","R","BOSS"],"build_version":"2019-01-23","purchased_purges":2,"victory":false,"max_hp_per_floor":[80,80,80,80,80,80,80,80,80,80,80,80,80,80,80,80],"card_choices":[{"not_picked":["Armaments","Warcry"],"picked":"Flex","floor":1},{"not_picked":["Iron Wave","Sword Boomerang"],"picked":"Uppercut","floor":3},{"not_picked":["Warcry","Seeing Red"],"picked":"Cleave","floor":4},{"not_picked":["Feel No Pain","Flex"],"picked":"Double Tap","floor":6},{"not_picked":["Anger","Pommel Strike"],"picked":"Thunderclap","floor":7},{"not_picked":["Clothesline","Anger"],"picked":"Carnage","floor":10},{"not_picked":["Anger","Sword Boomerang"],"picked":"Clothesline","floor":13},{"not_picked":["Disarm","Dual Wield"],"picked":"Headbutt","floor":14}],"player_experience":4421,"relics_obtained":[{"floor":6,"key":"Bottled Lightning"},{"floor":9,"key":"Dodecahedron"},{"floor":10,"key":"Boot"}],"event_choices":[{"damage_healed":0,"gold_gain":275,"player_choice":"Desecrate","damage_taken":0,"max_hp_gain":0,"max_hp_loss":0,"event_name":"Golden Shrine","floor":2,"gold_loss":0,"cards_obtained":["Regret"]},{"cards_removed":["Strike_R"],"damage_healed":0,"gold_gain":0,"player_choice":"Forget","damage_taken":0,"max_hp_gain":0,"max_hp_loss":0,"event_name":"Living Wall","floor":8,"gold_loss":0}],"is_beta":false,"boss_relics":[],"items_purged_floors":[5,12],"is_endless":false,"potions_floor_spawned":[1,4,13,14],"killed_by":"The Guardian","ascension_level":0}