{"gold_per_floor":[316,328,93,107,119,119,19,51,100,126,126,137,167,167,167,244,244,257,257,273,285,200,200,231,231],"floor_reached":25,"playtime":2373,"items_purged":["Strike_G","Defend_G"],"score":482,"play_id":"Baalorlord-9f3f4146","local_time":"20190613163452","is_ascension_mode":true,"campfire_choices":[{"data":"Skewer","floor":6,"key":"SMITH"},{"floor":11,"key":"REST"},{"data":"Dagger Spray","floor":15,"key":"SMITH"},{"data":"Wraith Form v2","floor":23,"key":"SMITH"}],"neow_cost":"NO_GOLD","seed_source_timestamp":372695481646600,"circlet_count":0,"master_deck":["AscendersBane","Defend_G","Defend_G","Defend_G","Defend_G","Strike_G","Strike_G","Strike_G","Strike_G","Survivor","Neutralize","Dagger Spray+1","Flying Knee","Skewer+1","Poisoned Stab","Backflip","Predator","After Image","Dash","Flying Knee","Wraith Form v2+1","Backflip","Terror","Backstab"],"relics":["Ring of the Snake","Old Coin","Ornamental Fan","Potion Belt","Snake Skull","Question Card","Busted Crown","Art of War","The Courier"],"potions_floor_usage":[10,16,16,21,24,25],"damage_taken":[{"damage":0,"enemies":"Cultist","floor":1,"turns":4},{"damage":1,"enemies":"Small Slimes","floor":2,"turns":4},{"damage":0,"enemies":"Jaw Worm","floor":4,"turns":4},{"damage":0,"enemies":"3 Louse","floor":5,"turns":2},{"damage":45,"enemies":"Lagavulin","floor":8,"turns":10},{"damage":7,"enemies":"3 Sentries","floor":10,"turns":8},{"damage":3,"enemies":"Looter","floor":12,"turns":4},{"damage":8,"enemies":"Gremlin Nob","floor":13,"turns":4},{"damage":16,"enemies":"Slime Boss","floor":16,"turns":7},{"damage":15,"enemies":"3 Byrds","floor":18,"turns":6},{"damage":5,"enemies":"Shell Parasite","floor":20,"turns":5},{"damage":0,"enemies":"Snake Plant","floor":21,"turns":4},{"damage":21,"enemies":"Slavers","floor":24,"turns":7},{"damage":6,"enemies":"Centurion and Healer","floor":25,"turns":4}],"seed_played":"-2116160799334359234","potions_obtained":[{"floor":1,"key":"GamblersBrew"},{"floor":10,"key":"Fire Potion"},{"floor":12,"key":"Swift Potion"},{"floor":20,"key":"SkillPotion"},{"floor":24,"key":"SneckoOil"}],"is_trial":false,"path_per_floor":["M","M","$","M","M","R","$","E","T","E","R","M","E","?","R","B",null,"M","?","M","M","?","R","E","M"],"character_chosen":"THE_SILENT","items_purchased":["GhostInAJar","Skewer"],"campfire_rested":1,"item_purchase_floors":[3,3],"current_hp_per_floor":[59,58,58,58,58,58,58,13,13,6,25,22,14,36,36,20,55,40,31,26,26,26,26,5,0],"gold":231,"neow_bonus":"ONE_RARE_RELIC","is_prod":false,"is_daily":false,"chose_seed":false,"campfire_upgraded":3,"win_rate":0,"timestamp":1560458092,"path_taken":["M","?","?","M","M","R","?","E","T","E","R","M","E","?","R","BOSS","M","?","?","M","?","R","E","M"],"build_version":"2019-01-23","purchased_purges":2,"victory":false,"max_hp_per_floor":[66,66,66,66,66,66,66,66,66,66,66,66,66,66,66,66,66,66,66,66,66,66,66,66,66],"card_choices":[{"not_picked":["Catalyst","Quick Slash"],"picked":"Dagger Spray","floor":1},{"not_picked":["Sucker Punch","Accuracy"],"picked":"Flying Knee","floor":2},{"not_picked":["Infinite Blades","Acrobatics"],"picked":"Poisoned Stab","floor":4},{"not_picked":["Setup","Riddle With Holes"],"picked":"Backflip","floor":5},{"not_picked":["Distraction","Leg Sweep"],"picked":"Predator","floor":8},{"not_picked":["Reflex","Acrobatics"],"picked":"After Image","floor":10},{"not_picked":["Tactician","Catalyst"],"picked":"Dash","floor":12},{"not_picked":["Endless Agony","Prepared"],"picked":"Flying Knee","floor":13},{"not_picked":["Die Die Die","Tools of the Trade","Phantasmal Killer"],"picked":"Wraith Form v2","floor":16},{"not_picked":["Dash"],"picked":"Backflip","floor":18},{"not_picked":["Dagger Throw","Prepared"],"picked":"SKIP","floor":20},{"not_picked":["Dagger Throw"],"picked":"Terror","floor":21},{"not_picked":["Dagger Spray"],"picked":"Backstab","floor":24}],"player_experience":2105808,"relics_obtained":[{"floor":8,"key":"Ornamental Fan"},{"floor":9,"key":"Potion Belt"},{"floor":10,"key":"Snake Skull"},{"floor":13,"key":"Question Card"},{"floor":24,"key":"The Courier"}],"event_choices":[{"damage_healed":22,"gold_gain":0,"player_choice":"Banana","damage_taken":0,"max_hp_gain":0,"max_hp_loss":0,"event_name":"Big Fish","floor":14,"gold_loss":0},{"damage_healed":0,"gold_gain":0,"player_choice":"Damaged","damage_taken":9,"max_hp_gain":0,"max_hp_loss":0,"event_name":"Wheel of Change","floor":19,"gold_loss":0},{"damage_healed":0,"gold_gain":0,"player_choice":"Obtained Relic","damage_taken":0,"relics_obtained":["Art of War"],"max_hp_gain":0,"max_hp_loss":0,"event_name":"Addict","floor":22,"gold_loss":85}],"is_beta":false,"boss_relics":[{"not_picked":["White Beast Statue","Calling Bell"],"picked":"Busted Crown"}],"items_purged_floors":[3,7],"is_endless":false,"potions_floor_spawned":[1,5,10,12,20,24],"killed_by":"Centurion and Healer","ascension_level":20}