{"gold_per_floor":[117,136,136,136,150,184,184,198,223,223,275,287,287,315,327,439,451,482,176,176,176,176,176,162,181,206,206,121,121,152,52,52,52],"floor_reached":33,"playtime":1229,"items_purged":["Strike_G","Strike_G"],"score":325,"play_id":"fe6a3191-2158-4c80-921a-f48cc1ed3ffb","local_time":"20190816133158","is_ascension_mode":true,"campfire_choices":[{"floor":7,"key":"REST"},{"floor":10,"key":"REST"},{"floor":13,"key":"REST"},{"data":"Neutralize","floor":15,"key":"SMITH"},{"floor":23,"key":"REST"},{"floor":27,"key":"REST"},{"floor":29,"key":"REST"},{"floor":32,"key":"REST"}],"neow_cost":"NONE","seed_source_timestamp":15834779845179,"circlet_count":0,"master_deck":["Strike_G+1","Strike_G","Strike_G+1","Defend_G","Defend_G","Defend_G","Defend_G","Survivor+1","Neutralize+1","Deflect","Slice","Caltrops","Slice","Catalyst","After Image","Poisoned Stab+1","Doppelganger","Dodge and Roll","Poisoned Stab+1","Deflect+1"],"relics":["Ring of the Snake","NeowsBlessing","PreservedInsect","Strawberry","Pen Nib","MawBank","Fusion Hammer","Bottled Tornado","Nilry\u0027s Codex","Regal Pillow","Orichalcum","Frozen Egg 2","Whetstone"],"potions_floor_usage":[6,14,24],"damage_taken":[{"damage":0,"enemies":"Small Slimes","floor":1,"turns":1},{"damage":0,"enemies":"2 Louse","floor":2,"turns":1},{"damage":0,"enemies":"Jaw Worm","floor":5,"turns":1},{"damage":43,"enemies":"Gremlin Nob","floor":6,"turns":6},{"damage":17,"enemies":"Large Slime","floor":8,"turns":6},{"damage":0,"enemies":"Blue Slaver","floor":12,"turns":5},{"damage":18,"enemies":"Lagavulin","floor":14,"turns":6},{"damage":33,"enemies":"The Guardian","floor":16,"turns":14},{"damage":20,"enemies":"Spheric Guardian","floor":18,"turns":5},{"damage":16,"enemies":"2 Thieves","floor":24,"turns":4},{"damage":38,"enemies":"Chosen and Byrds","floor":25,"turns":7},{"damage":56,"enemies":"Gremlin Leader","floor":30,"turns":7},{"damage":60,"enemies":"Collector","floor":33,"turns":5}],"seed_played":"2141642436311718776","potions_obtained":[{"floor":2,"key":"Swift Potion"},{"floor":6,"key":"Dexterity Potion"},{"floor":8,"key":"SkillPotion"},{"floor":12,"key":"Swift Potion"},{"floor":18,"key":"Swift Potion"}],"is_trial":false,"path_per_floor":["M","M","?","?","M","E","R","M","T","R","T","M","R","E","R","B",null,"M","$","?","?","?","R","M","M","T","R","?","R","E","$","R","B"],"character_chosen":"THE_SILENT","items_purchased":["Bottled Tornado"],"campfire_rested":7,"item_purchase_floors":[19],"current_hp_per_floor":[70,70,56,56,56,13,34,17,24,47,47,47,70,52,52,19,77,57,57,41,41,41,77,61,23,23,61,61,77,21,21,59,0],"gold":52,"neow_bonus":"THREE_ENEMY_KILL","is_prod":false,"is_daily":false,"chose_seed":false,"campfire_upgraded":1,"win_rate":0,"timestamp":1565987518,"path_taken":["M","M","?","?","M","E","R","M","T","R","?","M","R","E","R","BOSS","M","$","?","?","?","R","M","M","T","R","?","R","E","$","R","BOSS"],"build_version":"2019-07-17","purchased_purges":2,"victory":false,"max_hp_per_floor":[70,70,70,70,70,70,70,70,77,77,77,77,77,77,77,77,77,77,77,77,77,77,77,77,77,77,77,77,77,77,77,77,77],"card_choices":[{"not_picked":["Acrobatics","Reflex"],"picked":"Deflect","floor":1},{"not_picked":["Heel Hook","Dagger Spray"],"picked":"Slice","floor":2},{"not_picked":["Outmaneuver","Dagger Spray"],"picked":"Caltrops","floor":5},{"not_picked":["Flying Knee","Quick Slash"],"picked":"Slice","floor":6},{"not_picked":["Dagger Throw","Underhanded Strike"],"picked":"Catalyst","floor":8},{"not_picked":["Dagger Spray","Bane"],"picked":"After Image","floor":12},{"not_picked":["Calculated Gamble","Footwork"],"picked":"Poisoned Stab","floor":14},{"not_picked":["Die Die Die","Tools of the Trade"],"picked":"Doppelganger","floor":16},{"not_picked":["Accuracy","Dagger Throw+1"],"picked":"Dodge and Roll","floor":18},{"not_picked":["Distraction","Dagger Spray","Flying Knee"],"picked":"SKIP","floor":24},{"not_picked":["Quick Slash","Prepared"],"picked":"Poisoned Stab+1","floor":25},{"not_picked":["Flying Knee","Tactician"],"picked":"Deflect+1","floor":30}],"player_experience":404623,"relics_obtained":[{"floor":6,"key":"PreservedInsect"},{"floor":9,"key":"Strawberry"},{"floor":11,"key":"Pen Nib"},{"floor":14,"key":"MawBank"},{"floor":20,"key":"Nilry\u0027s Codex"},{"floor":26,"key":"Orichalcum"},{"floor":30,"key":"Whetstone"}],"event_choices":[{"damage_healed":0,"gold_gain":0,"player_choice":"Entered Light","damage_taken":14,"max_hp_gain":0,"max_hp_loss":0,"event_name":"Shining Light","floor":3,"gold_loss":0,"cards_upgraded":["Survivor","Strike_G"]},{"damage_healed":0,"gold_gain":0,"player_choice":"Ignored","damage_taken":0,"max_hp_gain":0,"max_hp_loss":0,"event_name":"Liars Game","floor":4,"gold_loss":0},{"damage_healed":0,"gold_gain":0,"player_choice":"Obtained Book","damage_taken":16,"max_hp_gain":0,"max_hp_loss":0,"event_name":"Cursed Tome","floor":20,"gold_loss":0},{"damage_healed":0,"gold_gain":0,"player_choice":"Opened","damage_taken":0,"relics_obtained":["Regal Pillow"],"max_hp_gain":0,"max_hp_loss":0,"event_name":"The Mausoleum","floor":21,"gold_loss":0},{"cards_removed":["Defend_G"],"damage_healed":0,"gold_gain":0,"player_choice":"Elegance","damage_taken":0,"max_hp_gain":0,"max_hp_loss":0,"event_name":"Back to Basics","floor":22,"gold_loss":0},{"damage_healed":0,"gold_gain":0,"player_choice":"Obtained Relic","damage_taken":0,"relics_obtained":["Frozen Egg 2"],"max_hp_gain":0,"max_hp_loss":0,"event_name":"Addict","floor":28,"gold_loss":85}],"is_beta":false,"boss_relics":[{"not_picked":["Ectoplasm","Runic Pyramid"],"picked":"Fusion Hammer"}],"items_purged_floors":[19,31],"is_endless":false,"potions_floor_spawned":[2,6,8,12,18],"killed_by":"Collector","ascension_level":4}