{"gold_per_floor":[112,112,37,50,50,80,98,98,151,162,162,180,180,255,255,360,360,378,391,402,413,143,172,190,190,190,201,201,201,217,228,228,324,324,344,360,73,73,73,73,73,73,97,109,139,151,180,210,222,234],"floor_reached":50,"playtime":7167,"items_purged":["Regret","Strike_R"],"score":491,"play_id":"d3990775-bf4f-4219-996a-e4ef032a6a1a","local_time":"20190811201301","is_ascension_mode":false,"campfire_choices":[{"data":"Armaments","floor":8.0,"key":"SMITH"},{"data":"Shrug It Off","floor":11.0,"key":"SMITH"},{"data":"Dual Wield","floor":13.0,"key":"SMITH"},{"floor":15.0,"key":"REST"},{"floor":25.0,"key":"REST"},{"floor":29.0,"key":"REST"},{"floor":32.0,"key":"REST"},{"data":"Apotheosis","floor":40.0,"key":"SMITH"},{"data":"Strike_R","floor":42.0,"key":"PURGE"},{"data":"Strike_R","floor":44.0,"key":"PURGE"},{"floor":49.0,"key":"RECALL"}],"neow_cost":"NONE","seed_source_timestamp":0,"circlet_count":0,"master_deck":["Strike_R","Strike_R","Defend_R","Defend_R","Defend_R","Defend_R","Bash","Armaments+1","Dual Wield+1","Rampage","Shrug It Off+1","Demon Form","Fiend Fire","Burning Pact","Thunderclap+1","Apotheosis+1","Feel No Pain+1","Pummel+1","True Grit+1","Heavy Blade+1","Warcry+1","Double Tap","Ghostly Armor","Metallicize","Madness","Madness","Warcry+1","Intimidate+1"],"special_seed":0,"relics":["Burning Blood","Orichalcum","Mummified Hand","Bag of Marbles","Lizard Tail","Oddly Smooth Stone","Snecko Eye","Peace Pipe","MawBank"],"potions_floor_usage":[],"damage_taken":[{"damage":6.0,"enemies":"Jaw Worm","floor":1.0,"turns":3.0},{"damage":4.0,"enemies":"Cultist","floor":4.0,"turns":4.0},{"damage":53.0,"enemies":"Lagavulin","floor":6.0,"turns":10.0},{"damage":4.0,"enemies":"Small Slimes","floor":7.0,"turns":4.0},{"damage":8.0,"enemies":"3 Louse","floor":10.0,"turns":3.0},{"damage":0.0,"enemies":"2 Fungi Beasts","floor":12.0,"turns":4.0},{"damage":29.0,"enemies":"The Guardian","floor":16.0,"turns":9.0},{"damage":34.0,"enemies":"Spheric Guardian","floor":18.0,"turns":6.0},{"damage":4.0,"enemies":"Chosen","floor":19.0,"turns":4.0},{"damage":13.0,"enemies":"Snecko","floor":20.0,"turns":6.0},{"damage":27.0,"enemies":"Shelled Parasite and Fungi","floor":21.0,"turns":7.0},{"damage":19.0,"enemies":"Gremlin Leader","floor":23.0,"turns":5.0},{"damage":18.0,"enemies":"3 Cultists","floor":24.0,"turns":6.0},{"damage":25.0,"enemies":"Centurion and Healer","floor":27.0,"turns":6.0},{"damage":31.0,"enemies":"Snake Plant","floor":30.0,"turns":6.0},{"damage":2.0,"enemies":"Shelled Parasite and Fungi","floor":31.0,"turns":9.0},{"damage":56.0,"enemies":"Champ","floor":33.0,"turns":11.0},{"damage":10.0,"enemies":"Orb Walker","floor":35.0,"turns":3.0},{"damage":3.0,"enemies":"3 Shapes","floor":36.0,"turns":4.0},{"damage":18.0,"enemies":"Maw","floor":45.0,"turns":5.0},{"damage":26.0,"enemies":"Sphere and 2 Shapes","floor":47.0,"turns":6.0},{"damage":0.0,"enemies":"Jaw Worm Horde","floor":48.0,"turns":3.0},{"damage":47,"enemies":"Time Eater","floor":50,"turns":8}],"seed_played":"6510024444075217981","potions_obtained":[{"floor":4.0,"key":"Regen Potion"},{"floor":7.0,"key":"FearPotion"},{"floor":10.0,"key":"SkillPotion"},{"floor":12.0,"key":"BloodPotion"},{"floor":20.0,"key":"Energy Potion"},{"floor":21.0,"key":"PowerPotion"},{"floor":23.0,"key":"FairyPotion"},{"floor":27.0,"key":"Ancient Potion"},{"floor":30.0,"key":"EssenceOfSteel"},{"floor":33.0,"key":"Explosive Potion"},{"floor":35.0,"key":"Poison Potion"},{"floor":47.0,"key":"Fire Potion"}],"is_trial":false,"path_per_floor":["M","?","$","M","?","E","M","R","T","M","R","M","R","?","R","B",null,"M","M","M","M","$","E","M","R","T","M","?","R","M","M","R","B",null,"M","M","$","?","$","R","?","R","T","R","M","?","M","M","R","B"],"character_chosen":"IRONCLAD","items_purchased":["Apotheosis","Peace Pipe"],"campfire_rested":4,"item_purchase_floors":[22,37],"current_hp_per_floor":[80,80,80,80,80,48,50,50,50,48,48,54,54,43,67,52,80,52,54,47,26,26,13,14,38,38,19,19,43,18,22,46,37,80,76,79,79,79,79,79,69,69,69,69,57,57,37,43,43,0],"gold":234,"neow_bonus":"THREE_CARDS","is_prod":false,"is_daily":false,"chose_seed":false,"campfire_upgraded":4,"win_rate":0,"timestamp":1565547181,"path_taken":["M","?","$","M","?","E","?","R","T","M","R","M","R","?","R","BOSS","M","M","M","M","$","E","M","R","T","M","?","R","M","M","R","BOSS","M","M","$","?","$","R","?","R","T","R","M","?","M","M","R","BOSS"],"build_version":"2019-01-23","purchased_purges":2,"victory":false,"max_hp_per_floor":[80,80,80,80,80,80,80,80,80,80,80,80,80,80,80,80,80,80,80,80,80,80,80,80,80,80,80,80,80,80,80,80,80,80,80,80,80,80,80,80,80,80,80,80,80,80,80,80,80,80],"card_choices":[{"not_picked":["Iron Wave","Twin Strike"],"picked":"Armaments","floor":0.0},{"not_picked":["Thunderclap","Feel No Pain","Pommel Strike"],"picked":"SKIP","floor":1.0},{"not_picked":["Headbutt","Fire Breathing"],"picked":"Dual Wield","floor":4.0},{"not_picked":["Reckless Charge","Headbutt"],"picked":"Rampage","floor":6.0},{"not_picked":["Flex","Second Wind"],"picked":"Shrug It Off","floor":7.0},{"not_picked":["Cleave","Body Slam","Heavy Blade"],"picked":"SKIP","floor":10.0},{"not_picked":["Reckless Charge","Rage"],"picked":"Demon Form","floor":12.0},{"not_picked":["Offering","Reaper"],"picked":"Fiend Fire","floor":16.0},{"not_picked":["Fire Breathing","Flex"],"picked":"Burning Pact","floor":18.0},{"not_picked":["Carnage+1","Perfected Strike"],"picked":"Thunderclap+1","floor":19.0},{"not_picked":["Inflame","Body Slam"],"picked":"Cleave+1","floor":20.0},{"not_picked":["Thunderclap","Warcry","Sword Boomerang"],"picked":"SKIP","floor":21.0},{"not_picked":["Sword Boomerang+1","True Grit"],"picked":"Feel No Pain+1","floor":23.0},{"not_picked":["Evolve","Perfected Strike"],"picked":"Pummel+1","floor":24.0},{"not_picked":["Sword Boomerang","Burning Pact+1"],"picked":"True Grit+1","floor":27.0},{"not_picked":["Twin Strike+1","True Grit"],"picked":"Heavy Blade+1","floor":30.0},{"not_picked":["Rage","Wild Strike"],"picked":"Warcry+1","floor":31.0},{"not_picked":["Immolate","Offering"],"picked":"Double Tap","floor":33.0},{"not_picked":["Pommel Strike+1","Battle Trance"],"picked":"Ghostly Armor","floor":35.0},{"not_picked":["Anger+1","Clash"],"picked":"Metallicize","floor":36.0},{"not_picked":["Anger+1","Iron Wave","Twin Strike+1"],"picked":"SKIP","floor":45.0},{"not_picked":["Power Through","Anger+1"],"picked":"Warcry+1","floor":47.0},{"not_picked":["Second Wind+1","Clothesline"],"picked":"Intimidate+1","floor":48.0}],"player_experience":166090,"relics_obtained":[{"floor":6.0,"key":"Mummified Hand"},{"floor":9.0,"key":"Bag of Marbles"},{"floor":23.0,"key":"Oddly Smooth Stone"},{"floor":43.0,"key":"MawBank"}],"event_choices":[{"damage_healed":0.0,"max_hp_gain":0.0,"max_hp_loss":0.0,"gold_gain":0.0,"event_name":"Big Fish","player_choice":"Box","floor":2.0,"gold_loss":0.0,"damage_taken":0.0,"relics_obtained":["Orichalcum"],"cards_obtained":["Regret"]},{"damage_healed":0.0,"max_hp_gain":0.0,"max_hp_loss":0.0,"gold_gain":0.0,"event_name":"Match and Keep!","player_choice":"0 cards matched","floor":5.0,"gold_loss":0.0,"damage_taken":0.0,"cards_obtained":[]},{"damage_healed":0.0,"max_hp_gain":0.0,"max_hp_loss":0.0,"gold_gain":75.0,"event_name":"World of Goop","player_choice":"Gather Gold","floor":14.0,"gold_loss":0.0,"damage_taken":11.0},{"damage_healed":0.0,"max_hp_gain":0.0,"max_hp_loss":0.0,"gold_gain":0.0,"event_name":"Ghosts","player_choice":"Ignored","floor":28.0,"gold_loss":0.0,"damage_taken":0.0},{"cards_removed":["Cleave"],"damage_healed":0.0,"max_hp_gain":0.0,"max_hp_loss":0.0,"gold_gain":0.0,"event_name":"Falling","player_choice":"Removed Attack","floor":38.0,"gold_loss":0.0,"damage_taken":0.0},{"damage_healed":0.0,"max_hp_gain":0.0,"max_hp_loss":0.0,"gold_gain":0.0,"event_name":"Winding Halls","player_choice":"Embrace Madness","floor":41.0,"gold_loss":0.0,"damage_taken":10.0,"cards_obtained":["Madness","Madness"]},{"damage_healed":0.0,"max_hp_gain":0.0,"max_hp_loss":0.0,"gold_gain":0.0,"event_name":"Mysterious Sphere","player_choice":"Ignored","floor":46.0,"gold_loss":0.0,"damage_taken":0.0}],"is_beta":false,"boss_relics":[{"not_picked":["Eternal Feather","Black Star"],"picked":"Lizard Tail"},{"not_picked":["Busted Crown","White Beast Statue"],"picked":"Snecko Eye"}],"items_purged_floors":[3,22],"is_endless":false,"potions_floor_spawned":[4,7,10,12,20,21,23,27,30,33,35,47],"killed_by":"Time Eater","ascension_level":0}