{"gold_per_floor":[113,113,130,149,167,167,195,195,249,45,45,72,42,68,68,169,169,179,190,204,222,110,110,140,140,222,249,268,183,183,183,183,183],"floor_reached":33,"playtime":1197,"items_purged":["Strike_B"],"score":525,"play_id":"c8654155-fa2b-4b73-a070-1101f91c2e5d","local_time":"20190628180410","is_ascension_mode":true,"campfire_choices":[{"data":"Zap","floor":6,"key":"SMITH"},{"data":"Seek","floor":8,"key":"SMITH"},{"data":"Dualcast","floor":15,"key":"SMITH"},{"data":"Hyperbeam","floor":23,"key":"SMITH"},{"floor":30,"key":"DIG"},{"data":"Defragment","floor":32,"key":"SMITH"}],"neow_cost":"NONE","seed_source_timestamp":682387214487332,"circlet_count":0,"master_deck":["AscendersBane","Strike_B","Strike_B+1","Strike_B","Defend_B","Defend_B","Defend_B","Defend_B","Zap+1","Dualcast+1","Genetic Algorithm+1","Sweeping Beam","Steam","Compile Driver","Seek+1","FTL","Self Repair","Hyperbeam+1","Conserve Battery","Gash","Ball Lightning","Undo","Cold Snap","Defragment+1","Coolheaded"],"relics":["Cracked Core","Anchor","Mercury Hourglass","Potion Belt","OrangePellets","Happy Flower","Bag of Preparation","Sozu","Shovel","Enchiridion","Cables","Juzu Bracelet","Mummified Hand","Singing Bowl"],"potions_floor_usage":[12,33],"damage_taken":[{"damage":0,"enemies":"Jaw Worm","floor":1,"turns":3},{"damage":0,"enemies":"Small Slimes","floor":3,"turns":3},{"damage":0,"enemies":"2 Louse","floor":4,"turns":2},{"damage":4,"enemies":"2 Fungi Beasts","floor":5,"turns":4},{"damage":15,"enemies":"3 Sentries","floor":7,"turns":7},{"damage":14,"enemies":"Gremlin Nob","floor":12,"turns":4},{"damage":9,"enemies":"3 Sentries","floor":14,"turns":5},{"damage":28,"enemies":"The Guardian","floor":16,"turns":12},{"damage":1,"enemies":"Shell Parasite","floor":18,"turns":4},{"damage":1,"enemies":"Spheric Guardian","floor":19,"turns":3},{"damage":28,"enemies":"Shelled Parasite and Fungi","floor":20,"turns":4},{"damage":1,"enemies":"Sentry and Sphere","floor":21,"turns":4},{"damage":16,"enemies":"Book of Stabbing","floor":24,"turns":5},{"damage":0,"enemies":"Slavers","floor":27,"turns":3},{"damage":0,"enemies":"Chosen and Byrds","floor":28,"turns":3},{"damage":54,"enemies":"Automaton","floor":33,"turns":6}],"seed_played":"226287097394198197","potions_obtained":[{"floor":1,"key":"AttackPotion"},{"floor":3,"key":"FocusPotion"},{"floor":14,"key":"Dexterity Potion"},{"floor":16,"key":"SkillPotion"}],"is_trial":false,"path_per_floor":["M","?","M","M","M","R","E","R","T","$","?","E","?","E","R","B",null,"M","M","M","M","$","R","E","?","T","E","M","?","R","?","R","B"],"character_chosen":"DEFECT","items_purchased":["OrangePellets","Undo"],"campfire_rested":0,"item_purchase_floors":[10,22],"current_hp_per_floor":[68,53,53,53,49,49,34,34,34,34,59,45,45,36,36,15,60,66,72,51,57,57,57,48,32,32,39,46,46,46,46,46,0],"gold":183,"neow_bonus":"RANDOM_COMMON_RELIC","is_prod":false,"is_daily":false,"chose_seed":false,"campfire_upgraded":5,"win_rate":0,"timestamp":1561763050,"path_taken":["M","?","M","M","M","R","E","R","T","$","?","E","?","E","R","BOSS","M","M","M","M","$","R","E","?","T","E","M","?","R","?","R","BOSS"],"build_version":"2019-01-23","purchased_purges":1,"victory":false,"max_hp_per_floor":[75,75,75,75,75,75,75,75,75,75,75,75,75,75,75,75,75,75,75,75,75,75,75,75,75,75,75,75,75,75,75,75,75],"card_choices":[{"not_picked":["Turbo","Cold Snap"],"picked":"Genetic Algorithm","floor":1},{"not_picked":["Fusion","White Noise"],"picked":"Sweeping Beam","floor":3},{"not_picked":["Rebound","Melter"],"picked":"Steam","floor":4},{"not_picked":["BootSequence","Streamline"],"picked":"Compile Driver","floor":5},{"not_picked":["Streamline","Sweeping Beam"],"picked":"Seek","floor":7},{"not_picked":["Sweeping Beam","Rebound"],"picked":"FTL","floor":12},{"not_picked":["Sweeping Beam","Hologram"],"picked":"Self Repair","floor":14},{"not_picked":["Multi-Cast","Seek"],"picked":"Hyperbeam","floor":16},{"not_picked":["White Noise","Steam"],"picked":"Conserve Battery","floor":18},{"not_picked":["Rebound","Sweeping Beam"],"picked":"Gash","floor":19},{"not_picked":["Steam","Leap"],"picked":"Ball Lightning","floor":20},{"not_picked":["Beam Cell","Force Field","Reinforced Body"],"picked":"SKIP","floor":21},{"not_picked":["Redo","Compile Driver"],"picked":"Cold Snap","floor":24},{"not_picked":["Cold Snap","Skim"],"picked":"Defragment","floor":27},{"not_picked":["Leap","Meteor Strike"],"picked":"Coolheaded","floor":28}],"player_experience":301320,"relics_obtained":[{"floor":7,"key":"Mercury Hourglass"},{"floor":9,"key":"Potion Belt"},{"floor":12,"key":"Happy Flower"},{"floor":14,"key":"Bag of Preparation"},{"floor":24,"key":"Shovel"},{"floor":25,"key":"Enchiridion"},{"floor":26,"key":"Cables"},{"floor":27,"key":"Juzu Bracelet"},{"floor":30,"key":"Singing Bowl"}],"event_choices":[{"damage_healed":0,"gold_gain":0,"player_choice":"Entered Light","damage_taken":15,"max_hp_gain":0,"max_hp_loss":0,"event_name":"Shining Light","floor":2,"gold_loss":0,"cards_upgraded":["Strike_B","Genetic Algorithm"]},{"damage_healed":25,"gold_gain":0,"player_choice":"Banana","damage_taken":0,"max_hp_gain":0,"max_hp_loss":0,"event_name":"Big Fish","floor":11,"gold_loss":0},{"damage_healed":0,"gold_gain":0,"player_choice":"Left Gold","damage_taken":0,"max_hp_gain":0,"max_hp_loss":0,"event_name":"World of Goop","floor":13,"gold_loss":30},{"damage_healed":0,"gold_gain":0,"player_choice":"Obtained Book","damage_taken":16,"max_hp_gain":0,"max_hp_loss":0,"event_name":"Cursed Tome","floor":25,"gold_loss":0},{"damage_healed":0,"gold_gain":0,"player_choice":"Obtained Relic","damage_taken":0,"relics_obtained":["Mummified Hand"],"max_hp_gain":0,"max_hp_loss":0,"event_name":"Addict","floor":29,"gold_loss":85},{"damage_healed":0,"gold_gain":0,"player_choice":"Ignored","damage_taken":0,"max_hp_gain":0,"max_hp_loss":0,"event_name":"Vampires","floor":31,"gold_loss":0}],"is_beta":false,"boss_relics":[{"not_picked":["Eternal Feather","Calling Bell"],"picked":"Sozu"}],"items_purged_floors":[22],"is_endless":false,"potions_floor_spawned":[1,3,14,16,20,24,27],"killed_by":"Automaton","ascension_level":12}