{"gold_per_floor":[112,129,129,141,228,240,280,292,329,358,390,417,442,465,477,593,605,629,656,174,174,99,99,128,146,146,146],"floor_reached":27,"playtime":1067,"items_purged":["Strike_B"],"score":366,"play_id":"8b8969c5-dac2-44e3-88b7-85fc8285e049","local_time":"20190610221723","is_ascension_mode":true,"campfire_choices":[{"data":"Capacitor","floor":6,"key":"SMITH"},{"data":"Buffer","floor":8,"key":"SMITH"},{"floor":15,"key":"REST"},{"floor":23,"key":"REST"}],"neow_cost":"NONE","seed_source_timestamp":392197332529483,"circlet_count":0,"master_deck":["Strike_B","Strike_B","Defend_B","Defend_B","Defend_B","Defend_B+1","Zap+1","Dualcast","Capacitor+1","Cold Snap","Buffer+1","Coolheaded+1","Darkness","Core Surge","Ball Lightning","Coolheaded","Machine Learning","White Noise+1","Static Discharge","Heatsinks","Buffer","Coolheaded+1"],"relics":["Cracked Core","MawBank","Girya","Pen Nib","Fusion Hammer","Strange Spoon","War Paint","Mango","Meat on the Bone"],"potions_floor_usage":[12,27],"damage_taken":[{"damage":6,"enemies":"Small Slimes","floor":1,"turns":4},{"damage":2,"enemies":"2 Louse","floor":2,"turns":2},{"damage":25,"enemies":"Lagavulin","floor":7,"turns":8},{"damage":5,"enemies":"Jaw Worm","floor":10,"turns":4},{"damage":13,"enemies":"Exordium Thugs","floor":11,"turns":6},{"damage":5,"enemies":"Blue Slaver","floor":12,"turns":5},{"damage":0,"enemies":"Looter","floor":13,"turns":4},{"damage":0,"enemies":"Large Slime","floor":14,"turns":3},{"damage":8,"enemies":"The Guardian","floor":16,"turns":11},{"damage":0,"enemies":"Spheric Guardian","floor":18,"turns":4},{"damage":27,"enemies":"3 Byrds","floor":19,"turns":6},{"damage":24,"enemies":"Book of Stabbing","floor":24,"turns":6},{"damage":28,"enemies":"Snake Plant","floor":25,"turns":5},{"damage":20,"enemies":"Gremlin Leader","floor":27,"turns":2}],"seed_played":"-279988200923850867","potions_obtained":[{"floor":1,"key":"Regen Potion"},{"floor":2,"key":"Strength Potion"},{"floor":10,"key":"SpeedPotion"},{"floor":12,"key":"Strength Potion"}],"is_trial":false,"path_per_floor":["M","M","?","?","?","R","E","R","T","M","M","M","M","M","R","B",null,"M","M","$","?","?","R","E","M","T","E"],"character_chosen":"DEFECT","items_purchased":["Strange Spoon","War Paint","Heatsinks"],"campfire_rested":2,"item_purchase_floors":[20,20,20],"current_hp_per_floor":[69,67,60,60,49,49,24,24,24,19,6,15,15,15,39,31,69,69,42,42,26,26,52,42,14,14,0],"gold":146,"neow_bonus":"TEN_PERCENT_HP_BONUS","is_prod":false,"is_daily":false,"chose_seed":false,"campfire_upgraded":2,"win_rate":0,"timestamp":1560219443,"path_taken":["M","M","?","?","?","R","E","R","T","M","M","?","M","M","R","BOSS","M","M","$","?","?","R","E","M","T","E"],"build_version":"2019-01-23","purchased_purges":1,"victory":false,"max_hp_per_floor":[82,82,82,82,82,82,82,82,82,82,82,82,82,82,82,82,82,82,82,82,87,87,87,101,101,101,101],"card_choices":[{"not_picked":["Streamline","Blizzard"],"picked":"Capacitor","floor":1},{"not_picked":["Leap","Steam Power"],"picked":"Cold Snap","floor":2},{"not_picked":["Leap","Rebound"],"picked":"Buffer","floor":7},{"not_picked":["Go for the Eyes","Sweeping Beam"],"picked":"Coolheaded","floor":10},{"not_picked":["Compile Driver","Barrage"],"picked":"Darkness","floor":11},{"not_picked":["Hologram","Sweeping Beam"],"picked":"Core Surge","floor":12},{"not_picked":["Streamline","Double Energy"],"picked":"Ball Lightning","floor":13},{"not_picked":["Turbo","Redo"],"picked":"Coolheaded","floor":14},{"not_picked":["Hyperbeam","Multi-Cast"],"picked":"Machine Learning","floor":16},{"not_picked":["Cold Snap","Aggregate"],"picked":"White Noise+1","floor":18},{"not_picked":["Leap","Steam"],"picked":"Static Discharge","floor":19},{"not_picked":["Beam Cell+1","Rip and Tear"],"picked":"Buffer","floor":24},{"not_picked":["Barrage","Reinforced Body"],"picked":"Coolheaded+1","floor":25}],"player_experience":609652,"relics_obtained":[{"floor":7,"key":"Girya"},{"floor":9,"key":"Pen Nib"},{"floor":24,"key":"Mango"},{"floor":26,"key":"Meat on the Bone"}],"event_choices":[{"damage_healed":0,"gold_gain":0,"player_choice":"Success","damage_taken":7,"relics_obtained":["MawBank"],"max_hp_gain":0,"max_hp_loss":0,"event_name":"Scrap Ooze","floor":3,"gold_loss":0},{"damage_healed":0,"gold_gain":0,"player_choice":"Grow","damage_taken":0,"max_hp_gain":0,"max_hp_loss":0,"event_name":"Living Wall","floor":4,"gold_loss":0,"cards_upgraded":["Zap"]},{"damage_healed":0,"gold_gain":75,"player_choice":"Gather Gold","damage_taken":11,"max_hp_gain":0,"max_hp_loss":0,"event_name":"World of Goop","floor":5,"gold_loss":0},{"damage_healed":0,"gold_gain":0,"player_choice":"Shed Blood","damage_taken":21,"max_hp_gain":5,"max_hp_loss":0,"event_name":"Forgotten Altar","floor":21,"gold_loss":0},{"cards_removed":["Strike_B"],"damage_healed":0,"gold_gain":0,"player_choice":"Gave Gold","damage_taken":0,"max_hp_gain":0,"max_hp_loss":0,"event_name":"Beggar","floor":22,"gold_loss":75}],"is_beta":false,"boss_relics":[{"not_picked":["Coffee Dripper","Inserter"],"picked":"Fusion Hammer"}],"items_purged_floors":[20],"is_endless":false,"potions_floor_spawned":[1,2,10,12,16,19,24],"killed_by":"Gremlin Leader","ascension_level":9}