{"gold_per_floor":[113,131,147,23,23,57,75,75,147,178,178,453,55,68,68,145,145,156,156,56,56,56,56,56,56,56,89,89,89],"floor_reached":29,"playtime":2879,"items_purged":["Regret","Defend_B"],"score":445,"play_id":"a1b67c46-bf6f-400a-a105-6293a48b89d5","local_time":"20190803225612","is_ascension_mode":true,"campfire_choices":[{"floor":8.0,"key":"REST"},{"data":"Loop","floor":11.0,"key":"SMITH"},{"data":"Sunder","floor":15.0,"key":"SMITH"},{"data":"Capacitor","floor":23.0,"key":"SMITH"},{"data":"Ghostly","floor":25.0,"key":"SMITH"}],"neow_cost":"NONE","seed_source_timestamp":49551445146348,"circlet_count":0,"master_deck":["AscendersBane","Defend_B","Defend_B","Defend_B","Zap","Dualcast","Cold Snap","Gash","Conserve Battery","Loop+1","FTL","Ball Lightning","Self Repair","Glacier","Sunder+1","Static Discharge","Capacitor+1","Seek","Chaos+1","Go for the Eyes+1","Leap+1","Stack+1","Shame","Turbo","Ghostly+1","Ghostly","Ghostly","Turbo"],"special_seed":0,"relics":["Sozu","Torii","Cables","Dream Catcher","Orichalcum","Astrolabe","Turnip","Ancient Tea Set","Ice Cream"],"potions_floor_usage":[],"damage_taken":[{"damage":0.0,"enemies":"Small Slimes","floor":1.0,"turns":3.0},{"damage":2.0,"enemies":"2 Louse","floor":2.0,"turns":2.0},{"damage":0.0,"enemies":"Cultist","floor":3.0,"turns":4.0},{"damage":54.0,"enemies":"Gremlin Nob","floor":6.0,"turns":7.0},{"damage":0.0,"enemies":"3 Louse","floor":7.0,"turns":3.0},{"damage":12.0,"enemies":"3 Sentries","floor":10.0,"turns":7.0},{"damage":1.0,"enemies":"Looter","floor":14.0,"turns":2.0},{"damage":4.0,"enemies":"Hexaghost","floor":16.0,"turns":10.0},{"damage":17.0,"enemies":"Spheric Guardian","floor":18.0,"turns":6.0},{"damage":30.0,"enemies":"Book of Stabbing","floor":27.0,"turns":6.0},{"damage":22,"enemies":"Slavers","floor":29,"turns":4}],"seed_played":"-8122706095979549539","potions_obtained":[],"is_trial":false,"path_per_floor":["M","M","M","$","?","E","M","R","T","E","R","?","$","M","R","B",null,"M","?","$","?","?","R","?","R","T","E","$","E"],"character_chosen":"DEFECT","items_purchased":["Loop","FTL","Orichalcum","Sunder","Static Discharge"],"campfire_rested":1,"item_purchase_floors":[4,4,13,13,13],"current_hp_per_floor":[64,62,62,62,55,1,1,22,22,17,17,17,17,16,16,19,58,48,48,48,48,48,48,35,35,35,12,12,0],"gold":89,"neow_bonus":"BOSS_RELIC","is_prod":false,"is_daily":false,"chose_seed":false,"campfire_upgraded":4,"win_rate":0,"timestamp":1564898172,"path_taken":["M","M","M","$","?","E","M","R","T","E","R","?","$","M","R","BOSS","M","?","$","?","?","R","?","R","T","E","?","E"],"build_version":"2019-07-17","purchased_purges":2,"victory":false,"max_hp_per_floor":[71,71,71,71,71,71,71,71,71,71,71,71,71,71,71,71,71,71,71,71,71,71,71,35,35,35,35,35,35],"card_choices":[{"not_picked":["Hologram","Steam"],"picked":"Cold Snap","floor":1.0},{"not_picked":["Steam","Recycle"],"picked":"Gash","floor":2.0},{"not_picked":["Storm","Barrage"],"picked":"Conserve Battery","floor":3.0},{"not_picked":["Stack","Hologram"],"picked":"Ball Lightning","floor":6.0},{"not_picked":["Melter","Conserve Battery"],"picked":"Self Repair","floor":7.0},{"not_picked":["Thunder Strike","Leap"],"picked":"Glacier","floor":10.0},{"not_picked":["Coolheaded","Rebound"],"picked":"Capacitor","floor":14.0},{"not_picked":["Rainbow","All For One"],"picked":"Seek","floor":16.0},{"not_picked":["Rebound","Streamline+1"],"picked":"Stack+1","floor":18.0},{"not_picked":["Stack","Reprogram"],"picked":"Turbo","floor":27.0}],"player_experience":488820,"relics_obtained":[{"floor":6.0,"key":"Torii"},{"floor":9.0,"key":"Cables"},{"floor":10.0,"key":"Dream Catcher"},{"floor":26.0,"key":"Ancient Tea Set"},{"floor":27.0,"key":"Ice Cream"}],"event_choices":[{"cards_removed":["Strike_B"],"damage_healed":0.0,"max_hp_gain":0.0,"max_hp_loss":0.0,"gold_gain":0.0,"event_name":"Golden Wing","player_choice":"Card Removal","floor":5.0,"gold_loss":0.0,"damage_taken":7.0},{"damage_healed":0.0,"max_hp_gain":0.0,"max_hp_loss":0.0,"gold_gain":275.0,"event_name":"Golden Shrine","player_choice":"Desecrate","floor":12.0,"gold_loss":0.0,"damage_taken":0.0,"cards_obtained":["Regret"]},{"damage_healed":0.0,"max_hp_gain":0.0,"max_hp_loss":0.0,"gold_gain":0.0,"event_name":"Vampires","player_choice":"Ignored","floor":19.0,"gold_loss":0.0,"damage_taken":0.0},{"damage_healed":0.0,"max_hp_gain":0.0,"max_hp_loss":0.0,"gold_gain":0.0,"event_name":"Addict","player_choice":"Stole Relic","floor":21.0,"gold_loss":0.0,"damage_taken":0.0,"relics_obtained":["Turnip"],"cards_obtained":["Shame"]},{"damage_healed":0.0,"max_hp_gain":0.0,"max_hp_loss":0.0,"gold_gain":0.0,"event_name":"The Library","player_choice":"Read","floor":22.0,"gold_loss":0.0,"damage_taken":0.0,"cards_obtained":["Turbo"]},{"damage_healed":0.0,"max_hp_gain":0.0,"max_hp_loss":36.0,"gold_gain":0.0,"event_name":"Ghosts","player_choice":"Became a Ghost","floor":24.0,"gold_loss":0.0,"damage_taken":0.0,"cards_obtained":["Ghostly","Ghostly","Ghostly"]}],"is_beta":false,"boss_relics":[{"not_picked":["Coffee Dripper","White Beast Statue"],"picked":"Astrolabe"}],"items_purged_floors":[13,20],"is_endless":false,"potions_floor_spawned":[2,6,16,18],"killed_by":"Slavers","ascension_level":16}