{"gold_per_floor":[119,44,63,63,82,82,107,107,132,151,164,64,78,108,108,108],"floor_reached":16,"playtime":1124,"items_purged":["Strike_B","Defend_B"],"score":102,"play_id":"f0aa9bd7-e10e-4a92-8548-5281abb622a2","local_time":"20190716152841","is_ascension_mode":false,"campfire_choices":[{"data":"Dualcast","floor":6,"key":"SMITH"},{"floor":8,"key":"REST"},{"data":"Coolheaded","floor":15,"key":"SMITH"}],"neow_cost":"NONE","seed_source_timestamp":666035436261604,"circlet_count":0,"master_deck":["Strike_B","Strike_B","Strike_B","Defend_B+1","Defend_B+1","Defend_B","Zap","Dualcast+1","Coolheaded+1","Self Repair","Steam","Reprogram","BootSequence"],"relics":["Cracked Core","War Paint","Vajra","Tiny Chest"],"potions_floor_usage":[],"damage_taken":[{"damage":5,"enemies":"Small Slimes","floor":1,"turns":4},{"damage":0,"enemies":"2 Louse","floor":3,"turns":4},{"damage":5,"enemies":"Cultist","floor":5,"turns":5},{"damage":36,"enemies":"3 Sentries","floor":7,"turns":19},{"damage":5,"enemies":"Blue Slaver","floor":10,"turns":4},{"damage":8,"enemies":"2 Fungi Beasts","floor":11,"turns":4},{"damage":2,"enemies":"Looter","floor":13,"turns":3},{"damage":87,"enemies":"Hexaghost","floor":16,"turns":15}],"seed_played":"5605927179940659612","potions_obtained":[{"floor":5,"key":"Swift Potion"},{"floor":7,"key":"FearPotion"},{"floor":10,"key":"FairyPotion"},{"floor":13,"key":"Swift Potion"}],"is_trial":false,"path_per_floor":["M","$","M","?","M","R","E","R","T","M","M","$","M","?","R","B"],"character_chosen":"DEFECT","items_purchased":[],"campfire_rested":1,"item_purchase_floors":[],"current_hp_per_floor":[77,77,77,82,84,84,55,81,81,83,82,82,87,75,75,0],"gold":108,"neow_bonus":"TEN_PERCENT_HP_BONUS","is_prod":false,"is_daily":false,"chose_seed":false,"campfire_upgraded":2,"win_rate":0.0,"timestamp":1563316121,"path_taken":["M","$","M","?","M","R","E","R","T","M","M","$","M","?","R","BOSS"],"build_version":"2019-07-05","purchased_purges":2,"victory":false,"max_hp_per_floor":[82,82,82,87,87,87,87,87,87,87,87,87,87,87,87,87],"card_choices":[{"not_picked":["Rip and Tear","Double Energy"],"picked":"Coolheaded","floor":1},{"not_picked":["Barrage","Steam"],"picked":"Self Repair","floor":3},{"not_picked":["Streamline","Rebound","Stack"],"picked":"SKIP","floor":5},{"not_picked":["Rainbow","Steam Power"],"picked":"Steam","floor":7},{"not_picked":["Streamline","Gash"],"picked":"Reprogram","floor":10},{"not_picked":["Compile Driver","Gash","Leap"],"picked":"SKIP","floor":11},{"not_picked":["Leap","Undo"],"picked":"BootSequence","floor":13}],"player_experience":131057,"relics_obtained":[{"floor":7,"key":"War Paint"},{"floor":9,"key":"Vajra"}],"event_choices":[{"damage_healed":0,"gold_gain":0,"player_choice":"Donut","damage_taken":0,"max_hp_gain":5,"max_hp_loss":0,"event_name":"Big Fish","floor":4,"gold_loss":0},{"damage_healed":0,"gold_gain":0,"player_choice":"Success","damage_taken":12,"relics_obtained":["Tiny Chest"],"max_hp_gain":0,"max_hp_loss":0,"event_name":"Scrap Ooze","floor":14,"gold_loss":0}],"is_beta":false,"boss_relics":[],"items_purged_floors":[2,12],"is_endless":false,"potions_floor_spawned":[5,7,10,13],"killed_by":"Hexaghost","ascension_level":0}