{"gold_per_floor":[10,28,41,57,57,57,92,109,109,34,61,43,55,67,79,193,205,236,248,160,160,131,131],"floor_reached":23,"playtime":1512,"items_purged":["Strike_R","Strike_R"],"score":199,"play_id":"d678d37c-2716-49b1-b3a0-aff3cb3c3f17","local_time":"20181211133001","is_ascension_mode":false,"campfire_choices":[{"data":"Armaments","floor":6,"key":"SMITH"},{"floor":15,"key":"REST"}],"neow_cost":"NO_GOLD","seed_source_timestamp":1533428038848769,"circlet_count":0,"master_deck":["Strike_R+1","Defend_R","Defend_R","Defend_R","Defend_R","Bash+1","Headbutt","Bloodletting","Headbutt","Armaments+1","Rampage","Iron Wave","Reaper","Metallicize","Shrug It Off"],"relics":["Burning Blood","Omamori","Dodecahedron","MawBank","Black Star"],"potions_floor_usage":[7,8,11,11,22],"damage_taken":[{"damage":8,"enemies":"2 Louse","floor":1,"turns":3},{"damage":1,"enemies":"Cultist","floor":2,"turns":3},{"damage":11,"enemies":"Jaw Worm","floor":3,"turns":4},{"damage":1,"enemies":"2 Fungi Beasts","floor":4,"turns":4},{"damage":19,"enemies":"Gremlin Nob","floor":7,"turns":4},{"damage":20,"enemies":"Exordium Thugs","floor":8,"turns":5},{"damage":23,"enemies":"Lagavulin","floor":11,"turns":7},{"damage":0,"enemies":"Looter","floor":12,"turns":4},{"damage":29,"enemies":"Hexaghost","floor":16,"turns":10},{"damage":25,"enemies":"Shell Parasite","floor":18,"turns":5},{"damage":17,"enemies":"2 Thieves","floor":22,"turns":5},{"damage":43,"enemies":"Book of Stabbing","floor":23,"turns":6}],"seed_played":"4066900450690343185","potions_obtained":[{"floor":1,"key":"Weak Potion"},{"floor":4,"key":"Strength Potion"},{"floor":5,"key":"SneckoOil"},{"floor":5,"key":"Weak Potion"},{"floor":7,"key":"SteroidPotion"},{"floor":11,"key":"Ancient Potion"},{"floor":18,"key":"Poison Potion"}],"is_trial":false,"path_per_floor":["M","M","M","M","?","R","E","M","T","$","E","M","?","?","R","B",null,"M","?","$","?","M","E"],"character_chosen":"IRONCLAD","items_purchased":[],"campfire_rested":1,"item_purchase_floors":[],"current_hp_per_floor":[78,80,75,80,80,80,67,53,53,53,36,42,26,26,50,27,80,65,65,65,49,43,0],"gold":131,"neow_bonus":"REMOVE_TWO","is_prod":false,"is_daily":false,"chose_seed":false,"campfire_upgraded":1,"win_rate":0,"timestamp":1544513401,"path_taken":["M","M","M","M","?","R","E","?","T","$","E","M","?","?","R","BOSS","M","?","$","?","M","E"],"build_version":"2018-12-06","purchased_purges":2,"victory":false,"max_hp_per_floor":[80,80,80,80,80,80,80,80,80,80,80,80,80,80,80,80,80,80,80,80,80,80,80],"card_choices":[{"not_picked":["Uppercut","Seeing Red"],"picked":"Headbutt","floor":1},{"not_picked":["Burning Pact","Disarm"],"picked":"Bloodletting","floor":2},{"not_picked":["Anger","Warcry"],"picked":"Headbutt","floor":3},{"not_picked":["Limit Break","Reckless Charge"],"picked":"Armaments","floor":4},{"not_picked":["Sentinel","Armaments","Uppercut"],"picked":"SKIP","floor":7},{"not_picked":["Shrug It Off","Warcry"],"picked":"Rampage","floor":8},{"not_picked":["Whirlwind","Cleave"],"picked":"Iron Wave","floor":11},{"not_picked":["Cleave","Sword Boomerang","Perfected Strike"],"picked":"SKIP","floor":12},{"not_picked":["Bludgeon","Berserk"],"picked":"Reaper","floor":16},{"not_picked":["Headbutt","Iron Wave"],"picked":"Metallicize","floor":18},{"not_picked":["Havoc","Rupture","Body Slam"],"picked":"SKIP","floor":22}],"player_experience":214514,"relics_obtained":[{"floor":7,"key":"Omamori"},{"floor":9,"key":"Dodecahedron"},{"floor":11,"key":"MawBank"}],"event_choices":[{"damage_healed":0,"gold_gain":0,"player_choice":"Got Potions","damage_taken":0,"max_hp_gain":0,"max_hp_loss":0,"event_name":"Lab","floor":5,"gold_loss":0},{"damage_healed":0,"gold_gain":0,"player_choice":"Entered Light","damage_taken":16,"max_hp_gain":0,"max_hp_loss":0,"event_name":"Shining Light","floor":13,"gold_loss":0,"cards_upgraded":["Strike_R","Bash"]},{"damage_healed":0,"gold_gain":0,"player_choice":"Ignored","damage_taken":0,"max_hp_gain":0,"max_hp_loss":0,"event_name":"NoteForYourself","floor":14,"gold_loss":0},{"damage_healed":0,"gold_gain":0,"player_choice":"Read","damage_taken":0,"max_hp_gain":0,"max_hp_loss":0,"event_name":"The Library","floor":19,"gold_loss":0,"cards_obtained":["Shrug It Off"]},{"damage_healed":0,"gold_gain":0,"player_choice":"Obtained Book","damage_taken":16,"max_hp_gain":0,"max_hp_loss":0,"event_name":"Cursed Tome","floor":21,"gold_loss":0}],"is_beta":false,"boss_relics":[{"not_picked":["Fusion Hammer","Runic Dome"],"picked":"Black Star"}],"items_purged_floors":[10,20],"is_endless":false,"potions_floor_spawned":[1,4,7,11,18],"killed_by":"Book of Stabbing","ascension_level":0}