{"gold_per_floor":[114,132,145,145,145,177,177,191,216,249,266,61,93,107,107,209,209,220,220,220,84,9,9,41,41,94,123,134,163,163,262,262,358,358,369,369,385,40,52,79,79,106,106,118,0,12,124,153,165,177],"floor_reached":51,"playtime":3484,"items_purged":["Strike_B","Strike_B"],"score":892,"play_id":"6c38b84f-134b-4d82-ab09-f64ff34fa74c","local_time":"20190725150040","is_ascension_mode":true,"campfire_choices":[{"data":"Zap","floor":7.0,"key":"SMITH"},{"data":"Undo","floor":15.0,"key":"SMITH"},{"data":"Darkness","floor":23.0,"key":"SMITH"},{"data":"Fission","floor":25.0,"key":"SMITH"},{"floor":30.0,"key":"REST"},{"floor":32.0,"key":"REST"},{"data":"Redo","floor":41,"key":"SMITH"},{"floor":44,"key":"REST"},{"data":"Glacier","floor":49,"key":"SMITH"}],"neow_cost":"NONE","seed_source_timestamp":9950070350896584,"circlet_count":0,"master_deck":["Strike_B","Defend_B","Defend_B","Defend_B","Defend_B","Zap+1","Dualcast+1","Darkness+1","Rebound","Coolheaded+1","Chill+1","Undo+1","Gash","Fission+1","Glacier+1","Undo","Expertise+1","Redo+1","Creative AI","True Grit+1","Leap","Defragment+1"],"special_seed":0,"relics":["Cracked Core","Omamori","PreservedInsect","Pen Nib","Oddly Smooth Stone","Pantograph","Membership Card","WingedGreaves","Black Star","PrismaticShard","War Paint","Vajra","Bag of Preparation","Letter Opener","Boot","Blue Candle","Kunai","Busted Crown","Meat on the Bone","Art of War","HandDrill","Anchor","The Courier","Juzu Bracelet","Ornamental Fan","MawBank","Red Mask","Nunchaku"],"potions_floor_usage":[40,50],"damage_taken":[{"damage":0.0,"enemies":"Small Slimes","floor":1.0,"turns":2.0},{"damage":1.0,"enemies":"Jaw Worm","floor":2.0,"turns":4.0},{"damage":1.0,"enemies":"Cultist","floor":3.0,"turns":3.0},{"damage":15.0,"enemies":"3 Sentries","floor":6.0,"turns":6.0},{"damage":7.0,"enemies":"Red Slaver","floor":8.0,"turns":3.0},{"damage":12.0,"enemies":"Gremlin Nob","floor":10.0,"turns":3.0},{"damage":8.0,"enemies":"Exordium Thugs","floor":11.0,"turns":4.0},{"damage":4.0,"enemies":"Lagavulin","floor":13.0,"turns":6.0},{"damage":0.0,"enemies":"Large Slime","floor":14.0,"turns":4.0},{"damage":26.0,"enemies":"Hexaghost","floor":16.0,"turns":13.0},{"damage":0.0,"enemies":"Chosen","floor":18.0,"turns":6.0},{"damage":0.0,"enemies":"2 Thieves","floor":22.0,"turns":5.0},{"damage":0.0,"enemies":"Gremlin Leader","floor":24.0,"turns":6.0},{"damage":10.0,"enemies":"Book of Stabbing","floor":27.0,"turns":4.0},{"damage":2.0,"enemies":"3 Cultists","floor":28.0,"turns":7.0},{"damage":49.0,"enemies":"Gremlin Leader","floor":29.0,"turns":11.0},{"damage":55.0,"enemies":"Champ","floor":33.0,"turns":15.0},{"damage":0,"enemies":"3 Shapes","floor":35,"turns":7},{"damage":21,"enemies":"3 Darklings","floor":37,"turns":7},{"damage":26,"enemies":"Maw","floor":39,"turns":11},{"damage":19,"enemies":"Giant Head","floor":40,"turns":14},{"damage":25,"enemies":"Reptomancer","floor":42,"turns":10},{"damage":4,"enemies":"Mind Bloom Boss Battle","floor":47,"turns":9},{"damage":0,"enemies":"Spire Growth","floor":48,"turns":7},{"damage":4,"enemies":"Awakened One","floor":50,"turns":21}],"seed_played":"4558058889869869865","potions_obtained":[{"floor":1.0,"key":"Ancient Potion"},{"floor":3.0,"key":"Regen Potion"},{"floor":6.0,"key":"GamblersBrew"},{"floor":8.0,"key":"EntropicBrew"},{"floor":11.0,"key":"Strength Potion"},{"floor":20.0,"key":"PowerPotion"},{"floor":27.0,"key":"Energy Potion"},{"floor":37,"key":"Regen Potion"},{"floor":40,"key":"SkillPotion"}],"is_trial":false,"path_per_floor":["M","M","M","?","?","E","R","M","T","E","M","$","E","M","R","B",null,"M","?","?","$","M","R","E","R","T","E","M","E","R","?","R","B",null,"M","?","M","$","M","E","R","E","T","R","?","?","?","M","R","B",null],"character_chosen":"DEFECT","items_purchased":["Membership Card","PrismaticShard","Meat on the Bone","Art of War","HandDrill"],"campfire_rested":3,"item_purchase_floors":[12,21,38,38,38],"current_hp_per_floor":[75,74,73,73,73,58,58,51,51,48,40,40,36,36,36,35,75,75,75,75,75,75,75,75,75,75,65,63,14,36,36,58,20,75,75,75,54,54,40,33,33,20,20,42,42,75,71,71,71,71],"gold":189,"neow_bonus":"RANDOM_COMMON_RELIC","is_prod":false,"is_daily":false,"chose_seed":false,"campfire_upgraded":6,"win_rate":0,"timestamp":1564045240,"path_taken":["M","M","M","?","?","E","R","M","T","E","?","?","E","M","R","BOSS","M","?","?","$","M","R","E","R","T","E","?","E","R","?","R","BOSS","M","?","M","$","M","E","R","E","T","R","?","?","?","M","R","BOSS"],"build_version":"2019-07-17","purchased_purges":2,"victory":true,"max_hp_per_floor":[75,75,75,75,75,75,75,75,75,75,75,75,75,75,75,75,75,75,75,75,75,75,75,75,75,75,75,75,75,75,75,75,75,75,75,75,75,75,75,75,75,75,75,75,75,75,75,75,75,75],"card_choices":[{"not_picked":["Heatsinks","Redo"],"picked":"Darkness","floor":1.0},{"not_picked":["Blizzard","Stack"],"picked":"Rebound","floor":2.0},{"not_picked":["Streamline","Leap"],"picked":"Coolheaded","floor":3.0},{"not_picked":["Defragment","Conserve Battery"],"picked":"Chill","floor":6.0},{"not_picked":["Steam","Consume","Reprogram"],"picked":"SKIP","floor":8.0},{"not_picked":["Streamline","Skim","Barrage"],"picked":"SKIP","floor":10.0},{"not_picked":["Leap","Machine Learning"],"picked":"Undo","floor":11.0},{"not_picked":["Leap","BootSequence"],"picked":"Gash","floor":13.0},{"not_picked":["Turbo","Storm","Ball Lightning"],"picked":"SKIP","floor":14.0},{"not_picked":["Buffer","Reboot"],"picked":"Fission","floor":16.0},{"not_picked":["Aggregate","Streamline"],"picked":"Glacier","floor":18.0},{"not_picked":["Dodge and Roll+1","Warcry+1","Clothesline"],"picked":"SKIP","floor":22.0},{"not_picked":["Stack+1","Masterful Stab+1"],"picked":"Undo","floor":24.0},{"not_picked":["Noxious Fumes","Static Discharge+1"],"picked":"Expertise+1","floor":27.0},{"not_picked":["Body Slam+1","Expertise","Headbutt"],"picked":"SKIP","floor":28.0},{"not_picked":["Ball Lightning","Capacitor"],"picked":"Redo","floor":29.0},{"not_picked":["Core Surge","Secret Technique"],"picked":"Creative AI","floor":33.0},{"not_picked":[],"picked":"True Grit+1","floor":35},{"not_picked":["Streamline+1"],"picked":"SKIP","floor":37},{"not_picked":["Dropkick+1"],"picked":"SKIP","floor":39},{"not_picked":["Stack+1"],"picked":"SKIP","floor":40},{"not_picked":[],"picked":"Defragment+1","floor":42},{"not_picked":["Heel Hook"],"picked":"SKIP","floor":48}],"player_experience":1590121,"relics_obtained":[{"floor":6.0,"key":"Pen Nib"},{"floor":9.0,"key":"Oddly Smooth Stone"},{"floor":10.0,"key":"Pantograph"},{"floor":13.0,"key":"WingedGreaves"},{"floor":24.0,"key":"War Paint"},{"floor":24.0,"key":"Vajra"},{"floor":26.0,"key":"Bag of Preparation"},{"floor":27.0,"key":"Letter Opener"},{"floor":27.0,"key":"Boot"},{"floor":29.0,"key":"Blue Candle"},{"floor":29.0,"key":"Kunai"},{"floor":40,"key":"Anchor"},{"floor":40,"key":"The Courier"},{"floor":42,"key":"Juzu Bracelet"},{"floor":42,"key":"Ornamental Fan"},{"floor":43,"key":"MawBank"},{"floor":47,"key":"Nunchaku"}],"event_choices":[{"damage_healed":0.0,"max_hp_gain":0.0,"max_hp_loss":0.0,"gold_gain":0.0,"event_name":"Living Wall","player_choice":"Grow","floor":4.0,"gold_loss":0.0,"damage_taken":0.0,"cards_upgraded":["Coolheaded"]},{"damage_healed":0.0,"max_hp_gain":0.0,"max_hp_loss":0.0,"gold_gain":0.0,"event_name":"WeMeetAgain","player_choice":"Gave Potion","floor":5.0,"gold_loss":0.0,"damage_taken":0.0,"relics_obtained":["PreservedInsect"]},{"damage_healed":0.0,"max_hp_gain":0.0,"max_hp_loss":0.0,"gold_gain":0.0,"event_name":"Ghosts","player_choice":"Ignored","floor":19.0,"gold_loss":0.0,"damage_taken":0.0},{"damage_healed":0.0,"max_hp_gain":0.0,"max_hp_loss":0.0,"gold_gain":0.0,"event_name":"Lab","player_choice":"Got Potions","floor":20.0,"gold_loss":0.0,"damage_taken":0.0},{"damage_healed":0.0,"max_hp_gain":0.0,"max_hp_loss":0.0,"gold_gain":99.0,"event_name":"Nest","player_choice":"Stole From Cult","floor":31.0,"gold_loss":0.0,"damage_taken":0.0},{"damage_healed":0,"gold_gain":0,"cards_transformed":["Strike_B"],"player_choice":"Transformed","damage_taken":0,"max_hp_gain":0,"max_hp_loss":0,"event_name":"Transmorgrifier","floor":36,"gold_loss":0,"cards_obtained":["Leap"]},{"damage_healed":0,"gold_gain":0,"player_choice":"Paid","damage_taken":0,"relics_obtained":["Red Mask"],"max_hp_gain":0,"max_hp_loss":0,"event_name":"Tomb of Lord Red Mask","floor":45,"gold_loss":130},{"damage_healed":33,"gold_gain":0,"player_choice":"Full Heal","damage_taken":0,"max_hp_gain":0,"max_hp_loss":0,"event_name":"Wheel of Change","floor":46,"gold_loss":0},{"damage_healed":0,"gold_gain":0,"player_choice":"Fight","damage_taken":0,"max_hp_gain":0,"max_hp_loss":0,"event_name":"MindBloom","floor":47,"gold_loss":0}],"is_beta":false,"boss_relics":[{"not_picked":["Orrery","Ectoplasm"],"picked":"Black Star"},{"not_picked":["Runic Dome","Coffee Dripper"],"picked":"Busted Crown"}],"items_purged_floors":[21,38],"is_endless":false,"potions_floor_spawned":[1,3,6,8,11,16,18,27,28,33,37,39,40,48],"ascension_level":1}