{"gold_per_floor":[119,133,152,152,152,152,152,1,27,52,64,99,109,119,119,119],"floor_reached":16,"playtime":578,"items_purged":[],"score":179,"play_id":"f8a161ff-9050-4cd3-84ff-bf29d343927a","local_time":"20190706085409","is_ascension_mode":true,"campfire_choices":[{"data":"Bash","floor":6,"key":"SMITH"},{"data":"Clothesline","floor":15,"key":"SMITH"}],"neow_cost":"NONE","seed_source_timestamp":354745839189687,"circlet_count":0,"master_deck":["AscendersBane","Strike_R","Strike_R","Strike_R","Strike_R","Strike_R","Defend_R+1","Defend_R","Defend_R+1","Defend_R+1","Bash+1","Perfected Strike","Shockwave+1","Reaper","Inflame","Carnage","Brutality","Clothesline+1"],"relics":["Burning Blood","Bag of Marbles","War Paint","The Courier","Oddly Smooth Stone"],"potions_floor_usage":[14,16],"damage_taken":[{"damage":10,"enemies":"2 Louse","floor":1,"turns":3},{"damage":0,"enemies":"Small Slimes","floor":2,"turns":3},{"damage":7,"enemies":"Jaw Worm","floor":3,"turns":2},{"damage":27,"enemies":"Lagavulin","floor":10,"turns":5},{"damage":13,"enemies":"Looter","floor":11,"turns":4},{"damage":20,"enemies":"3 Sentries","floor":12,"turns":7},{"damage":3,"enemies":"Large Slime","floor":13,"turns":6},{"damage":36,"enemies":"Gremlin Gang","floor":14,"turns":5},{"damage":68,"enemies":"Hexaghost","floor":16,"turns":12}],"seed_played":"-8655187636679216564","potions_obtained":[{"floor":3,"key":"Block Potion"},{"floor":12,"key":"SpeedPotion"},{"floor":13,"key":"BloodPotion"}],"is_trial":false,"path_per_floor":["M","M","M","?","?","R","?","$","T","E","M","E","M","M","R","B"],"character_chosen":"IRONCLAD","items_purchased":["Reaper","Inflame"],"campfire_rested":0,"item_purchase_floors":[8,8],"current_hp_per_floor":[76,82,81,86,67,67,49,49,49,28,30,34,49,37,37,1],"gold":119,"neow_bonus":"TEN_PERCENT_HP_BONUS","is_prod":false,"is_daily":false,"chose_seed":false,"campfire_upgraded":2,"win_rate":0,"timestamp":1562417649,"path_taken":["M","M","M","?","?","R","?","$","T","E","M","E","M","M","R","BOSS"],"build_version":"2019-07-05","purchased_purges":0,"victory":false,"max_hp_per_floor":[88,88,88,93,93,93,93,93,93,93,93,93,93,93,93,93],"card_choices":[{"not_picked":["Sword Boomerang","Clash"],"picked":"Perfected Strike","floor":1},{"not_picked":["Twin Strike","Rupture","Sword Boomerang"],"picked":"SKIP","floor":2},{"not_picked":["Pommel Strike","Anger"],"picked":"Shockwave","floor":3},{"not_picked":["Entrench","Heavy Blade","Body Slam"],"picked":"SKIP","floor":10},{"not_picked":["Pommel Strike","Searing Blow"],"picked":"Carnage","floor":11},{"not_picked":["Hemokinesis","Flex"],"picked":"Brutality","floor":12},{"not_picked":["Wild Strike","Clash","Whirlwind"],"picked":"SKIP","floor":13},{"not_picked":["Havoc","Cleave"],"picked":"Clothesline","floor":14}],"player_experience":658022,"relics_obtained":[{"floor":9,"key":"War Paint"},{"floor":10,"key":"The Courier"},{"floor":12,"key":"Oddly Smooth Stone"}],"event_choices":[{"damage_healed":0,"gold_gain":0,"player_choice":"Donut","damage_taken":0,"max_hp_gain":5,"max_hp_loss":0,"event_name":"Big Fish","floor":4,"gold_loss":0},{"damage_healed":0,"gold_gain":0,"player_choice":"Entered Light","damage_taken":19,"max_hp_gain":0,"max_hp_loss":0,"event_name":"Shining Light","floor":5,"gold_loss":0,"cards_upgraded":["Shockwave","Defend_R"]},{"damage_healed":0,"gold_gain":0,"player_choice":"Success","damage_taken":18,"relics_obtained":["Bag of Marbles"],"max_hp_gain":0,"max_hp_loss":0,"event_name":"Scrap Ooze","floor":7,"gold_loss":0}],"is_beta":false,"boss_relics":[],"items_purged_floors":[],"is_endless":false,"potions_floor_spawned":[3,12,13],"killed_by":"Hexaghost","ascension_level":12}