{"gold_per_floor":[119,138,157,42,53,80,90,101,101,101,51,51,85,97],"floor_reached":14,"playtime":680,"items_purged":["Injury"],"score":102,"play_id":"910bd498-dbb6-4f1c-a34c-4eb7a46559cb","local_time":"20190608202714","is_ascension_mode":false,"campfire_choices":[{"data":"Defragment","floor":10,"key":"SMITH"},{"data":"Zap","floor":12,"key":"SMITH"}],"neow_cost":"CURSE","seed_source_timestamp":117312911293719,"circlet_count":0,"master_deck":["Strike_B","Strike_B","Strike_B","Defend_B","Defend_B","Defend_B","Defend_B","Zap+1","Dualcast","Echo Form","Defragment+1","Cold Snap","Compile Driver","Auto Shields","Barrage","Rebound","Loop","Genetic Algorithm","Consume"],"relics":["Cracked Core","Question Card","Pantograph","MawBank"],"potions_floor_usage":[6,7],"damage_taken":[{"damage":0,"enemies":"Cultist","floor":1,"turns":4},{"damage":2,"enemies":"Small Slimes","floor":2,"turns":3},{"damage":3,"enemies":"Jaw Worm","floor":3,"turns":3},{"damage":25,"enemies":"Exordium Thugs","floor":5,"turns":4},{"damage":18,"enemies":"3 Sentries","floor":6,"turns":6},{"damage":6,"enemies":"Large Slime","floor":7,"turns":4},{"damage":0,"enemies":"3 Louse","floor":8,"turns":2},{"damage":14,"enemies":"Lagavulin","floor":13,"turns":5},{"damage":9,"enemies":"Red Slaver","floor":14,"turns":3}],"seed_played":"5537167783498562675","potions_obtained":[{"floor":1,"key":"Fire Potion"},{"floor":5,"key":"Strength Potion"},{"floor":6,"key":"SkillPotion"}],"is_trial":false,"path_per_floor":["M","M","M","$","M","E","M","M","T","R","?","R","E","M"],"character_chosen":"DEFECT","items_purchased":["Auto Shields"],"campfire_rested":0,"item_purchase_floors":[4],"current_hp_per_floor":[75,73,70,70,45,27,21,21,21,21,21,21,7,0],"gold":97,"neow_bonus":"THREE_RARE_CARDS","is_prod":false,"is_daily":false,"chose_seed":false,"campfire_upgraded":2,"win_rate":0,"timestamp":1560043634,"path_taken":["M","?","M","$","M","E","M","M","T","R","?","R","E","M"],"build_version":"2019-01-23","purchased_purges":1,"victory":false,"max_hp_per_floor":[75,75,75,75,75,75,75,75,75,75,75,75,75,75],"card_choices":[{"not_picked":["Multi-Cast","Core Surge"],"picked":"Echo Form","floor":0},{"not_picked":["Streamline","Barrage"],"picked":"Defragment","floor":1},{"not_picked":["Go for the Eyes","Defragment"],"picked":"Cold Snap","floor":2},{"not_picked":["Coolheaded","Turbo"],"picked":"Compile Driver","floor":3},{"not_picked":["Steam","Hologram"],"picked":"Barrage","floor":5},{"not_picked":["Gash","Go for the Eyes"],"picked":"Rebound","floor":6},{"not_picked":["Conserve Battery","Compile Driver","Sweeping Beam"],"picked":"Loop","floor":7},{"not_picked":["Conserve Battery","Rebound","Capacitor"],"picked":"Genetic Algorithm","floor":8},{"not_picked":["Beam Cell","Streamline","Meteor Strike"],"picked":"Consume","floor":13}],"player_experience":146012,"relics_obtained":[{"floor":6,"key":"Question Card"},{"floor":9,"key":"Pantograph"},{"floor":13,"key":"MawBank"}],"event_choices":[{"cards_removed":["Strike_B"],"damage_healed":0,"gold_gain":0,"player_choice":"Card Removal","damage_taken":0,"max_hp_gain":0,"max_hp_loss":0,"event_name":"The Cleric","floor":11,"gold_loss":50}],"is_beta":false,"boss_relics":[],"items_purged_floors":[4],"is_endless":false,"potions_floor_spawned":[1,5,6],"killed_by":"Red Slaver","ascension_level":0}