{"gold_per_floor":[114,127,127,127,137,168,19,19,72,72,85,115,115,127,127,232,232,244,244,93,59,59,59,77,77,77,95,108,108,120,35,35,136,136,149,149,159,16,16,16,85,85],"floor_reached":42,"playtime":1992,"items_purged":["Strike_R","Defend_R"],"score":426,"play_id":"52842b6e-4384-4d68-8884-62b0b017ad89","local_time":"20190106234820","is_ascension_mode":true,"campfire_choices":[{"data":"Armaments","floor":8,"key":"SMITH"},{"data":"Metallicize","floor":10,"key":"SMITH"},{"floor":15,"key":"REST"},{"data":"Armaments","floor":23,"key":"SMITH"},{"data":"Cleave","floor":25,"key":"SMITH"},{"data":"Dark Embrace","floor":29,"key":"SMITH"},{"floor":32,"key":"REST"},{"floor":40,"key":"REST"}],"neow_cost":"NONE","seed_source_timestamp":1345228841463297,"circlet_count":0,"master_deck":["Bash","Armaments+1","Sentinel","Armaments+1","Iron Wave","Metallicize+1","Cleave+1","Seeing Red","Body Slam","True Grit","Dark Embrace+1","Shrug It Off","Body Slam+1","Ghostly Armor","Body Slam","Entrench","Shrug It Off","Offering","Disarm","Pummel","Clash","Thunderclap","Bloodletting","Twin Strike","Entrench+1","Secret Weapon","Chrysalis","Cleave+1","Feel No Pain","Impervious"],"relics":["Burning Blood","NeowsBlessing","Lantern","Red Skull","Dream Catcher","Pen Nib","Velvet Choker","MutagenicStrength","Bottled Flame","Darkstone Periapt","Pandora\u0027s Box","Gremlin Horn"],"potions_floor_usage":[6,12,16,24,33,33,33],"damage_taken":[{"damage":0,"enemies":"2 Louse","floor":1,"turns":1},{"damage":0,"enemies":"Small Slimes","floor":2,"turns":1},{"damage":0,"enemies":"Cultist","floor":5,"turns":1},{"damage":31,"enemies":"Gremlin Nob","floor":6,"turns":5},{"damage":4,"enemies":"Large Slime","floor":11,"turns":11},{"damage":26,"enemies":"Lagavulin","floor":12,"turns":10},{"damage":12,"enemies":"Blue Slaver","floor":14,"turns":3},{"damage":34,"enemies":"The Guardian","floor":16,"turns":13},{"damage":27,"enemies":"3 Byrds","floor":18,"turns":8},{"damage":8,"enemies":"2 Thieves","floor":21,"turns":5},{"damage":3,"enemies":"Snecko","floor":24,"turns":5},{"damage":15,"enemies":"Shelled Parasite and Fungi","floor":27,"turns":7},{"damage":3,"enemies":"3 Cultists","floor":28,"turns":7},{"damage":13,"enemies":"Snecko","floor":30,"turns":5},{"damage":62,"enemies":"Collector","floor":33,"turns":17},{"damage":9,"enemies":"3 Darklings","floor":35,"turns":5},{"damage":30,"enemies":"3 Shapes","floor":37,"turns":8},{"damage":72,"enemies":"Giant Head","floor":42,"turns":9}],"seed_played":"4957146691912311090","potions_obtained":[{"floor":2,"key":"Regen Potion"},{"floor":5,"key":"Swift Potion"},{"floor":12,"key":"LiquidBronze"},{"floor":14,"key":"AttackPotion"},{"floor":18,"key":"SpeedPotion"},{"floor":21,"key":"Energy Potion"},{"floor":27,"key":"Swift Potion"},{"floor":33,"key":"Dexterity Potion"}],"is_trial":false,"path_per_floor":["M","M","?","?","M","E","$","R","T","R","M","E","?","M","R","B",null,"M","?","$","M","$","R","M","R","T","M","M","R","M","?","R","B",null,"M","?","M","$","?","R","T","E"],"character_chosen":"IRONCLAD","items_purchased":["Metallicize","Shrug It Off","Feel No Pain","Impervious"],"campfire_rested":3,"item_purchase_floors":[7,20,38,38],"current_hp_per_floor":[80,80,80,72,78,53,53,53,53,53,55,50,43,37,61,33,80,59,59,59,57,57,57,60,60,60,51,54,54,47,47,71,15,80,77,72,48,48,48,72,72,0],"gold":85,"neow_bonus":"THREE_ENEMY_KILL","is_prod":false,"is_daily":false,"chose_seed":false,"campfire_upgraded":5,"win_rate":0,"timestamp":1546836500,"path_taken":["M","M","?","?","?","E","$","R","T","R","M","E","?","M","R","BOSS","M","?","$","M","$","R","M","R","T","M","M","R","M","?","R","BOSS","M","?","M","$","?","R","?","E"],"build_version":"2019-01-03v4","purchased_purges":2,"victory":false,"max_hp_per_floor":[80,80,80,80,80,80,80,80,80,80,80,80,80,80,80,80,80,80,80,80,80,80,80,80,80,80,80,80,80,80,80,80,80,80,80,80,80,80,80,80,80,80],"card_choices":[{"not_picked":["Body Slam","Clash"],"picked":"Armaments","floor":1},{"not_picked":["Clothesline","Whirlwind"],"picked":"Sentinel","floor":2},{"not_picked":["Heavy Blade","True Grit"],"picked":"Armaments","floor":5},{"not_picked":["Dropkick","True Grit"],"picked":"Iron Wave","floor":6},{"not_picked":["Perfected Strike","Rupture"],"picked":"Cleave","floor":11},{"not_picked":["Havoc","Dropkick"],"picked":"Seeing Red","floor":12},{"not_picked":["Double Tap","Flex"],"picked":"Body Slam","floor":14},{"not_picked":["Sentinel","Rupture"],"picked":"True Grit","floor":15},{"not_picked":["Bludgeon","Reaper"],"picked":"Dark Embrace","floor":16},{"not_picked":["Pommel Strike","Sword Boomerang","Anger"],"picked":"SKIP","floor":18},{"not_picked":["Wild Strike+1","Battle Trance"],"picked":"Body Slam+1","floor":21},{"not_picked":["Inflame","Burning Pact+1"],"picked":"Ghostly Armor","floor":24},{"not_picked":["Cleave+1","Wild Strike"],"picked":"Body Slam","floor":27},{"not_picked":["Intimidate","Clothesline"],"picked":"Entrench","floor":28},{"not_picked":["Corruption","Immolate"],"picked":"Shrug It Off","floor":30},{"not_picked":["Exhume","Fiend Fire"],"picked":"Offering","floor":33},{"not_picked":["Intimidate+1","Rampage"],"picked":"Entrench+1","floor":35},{"not_picked":["Deep Breath","Chrysalis"],"picked":"Secret Weapon","floor":36},{"not_picked":["Jack Of All Trades","HandOfGreed"],"picked":"Chrysalis","floor":36},{"not_picked":["Infernal Blade+1","Flex+1"],"picked":"Cleave+1","floor":37}],"player_experience":234196,"relics_obtained":[{"floor":6,"key":"Lantern"},{"floor":9,"key":"Red Skull"},{"floor":12,"key":"Dream Catcher"},{"floor":26,"key":"Bottled Flame"},{"floor":41,"key":"Gremlin Horn"}],"event_choices":[{"cards_removed":["Strike_R"],"damage_healed":0,"gold_gain":0,"player_choice":"Forget","damage_taken":0,"max_hp_gain":0,"max_hp_loss":0,"event_name":"Living Wall","floor":3,"gold_loss":0},{"damage_healed":0,"gold_gain":0,"player_choice":"Damaged","damage_taken":8,"max_hp_gain":0,"max_hp_loss":0,"event_name":"Wheel of Change","floor":4,"gold_loss":0},{"damage_healed":0,"gold_gain":0,"player_choice":"Success","damage_taken":7,"relics_obtained":["Pen Nib"],"max_hp_gain":0,"max_hp_loss":0,"event_name":"Scrap Ooze","floor":13,"gold_loss":0},{"damage_healed":0,"gold_gain":0,"player_choice":"Inject Mutagens","damage_taken":0,"relics_obtained":["MutagenicStrength"],"max_hp_gain":0,"max_hp_loss":0,"event_name":"Drug Dealer","floor":19,"gold_loss":0},{"damage_healed":0,"gold_gain":0,"player_choice":"Obtained Relic","damage_taken":0,"relics_obtained":["Darkstone Periapt"],"max_hp_gain":0,"max_hp_loss":0,"event_name":"Addict","floor":31,"gold_loss":85},{"damage_healed":0,"gold_gain":0,"player_choice":"Memory 2","damage_taken":5,"max_hp_gain":0,"max_hp_loss":0,"event_name":"SensoryStone","floor":36,"gold_loss":0},{"damage_healed":0,"gold_gain":0,"player_choice":"Ignored","damage_taken":0,"max_hp_gain":0,"max_hp_loss":0,"event_name":"Mysterious Sphere","floor":39,"gold_loss":0}],"is_beta":false,"boss_relics":[{"not_picked":["Orrery","Runic Pyramid"],"picked":"Velvet Choker"},{"not_picked":["Runic Dome","Eternal Feather"],"picked":"Pandora\u0027s Box"}],"items_purged_floors":[7,20],"is_endless":false,"potions_floor_spawned":[2,5,12,14,18,21,27,33],"killed_by":"Giant Head","ascension_level":1}