{"gold_per_floor":[109,109,284,234,246,281,281,308,381,15,41,41,41,41,41,41],"floor_reached":16,"playtime":819,"items_purged":["Defend_G"],"score":208,"play_id":"25f09e0d-63bb-49aa-91f5-0ad2b2314791","local_time":"20190112102014","is_ascension_mode":true,"campfire_choices":[{"floor":7,"key":"REST"},{"data":"Prepared","floor":15,"key":"SMITH"}],"neow_cost":"CURSE","seed_source_timestamp":318211604853120,"circlet_count":0,"master_deck":["Defend_G","Defend_G","Defend_G","Defend_G","Strike_G","Strike_G","Strike_G","Strike_G","Strike_G","Survivor","Neutralize","Swift Strike","PanicButton","Prepared+1","Acrobatics","Backstab","Die Die Die","Acrobatics","Reflex"],"special_seed":0,"relics":["Ring of the Snake","PreservedInsect","Oddly Smooth Stone","Pantograph","Ninja Scroll","Gremlin Horn"],"potions_floor_usage":[],"damage_taken":[{"damage":2,"enemies":"Jaw Worm","floor":1,"turns":5},{"damage":1,"enemies":"2 Louse","floor":5,"turns":3},{"damage":20,"enemies":"3 Sentries","floor":6,"turns":12},{"damage":23,"enemies":"Lagavulin","floor":8,"turns":6},{"damage":0,"enemies":"Gremlin Nob","floor":11,"turns":2},{"damage":87,"enemies":"Slime Boss","floor":16,"turns":11}],"seed_played":"6304064155005089159","potions_obtained":[{"floor":1,"key":"FairyPotion"}],"is_trial":false,"path_per_floor":["M","?","?","?","M","E","R","E","T","$","E","$","T","$","R","B"],"character_chosen":"THE_SILENT","items_purchased":["Ninja Scroll","Acrobatics"],"campfire_rested":1,"item_purchase_floors":[10,10],"current_hp_per_floor":[68,61,61,61,60,40,61,38,38,38,38,38,38,38,38,0],"gold":41,"neow_bonus":"RANDOM_COLORLESS_2","is_prod":false,"is_daily":false,"chose_seed":false,"campfire_upgraded":1,"win_rate":0,"timestamp":1547306414,"path_taken":["M","?","?","?","M","E","R","E","T","$","E","$","?","$","R","BOSS"],"build_version":"2019-01-10","purchased_purges":1,"victory":false,"max_hp_per_floor":[70,70,70,70,70,70,70,70,70,70,70,70,70,70,70,70],"card_choices":[{"not_picked":["Terror","Flying Knee"],"picked":"Prepared","floor":1},{"not_picked":["Tactician","Slice"],"picked":"Acrobatics","floor":5},{"not_picked":["Acrobatics","Prepared"],"picked":"Backstab","floor":6},{"not_picked":["Caltrops","Skewer"],"picked":"Die Die Die","floor":8},{"not_picked":["Flying Knee","Blade Dance"],"picked":"Reflex","floor":11}],"player_experience":256186,"relics_obtained":[{"floor":6,"key":"PreservedInsect"},{"floor":8,"key":"Oddly Smooth Stone"},{"floor":9,"key":"Pantograph"},{"floor":11,"key":"Gremlin Horn"}],"event_choices":[{"cards_removed":["Decay"],"damage_healed":0,"gold_gain":0,"player_choice":"Card Removal","damage_taken":7,"max_hp_gain":0,"max_hp_loss":0,"event_name":"Golden Wing","floor":2,"gold_loss":0},{"damage_healed":0,"gold_gain":175,"player_choice":"AGREE","damage_taken":0,"max_hp_gain":0,"max_hp_loss":0,"event_name":"Liars Game","floor":3,"gold_loss":0,"cards_obtained":["Doubt"]},{"cards_removed":["Doubt"],"damage_healed":0,"gold_gain":0,"player_choice":"Card Removal","damage_taken":0,"max_hp_gain":0,"max_hp_loss":0,"event_name":"The Cleric","floor":4,"gold_loss":50}],"is_beta":false,"boss_relics":[],"items_purged_floors":[10],"is_endless":false,"potions_floor_spawned":[1],"killed_by":"Slime Boss","ascension_level":2}