{"gold_per_floor":[11,11,26,36,36,36,65,65,115,115,177,26,60,79,79,178,178,192,192,203,217,245,245,271,271,271,271,271],"floor_reached":28,"playtime":1144,"items_purged":[],"score":330,"play_id":"6a626910-65eb-4c2c-9f86-ad11a5981337","local_time":"20190612160743","is_ascension_mode":true,"campfire_choices":[{"data":"Zap","floor":6,"key":"SMITH"},{"data":"Zap","floor":10,"key":"SMITH"},{"data":"Darkness","floor":15,"key":"SMITH"},{"data":"Ghostly","floor":23,"key":"SMITH"},{"floor":25,"key":"REST"},{"data":"Ghostly","floor":27,"key":"SMITH"}],"neow_cost":"NO_GOLD","seed_source_timestamp":67579885784449,"circlet_count":0,"master_deck":["Strike_B","Strike_B","Strike_B","Strike_B","Defend_B","Defend_B","Defend_B","Defend_B","Zap+1","Dualcast","Core Surge","Leap","Zap+1","Rebound","Loop","Ball Lightning","Defragment","Darkness+1","Electrodynamics","Defragment","Ghostly+1","Ghostly+1","Ghostly","Ghostly","Ghostly","Capacitor+1","Capacitor","Consume","Biased Cognition"],"relics":["Cracked Core","Blue Candle","Ornamental Fan","Anchor","Symbiotic Virus","Runic Pyramid","Red Mask","Bag of Preparation","Pantograph"],"potions_floor_usage":[13,24,24],"damage_taken":[{"damage":0,"enemies":"2 Louse","floor":1,"turns":2},{"damage":0,"enemies":"Cultist","floor":3,"turns":3},{"damage":2,"enemies":"Small Slimes","floor":4,"turns":4},{"damage":48,"enemies":"3 Sentries","floor":7,"turns":11},{"damage":5,"enemies":"Gremlin Nob","floor":13,"turns":4},{"damage":0,"enemies":"Exordium Wildlife","floor":14,"turns":3},{"damage":12,"enemies":"The Guardian","floor":16,"turns":8},{"damage":2,"enemies":"Chosen","floor":18,"turns":3},{"damage":5,"enemies":"2 Thieves","floor":20,"turns":3},{"damage":1,"enemies":"Centurion and Healer","floor":21,"turns":5},{"damage":2,"enemies":"Masked Bandits","floor":22,"turns":3},{"damage":28,"enemies":"Book of Stabbing","floor":24,"turns":7},{"damage":17,"enemies":"Snecko","floor":28,"turns":4}],"seed_played":"-5981871808961788280","potions_obtained":[{"floor":7,"key":"EssenceOfSteel"},{"floor":13,"key":"Block Potion"},{"floor":14,"key":"Weak Potion"},{"floor":16,"key":"Ancient Potion"}],"is_trial":false,"path_per_floor":["M","?","M","M","?","R","E","T","T","R","?","$","E","M","R","B",null,"M","?","M","M","?","R","E","R","T","R","M"],"character_chosen":"DEFECT","items_purchased":["Defragment","Darkness"],"campfire_rested":1,"item_purchase_floors":[12,12],"current_hp_per_floor":[75,75,75,73,73,73,25,25,25,25,25,25,20,20,20,8,58,56,37,32,31,29,29,1,12,12,12,0],"gold":271,"neow_bonus":"THREE_RARE_CARDS","is_prod":false,"is_daily":false,"chose_seed":false,"campfire_upgraded":5,"win_rate":0,"timestamp":1560373663,"path_taken":["M","?","?","M","?","R","E","?","T","R","?","$","E","M","R","BOSS","M","?","M","M","?","R","E","R","T","R","M"],"build_version":"2019-01-23","purchased_purges":0,"victory":false,"max_hp_per_floor":[75,75,75,75,75,75,75,75,75,75,75,75,75,75,75,75,75,75,37,37,37,37,37,37,37,37,37,37],"card_choices":[{"not_picked":["All For One","Creative AI"],"picked":"Core Surge","floor":0},{"not_picked":["Coolheaded","Streamline"],"picked":"Leap","floor":1},{"not_picked":["Coolheaded","Stack"],"picked":"Rebound","floor":3},{"not_picked":["Steam","Coolheaded"],"picked":"Loop","floor":4},{"not_picked":["Coolheaded","White Noise"],"picked":"Ball Lightning","floor":7},{"not_picked":["Multi-Cast","Sweeping Beam","Streamline"],"picked":"SKIP","floor":13},{"not_picked":["Melter","Hologram","Recycle"],"picked":"SKIP","floor":14},{"not_picked":["Rainbow","Creative AI"],"picked":"Electrodynamics","floor":16},{"not_picked":["Capacitor","Streamline"],"picked":"Defragment","floor":18},{"not_picked":["Leap+1","Reprogram+1"],"picked":"Capacitor+1","floor":20},{"not_picked":["Leap+1","Doom and Gloom"],"picked":"Capacitor","floor":21},{"not_picked":["Leap+1","Stack+1"],"picked":"Consume","floor":22},{"not_picked":["Barrage","Sweeping Beam"],"picked":"Biased Cognition","floor":24}],"player_experience":167723,"relics_obtained":[{"floor":7,"key":"Blue Candle"},{"floor":8,"key":"Ornamental Fan"},{"floor":9,"key":"Anchor"},{"floor":13,"key":"Symbiotic Virus"},{"floor":22,"key":"Red Mask"},{"floor":24,"key":"Bag of Preparation"},{"floor":26,"key":"Pantograph"}],"event_choices":[{"damage_healed":0,"gold_gain":0,"player_choice":"1 cards matched","damage_taken":0,"max_hp_gain":0,"max_hp_loss":0,"event_name":"Match and Keep!","floor":2,"gold_loss":0,"cards_obtained":["Zap"]},{"damage_healed":0,"gold_gain":0,"player_choice":"Leave","damage_taken":0,"max_hp_gain":0,"max_hp_loss":0,"event_name":"The Cleric","floor":5,"gold_loss":0},{"damage_healed":0,"gold_gain":62,"player_choice":"Gained Gold","damage_taken":0,"max_hp_gain":0,"max_hp_loss":0,"event_name":"Golden Wing","floor":11,"gold_loss":0},{"damage_healed":0,"gold_gain":0,"player_choice":"Became a Ghost","damage_taken":0,"max_hp_gain":0,"max_hp_loss":38,"event_name":"Ghosts","floor":19,"gold_loss":0,"cards_obtained":["Ghostly","Ghostly","Ghostly","Ghostly","Ghostly"]},{"damage_healed":0,"gold_gain":0,"player_choice":"Fought Bandits","damage_taken":0,"max_hp_gain":0,"max_hp_loss":0,"event_name":"Masked Bandits","floor":22,"gold_loss":0}],"is_beta":false,"boss_relics":[{"not_picked":["White Beast Statue","Nuclear Battery"],"picked":"Runic Pyramid"}],"items_purged_floors":[],"is_endless":false,"potions_floor_spawned":[7,13,14,16,18,20,21],"killed_by":"Snecko","ascension_level":5}