{"gold_per_floor":[116,116,41,116,134,168,168,184,234,234,334,358,36,57,57,181,181,196,77,77,97,113,113,147,147,202,222,222],"floor_reached":28,"playtime":1432,"items_purged":["Injury","Strike_B","Defend_B"],"score":238,"play_id":"09ded2b4-1b7e-4784-866f-bd072259c3b1","local_time":"20181117101512","is_ascension_mode":false,"campfire_choices":[{"data":"Redo","floor":7,"key":"SMITH"},{"data":"FTL","floor":10,"key":"SMITH"},{"data":"Barrage","floor":15,"key":"SMITH"},{"data":"Machine Learning","floor":23,"key":"SMITH"},{"floor":25,"key":"REST"}],"neow_cost":"NONE","seed_source_timestamp":290975562985547,"circlet_count":0,"master_deck":["Strike_B","Strike_B","Strike_B","Defend_B","Defend_B","Defend_B","Zap","Dualcast","Cold Snap","Redo+1","Cold Snap","FTL+1","Electrodynamics","Genetic Algorithm","Barrage+1","Machine Learning+1","Consume","Static Discharge","RitualDagger","Genetic Algorithm","Streamline","Sweeping Beam+1","Blizzard"],"relics":["Cracked Core","Centennial Puzzle","Golden Idol","Smiling Mask","Regal Pillow","Lee\u0027s Waffle","Velvet Choker","Pen Nib","Anchor"],"potions_floor_usage":[16,24,28],"damage_taken":[{"damage":0,"enemies":"2 Louse","floor":1,"turns":3},{"damage":6,"enemies":"Cultist","floor":5,"turns":3},{"damage":25,"enemies":"3 Sentries","floor":6,"turns":9},{"damage":4,"enemies":"Jaw Worm","floor":8,"turns":3},{"damage":11,"enemies":"Large Slime","floor":12,"turns":3},{"damage":7,"enemies":"Looter","floor":14,"turns":3},{"damage":40,"enemies":"Hexaghost","floor":16,"turns":9},{"damage":8,"enemies":"Chosen","floor":18,"turns":3},{"damage":20,"enemies":"2 Thieves","floor":21,"turns":2},{"damage":14,"enemies":"Snecko","floor":22,"turns":5},{"damage":33,"enemies":"Gremlin Leader","floor":24,"turns":5},{"damage":22,"enemies":"Snake Plant","floor":27,"turns":5},{"damage":5,"enemies":"Colosseum Slavers","floor":28,"turns":4},{"damage":24,"enemies":"Colosseum Nobs","floor":28,"turns":2}],"seed_played":"7428155974158549288","potions_obtained":[{"floor":6,"key":"AttackPotion"},{"floor":14,"key":"Strength Potion"},{"floor":16,"key":"Ancient Potion"},{"floor":22,"key":"SkillPotion"}],"is_trial":false,"path_per_floor":["M","?","$","?","M","E","R","M","T","R","?","M","$","M","R","B",null,"M","$","?","M","M","R","E","R","T","M","?"],"character_chosen":"DEFECT","items_purchased":["Lee\u0027s Waffle","Genetic Algorithm","Static Discharge"],"campfire_rested":1,"item_purchase_floors":[13,13,19],"current_hp_per_floor":[75,75,75,64,58,33,33,29,29,29,29,18,82,75,75,35,82,74,74,68,48,34,34,1,40,40,18,0],"gold":222,"neow_bonus":"RANDOM_COMMON_RELIC","is_prod":false,"is_daily":false,"chose_seed":false,"campfire_upgraded":4,"win_rate":0.0,"timestamp":1542467712,"path_taken":["M","?","$","?","M","E","R","M","T","R","?","?","$","M","R","BOSS","M","$","?","M","M","R","E","R","T","M","?"],"build_version":"2018-11-15","purchased_purges":3,"victory":false,"max_hp_per_floor":[75,75,75,75,75,75,75,75,75,75,75,75,82,82,82,82,82,82,82,82,82,82,82,82,82,82,82,82],"card_choices":[{"not_picked":["Conserve Battery","Redo"],"picked":"Cold Snap","floor":1},{"not_picked":["Melter","Beam Cell"],"picked":"Redo","floor":5},{"not_picked":["Go for the Eyes","Stack"],"picked":"Cold Snap","floor":6},{"not_picked":["Compile Driver","Steam"],"picked":"FTL","floor":8},{"not_picked":["Doom and Gloom","Double Energy"],"picked":"Electrodynamics","floor":12},{"not_picked":["Cold Snap","Sweeping Beam"],"picked":"Barrage","floor":14},{"not_picked":["Creative AI","Amplify"],"picked":"Machine Learning","floor":16},{"not_picked":["Leap+1","Sweeping Beam"],"picked":"Consume","floor":18},{"not_picked":["Conserve Battery+1","Skim+1"],"picked":"Genetic Algorithm","floor":21},{"not_picked":["Sweeping Beam","Compile Driver"],"picked":"Streamline","floor":22},{"not_picked":["Biased Cognition","Steam+1"],"picked":"Sweeping Beam+1","floor":24},{"not_picked":["Fusion","Streamline+1"],"picked":"Blizzard","floor":27}],"player_experience":97461,"relics_obtained":[{"floor":6,"key":"Smiling Mask"},{"floor":9,"key":"Regal Pillow"},{"floor":24,"key":"Pen Nib"},{"floor":26,"key":"Anchor"}],"event_choices":[{"damage_healed":0,"gold_gain":0,"player_choice":"Take Wound","damage_taken":0,"relics_obtained":["Golden Idol"],"max_hp_gain":0,"max_hp_loss":0,"event_name":"Golden Idol","floor":2,"gold_loss":0,"cards_obtained":["Injury"]},{"damage_healed":0,"gold_gain":75,"player_choice":"Gather Gold","damage_taken":11,"max_hp_gain":0,"max_hp_loss":0,"event_name":"World of Goop","floor":4,"gold_loss":0},{"damage_healed":0,"gold_gain":100,"player_choice":"Pray","damage_taken":0,"max_hp_gain":0,"max_hp_loss":0,"event_name":"Golden Shrine","floor":11,"gold_loss":0},{"damage_healed":0,"gold_gain":0,"player_choice":"Joined the Cult","damage_taken":6,"max_hp_gain":0,"max_hp_loss":0,"event_name":"Nest","floor":20,"gold_loss":0,"cards_obtained":["RitualDagger"]},{"damage_healed":0,"gold_gain":0,"player_choice":"Fight","damage_taken":0,"max_hp_gain":0,"max_hp_loss":0,"event_name":"Colosseum","floor":28,"gold_loss":0},{"damage_healed":0,"gold_gain":0,"player_choice":"Fought Nobs","damage_taken":0,"max_hp_gain":0,"max_hp_loss":0,"event_name":"Colosseum","floor":28,"gold_loss":0}],"is_beta":false,"boss_relics":[{"not_picked":["Ectoplasm","Tiny House"],"picked":"Velvet Choker"}],"items_purged_floors":[3,13,19],"is_endless":false,"potions_floor_spawned":[6,14,16,22],"killed_by":"Colosseum Nobs","ascension_level":0}