{"gold_per_floor":[113,133,151,226,246,246,211,221,244,273,273,273,290,290],"floor_reached":14,"playtime":395,"items_purged":[],"score":129,"play_id":"46f103c2-d3f7-4e1e-8d44-91c0315e1ec6","local_time":"20190609002518","is_ascension_mode":true,"campfire_choices":[{"data":"Capacitor","floor":6,"key":"SMITH"},{"data":"Zap","floor":11,"key":"SMITH"}],"neow_cost":"NONE","seed_source_timestamp":227743879521000,"circlet_count":0,"master_deck":["Strike_B","Strike_B","Strike_B","Strike_B","Defend_B","Defend_B","Defend_B","Defend_B","Zap+1","Dualcast","Undo","Capacitor+1","Conserve Battery"],"relics":["Cracked Core","Pen Nib","Bronze Scales","Anchor"],"potions_floor_usage":[],"damage_taken":[{"damage":1,"enemies":"Cultist","floor":1,"turns":4},{"damage":0,"enemies":"Small Slimes","floor":2,"turns":3},{"damage":4,"enemies":"Jaw Worm","floor":3,"turns":4},{"damage":12,"enemies":"Large Slime","floor":5,"turns":7},{"damage":11,"enemies":"Blue Slaver","floor":8,"turns":4},{"damage":33,"enemies":"Lagavulin","floor":10,"turns":10},{"damage":2,"enemies":"3 Louse","floor":13,"turns":4},{"damage":32,"enemies":"Gremlin Nob","floor":14,"turns":4}],"seed_played":"-5413475483854800732","potions_obtained":[{"floor":1,"key":"SpeedPotion"},{"floor":2,"key":"FairyPotion"},{"floor":3,"key":"Swift Potion"}],"is_trial":false,"path_per_floor":["M","M","M","?","M","R","?","M","T","E","R","T","M","E"],"character_chosen":"DEFECT","items_purchased":[],"campfire_rested":0,"item_purchase_floors":[],"current_hp_per_floor":[74,74,70,59,47,47,67,56,56,23,23,23,21,8],"gold":290,"neow_bonus":"TEN_PERCENT_HP_BONUS","is_prod":false,"is_daily":false,"chose_seed":false,"campfire_upgraded":2,"win_rate":0,"timestamp":1560054318,"path_taken":["M","M","M","?","M","R","?","M","T","E","R","?","M","E"],"build_version":"2019-01-23","purchased_purges":0,"victory":false,"max_hp_per_floor":[82,82,82,82,82,82,82,82,82,82,82,82,82,82],"card_choices":[{"not_picked":["Blizzard","Barrage","Steam"],"picked":"SKIP","floor":1},{"not_picked":["Redo","Skim"],"picked":"Undo","floor":2},{"not_picked":["Tempest","Lockon","Redo"],"picked":"SKIP","floor":3},{"not_picked":["Streamline","Chaos"],"picked":"Capacitor","floor":5},{"not_picked":["Beam Cell","Steam","Chill"],"picked":"SKIP","floor":8},{"not_picked":["Multi-Cast","Skim","Go for the Eyes"],"picked":"SKIP","floor":10},{"not_picked":["Beam Cell","Stack"],"picked":"Conserve Battery","floor":13}],"player_experience":599549,"relics_obtained":[{"floor":9,"key":"Pen Nib"},{"floor":10,"key":"Bronze Scales"},{"floor":12,"key":"Anchor"}],"event_choices":[{"damage_healed":0,"gold_gain":75,"player_choice":"Gather Gold","damage_taken":11,"max_hp_gain":0,"max_hp_loss":0,"event_name":"World of Goop","floor":4,"gold_loss":0},{"damage_healed":20,"gold_gain":0,"player_choice":"Healed","damage_taken":0,"max_hp_gain":0,"max_hp_loss":0,"event_name":"The Cleric","floor":7,"gold_loss":35}],"is_beta":false,"boss_relics":[],"items_purged_floors":[],"is_endless":false,"potions_floor_spawned":[1,2,3],"killed_by":"Gremlin Nob","ascension_level":8}