{"gold_per_floor":[114,131,145,156,71,71,71,106,106,181,32,32,45,78,78,174,174,192,111,124,139,157,157,192,207,207,220,255,4,38,57,57,57],"floor_reached":33,"playtime":2894,"items_purged":[],"score":535,"play_id":"adc8cb02-af36-4a3c-bf5e-d9420a084b2e","local_time":"20190624191923","is_ascension_mode":true,"campfire_choices":[{"data":"Iron Wave","floor":6,"key":"SMITH"},{"data":"Pommel Strike","floor":12,"key":"SMITH"},{"data":"Metallicize","floor":15,"key":"SMITH"},{"floor":23,"key":"REST"},{"floor":32,"key":"REST"}],"neow_cost":"NONE","seed_source_timestamp":339597264073553,"circlet_count":0,"master_deck":["AscendersBane","Strike_R","Defend_R","Defend_R","Defend_R","Defend_R","Bash","Metallicize+1","Power Through","Spot Weakness","Headbutt","Feel No Pain","Iron Wave+1","Pommel Strike+1","Wild Strike","Impervious","Reaper","Spot Weakness+1","Reckless Charge+1","Anger+1","Flame Barrier","True Grit","Feel No Pain","Bloodletting","Armaments","Headbutt","Clothesline","Dark Embrace+1","Warcry"],"relics":["Burning Blood","Dodecahedron","Unceasing Top","Bag of Marbles","Dead Branch","Astrolabe","Oddly Smooth Stone","Pear","Strawberry","Frozen Egg 2","Anchor"],"potions_floor_usage":[8,14,16,22,24,31],"damage_taken":[{"damage":12,"enemies":"Small Slimes","floor":1,"turns":3},{"damage":3,"enemies":"2 Louse","floor":2,"turns":3},{"damage":7,"enemies":"Jaw Worm","floor":3,"turns":5},{"damage":0,"enemies":"2 Fungi Beasts","floor":4,"turns":4},{"damage":8,"enemies":"3 Sentries","floor":8,"turns":8},{"damage":7,"enemies":"Lots of Slimes","floor":13,"turns":4},{"damage":10,"enemies":"Gremlin Nob","floor":14,"turns":4},{"damage":28,"enemies":"The Guardian","floor":16,"turns":12},{"damage":30,"enemies":"Shell Parasite","floor":18,"turns":5},{"damage":25,"enemies":"Spheric Guardian","floor":20,"turns":6},{"damage":50,"enemies":"Snecko","floor":21,"turns":9},{"damage":4,"enemies":"Centurion and Healer","floor":22,"turns":7},{"damage":23,"enemies":"Gremlin Leader","floor":24,"turns":5},{"damage":20,"enemies":"Snake Plant","floor":25,"turns":5},{"damage":11,"enemies":"Snecko","floor":27,"turns":8},{"damage":41,"enemies":"Slavers","floor":28,"turns":7},{"damage":70,"enemies":"Gremlin Leader","floor":30,"turns":11},{"damage":5,"enemies":"Cultist and Chosen","floor":31,"turns":15},{"damage":103,"enemies":"Automaton","floor":33,"turns":12}],"seed_played":"6389642975772395302","potions_obtained":[{"floor":3,"key":"AttackPotion"},{"floor":8,"key":"SkillPotion"},{"floor":13,"key":"FearPotion"},{"floor":16,"key":"LiquidBronze"},{"floor":18,"key":"Weak Potion"},{"floor":22,"key":"FearPotion"},{"floor":30,"key":"GamblersBrew"},{"floor":31,"key":"Explosive Potion"}],"is_trial":false,"path_per_floor":["M","M","M","M","$","R","?","E","T","?","$","R","M","E","R","B",null,"M","$","M","M","M","R","E","M","T","M","E","$","E","M","R","B"],"character_chosen":"IRONCLAD","items_purchased":["Feel No Pain","Iron Wave","Bag of Marbles","Flame Barrier","Frozen Egg 2"],"campfire_rested":2,"item_purchase_floors":[5,5,11,19,29],"current_hp_per_floor":[74,77,76,82,82,82,75,73,73,62,62,62,61,57,57,35,75,51,51,45,11,30,56,74,68,78,73,69,69,31,58,89,0],"gold":57,"neow_bonus":"TEN_PERCENT_HP_BONUS","is_prod":false,"is_daily":false,"chose_seed":false,"campfire_upgraded":3,"win_rate":0,"timestamp":1561421963,"path_taken":["M","M","M","M","$","R","?","E","T","?","?","R","M","E","R","BOSS","M","$","M","M","M","R","E","M","T","M","E","$","E","M","R","BOSS"],"build_version":"2019-01-23","purchased_purges":0,"victory":false,"max_hp_per_floor":[88,88,88,88,88,88,88,88,88,88,88,88,88,88,88,88,88,88,88,88,88,88,88,88,88,98,98,105,105,105,105,105,105],"card_choices":[{"not_picked":["Heavy Blade","Fire Breathing"],"picked":"Metallicize","floor":1},{"not_picked":["Combust","Thunderclap"],"picked":"Power Through","floor":2},{"not_picked":["Flex","Sword Boomerang"],"picked":"Spot Weakness","floor":3},{"not_picked":["Sword Boomerang","Flex"],"picked":"Headbutt","floor":4},{"not_picked":["Intimidate","Shrug It Off"],"picked":"Pommel Strike","floor":8},{"not_picked":["Shrug It Off","Thunderclap"],"picked":"Wild Strike","floor":13},{"not_picked":["Power Through","Sword Boomerang"],"picked":"Impervious","floor":14},{"not_picked":["Demon Form","Brutality"],"picked":"Reaper","floor":16},{"not_picked":["Combust+1","Flex","Power Through"],"picked":"SKIP","floor":18},{"not_picked":["Fire Breathing+1","Ghostly Armor"],"picked":"True Grit","floor":20},{"not_picked":["Wild Strike","Metallicize"],"picked":"Feel No Pain","floor":21},{"not_picked":["Sword Boomerang","Searing Blow"],"picked":"Bloodletting","floor":22},{"not_picked":["Entrench","Ghostly Armor"],"picked":"Armaments","floor":24},{"not_picked":["Fire Breathing","Perfected Strike"],"picked":"Headbutt","floor":25},{"not_picked":["Perfected Strike","Spot Weakness","Cleave"],"picked":"SKIP","floor":27},{"not_picked":["Searing Blow","Twin Strike"],"picked":"Clothesline","floor":28},{"not_picked":["Armaments","Havoc"],"picked":"Dark Embrace+1","floor":30},{"not_picked":["Perfected Strike","Heavy Blade"],"picked":"Warcry","floor":31}],"player_experience":281601,"relics_obtained":[{"floor":8,"key":"Dodecahedron"},{"floor":9,"key":"Unceasing Top"},{"floor":14,"key":"Dead Branch"},{"floor":24,"key":"Oddly Smooth Stone"},{"floor":26,"key":"Pear"},{"floor":28,"key":"Strawberry"},{"floor":30,"key":"Anchor"}],"event_choices":[{"cards_removed":["Strike_R"],"damage_healed":0,"gold_gain":0,"player_choice":"Card Removal","damage_taken":7,"max_hp_gain":0,"max_hp_loss":0,"event_name":"Golden Wing","floor":7,"gold_loss":0},{"damage_healed":0,"gold_gain":75,"player_choice":"Gather Gold","damage_taken":11,"max_hp_gain":0,"max_hp_loss":0,"event_name":"World of Goop","floor":10,"gold_loss":0}],"is_beta":false,"boss_relics":[{"not_picked":["Busted Crown","Runic Dome"],"picked":"Astrolabe"}],"items_purged_floors":[],"is_endless":false,"potions_floor_spawned":[3,8,13,16,18,21,22,30,31],"killed_by":"Automaton","ascension_level":12}