{"gold_per_floor":[117,130,130,2,2,2,14,61,61,61,72,72,97,116,116,193,193,212,222,232,251,261,261,261],"floor_reached":24,"playtime":1599,"items_purged":["Defend_B"],"score":400,"play_id":"Baalorlord-b88a190f","local_time":"20190813201338","is_ascension_mode":true,"campfire_choices":[{"floor":6,"key":"REST"},{"data":"Cold Snap","floor":10,"key":"SMITH"},{"data":"Sunder","floor":12,"key":"SMITH"},{"data":"Go for the Eyes","floor":15,"key":"SMITH"},{"data":"Fission","floor":23,"key":"SMITH"}],"neow_cost":"NONE","seed_source_timestamp":462396154301500,"circlet_count":0,"master_deck":["AscendersBane","Strike_B","Strike_B","Strike_B","Defend_B+1","Defend_B","Defend_B+1","Zap","Dualcast","Auto Shields","Glacier","Cold Snap+1","Fusion","Tempest","Sunder+1","Go for the Eyes+1","Compile Driver","Fission+1","Cold Snap","Darkness","Compile Driver","Cold Snap","Conserve Battery","Sunder","Ball Lightning+1","Loop"],"relics":["Philosopher\u0027s Stone","Pen Nib","Oddly Smooth Stone","Blood Vial","Orrery"],"potions_floor_usage":[13,19,20,24],"damage_taken":[{"damage":9,"enemies":"Small Slimes","floor":1,"turns":3},{"damage":8,"enemies":"Jaw Worm","floor":2,"turns":4},{"damage":0,"enemies":"Cultist","floor":7,"turns":4},{"damage":0,"enemies":"3 Louse","floor":11,"turns":4},{"damage":12,"enemies":"Gremlin Nob","floor":13,"turns":4},{"damage":4,"enemies":"Exordium Thugs","floor":14,"turns":4},{"damage":23,"enemies":"The Guardian","floor":16,"turns":8},{"damage":1,"enemies":"Spheric Guardian","floor":18,"turns":4},{"damage":0,"enemies":"Chosen","floor":19,"turns":5},{"damage":5,"enemies":"Snake Plant","floor":20,"turns":6},{"damage":17,"enemies":"Centurion and Healer","floor":21,"turns":6},{"damage":0,"enemies":"Snecko","floor":22,"turns":4},{"damage":49,"enemies":"Slavers","floor":24,"turns":3}],"seed_played":"1360685326797462712","potions_obtained":[{"floor":1,"key":"Strength Potion"},{"floor":13,"key":"Ancient Potion"},{"floor":19,"key":"Block Potion"},{"floor":21,"key":"SteroidPotion"}],"is_trial":false,"path_per_floor":["M","M","?","$","?","R","M","T","T","R","M","R","E","M","R","B",null,"M","M","M","M","M","R","E"],"character_chosen":"DEFECT","items_purchased":["Cold Snap"],"campfire_rested":1,"item_purchase_floors":[4],"current_hp_per_floor":[55,47,26,26,26,47,47,47,47,47,47,47,35,33,33,12,56,57,59,56,41,43,43,0],"gold":261,"neow_bonus":"BOSS_RELIC","is_prod":false,"is_daily":false,"chose_seed":false,"campfire_upgraded":4,"win_rate":0,"timestamp":1565741618,"path_taken":["M","M","?","$","?","R","M","?","T","R","M","R","E","?","R","BOSS","M","M","M","M","M","R","E"],"build_version":"2019-07-17","purchased_purges":1,"victory":false,"max_hp_per_floor":[71,71,71,71,71,71,71,71,71,71,71,71,71,71,71,71,71,71,71,71,71,71,71,71],"card_choices":[{"not_picked":["Compile Driver","Skim"],"picked":"Auto Shields","floor":1},{"not_picked":["Auto Shields","Turbo"],"picked":"Glacier","floor":2},{"not_picked":["Go for the Eyes","Redo"],"picked":"Tempest","floor":7},{"not_picked":["Heatsinks","Gash"],"picked":"Sunder","floor":11},{"not_picked":["Amplify","Hello World"],"picked":"Go for the Eyes","floor":13},{"not_picked":["Aggregate","Beam Cell"],"picked":"Compile Driver","floor":14},{"not_picked":["Meteor Strike","Thunder Strike"],"picked":"Fission","floor":16},{"not_picked":["Streamline","Redo"],"picked":"Cold Snap","floor":17},{"not_picked":["Rebound","Consume"],"picked":"Darkness","floor":17},{"not_picked":["Auto Shields","Hologram"],"picked":"Compile Driver","floor":17},{"not_picked":["Sweeping Beam","Beam Cell"],"picked":"Cold Snap","floor":17},{"not_picked":["Sunder","Turbo"],"picked":"Conserve Battery","floor":17},{"not_picked":["Hello World","Aggregate","Go for the Eyes"],"picked":"SKIP","floor":18},{"not_picked":["Redo","Reboot"],"picked":"Sunder","floor":19},{"not_picked":["Turbo","BootSequence+1"],"picked":"Ball Lightning+1","floor":20},{"not_picked":["Reprogram","Gash","Rip and Tear"],"picked":"SKIP","floor":21},{"not_picked":["Redo+1","Hologram"],"picked":"Loop","floor":22}],"player_experience":2371873,"relics_obtained":[{"floor":8,"key":"Pen Nib"},{"floor":9,"key":"Oddly Smooth Stone"},{"floor":13,"key":"Blood Vial"}],"event_choices":[{"damage_healed":0,"gold_gain":0,"player_choice":"Entered Light","damage_taken":21,"max_hp_gain":0,"max_hp_loss":0,"event_name":"Shining Light","floor":3,"gold_loss":0,"cards_upgraded":["Defend_B","Defend_B"]},{"damage_healed":0,"gold_gain":0,"cards_transformed":["Strike_B"],"player_choice":"Change","damage_taken":0,"max_hp_gain":0,"max_hp_loss":0,"event_name":"Living Wall","floor":5,"gold_loss":0,"cards_obtained":["Fusion"]}],"is_beta":false,"boss_relics":[{"not_picked":["Runic Dome","Sozu"],"picked":"Orrery"}],"items_purged_floors":[4],"is_endless":false,"potions_floor_spawned":[1,13,19,21],"killed_by":"Slavers","ascension_level":20}