{"gold_per_floor":[111,124,135,153,172,172,201,215,239,239,265,265,265,265,265,265],"floor_reached":16,"playtime":676,"items_purged":[],"score":157,"play_id":"79b9bca8-ca08-40dd-b555-cfeeaa54c806","local_time":"20190618185453","is_ascension_mode":true,"campfire_choices":[{"data":"Tempest","floor":6,"key":"SMITH"},{"data":"Zap","floor":10,"key":"SMITH"},{"floor":12,"key":"REST"},{"data":"Dualcast","floor":15,"key":"SMITH"}],"neow_cost":"NONE","seed_source_timestamp":596475203302392,"circlet_count":0,"master_deck":["Strike_B","Strike_B","Strike_B","Strike_B+1","Defend_B","Defend_B","Defend_B","Defend_B","Zap+1","Dualcast+1","Conserve Battery","Tempest+1","Turbo","Steam","FTL","Beam Cell+1","Heatsinks"],"relics":["Cracked Core","NeowsBlessing","Bag of Preparation","Whetstone","Dodecahedron","Lantern"],"potions_floor_usage":[7,7],"damage_taken":[{"damage":0,"enemies":"Jaw Worm","floor":1,"turns":1},{"damage":0,"enemies":"Cultist","floor":2,"turns":1},{"damage":0,"enemies":"2 Louse","floor":3,"turns":1},{"damage":5,"enemies":"Looter","floor":4,"turns":3},{"damage":3,"enemies":"Red Slaver","floor":5,"turns":3},{"damage":5,"enemies":"3 Sentries","floor":7,"turns":6},{"damage":13,"enemies":"Exordium Thugs","floor":8,"turns":4},{"damage":22,"enemies":"Lagavulin","floor":11,"turns":6},{"damage":48,"enemies":"The Guardian","floor":16,"turns":10}],"seed_played":"7974556646696432713","potions_obtained":[{"floor":3,"key":"Swift Potion"},{"floor":4,"key":"SteroidPotion"},{"floor":5,"key":"SpeedPotion"},{"floor":8,"key":"SmokeBomb"}],"is_trial":false,"path_per_floor":["M","M","M","M","M","R","E","M","T","R","E","R","?","$","R","B"],"character_chosen":"DEFECT","items_purchased":[],"campfire_rested":1,"item_purchase_floors":[],"current_hp_per_floor":[68,68,68,63,60,60,55,42,42,42,20,42,42,42,42,0],"gold":265,"neow_bonus":"THREE_ENEMY_KILL","is_prod":false,"is_daily":false,"chose_seed":false,"campfire_upgraded":3,"win_rate":0,"timestamp":1560902093,"path_taken":["M","M","M","M","M","R","E","M","T","R","E","R","?","$","R","BOSS"],"build_version":"2019-01-23","purchased_purges":0,"victory":false,"max_hp_per_floor":[75,75,75,75,75,75,75,75,75,75,75,75,75,75,75,75],"card_choices":[{"not_picked":["Hologram","Chaos"],"picked":"Conserve Battery","floor":1},{"not_picked":["Sweeping Beam","Tempest","Blizzard"],"picked":"SKIP","floor":2},{"not_picked":["Sweeping Beam","Blizzard"],"picked":"Tempest","floor":2},{"not_picked":["Leap","Redo"],"picked":"Turbo","floor":3},{"not_picked":["Double Energy","Barrage"],"picked":"Steam","floor":4},{"not_picked":["Steam Power","Hello World"],"picked":"FTL","floor":5},{"not_picked":["Hologram","Rebound"],"picked":"Beam Cell","floor":7},{"not_picked":["Leap","Blizzard"],"picked":"Heatsinks","floor":8},{"not_picked":["Barrage","Tempest","Recycle"],"picked":"SKIP","floor":11}],"player_experience":214835,"relics_obtained":[{"floor":7,"key":"Bag of Preparation"},{"floor":9,"key":"Whetstone"},{"floor":11,"key":"Dodecahedron"}],"event_choices":[{"damage_healed":0,"gold_gain":0,"player_choice":"Gave Potion","damage_taken":0,"relics_obtained":["Lantern"],"max_hp_gain":0,"max_hp_loss":0,"event_name":"WeMeetAgain","floor":13,"gold_loss":0}],"is_beta":false,"boss_relics":[],"items_purged_floors":[],"is_endless":false,"potions_floor_spawned":[3,4,5,8],"killed_by":"The Guardian","ascension_level":8}