{"gold_per_floor":[109,109,34,54,65,65,78,78,141,153,130,11,22,75,75,180,180,193,213,5,5,15,15,15,15,39,139,156,34,134,151,151,254,254,265,24,41,41,61,61,77,96,96,107,107,123,46,63,63,63],"floor_reached":51,"playtime":12757,"items_purged":["Strike_B"],"score":641,"play_id":"065bf261-a1cb-4105-b8fb-84f6b8ee0326","local_time":"20190625002528","is_ascension_mode":false,"campfire_choices":[{"data":"Zap","floor":6.0,"key":"SMITH"},{"data":"Reinforced Body","floor":10.0,"key":"SMITH"},{"data":"Loop","floor":15.0,"key":"SMITH"},{"data":"Hologram","floor":23.0,"key":"SMITH"},{"data":"Consume","floor":25.0,"key":"SMITH"},{"data":"Lockon","floor":32.0,"key":"SMITH"},{"data":"White Noise","floor":40.0,"key":"SMITH"},{"data":"Bandage Up","floor":45.0,"key":"SMITH"},{"data":"Multi-Cast","floor":49.0,"key":"SMITH"}],"neow_cost":"NONE","seed_source_timestamp":0,"circlet_count":0,"master_deck":["Defend_B","Defend_B","Defend_B","Defend_B","Zap+1","Dualcast","Reinforced Body+1","Aggregate","Doom and Gloom","Consume+1","Loop+1","Stack","Hologram+1","Multi-Cast+1","Leap","Compile Driver+1","Self Repair","Beam Cell","Bandage Up+1","Bite","Bite","Bite","Bite","Bite","Genetic Algorithm","Undo","Lockon+1","Conserve Battery","White Noise+1","Hologram+1","Conserve Battery+1","Hologram+1","Stack"],"special_seed":0,"relics":["Coffee Dripper","MawBank","Potion Belt","Busted Crown","Bag of Marbles","Oddly Smooth Stone","Incense Burner","Bottled Lightning","Black Star","Bottled Flame","FaceOfCleric","Bottled Tornado"],"potions_floor_usage":[50,50,50,50],"damage_taken":[{"damage":7.0,"enemies":"Jaw Worm","floor":1.0,"turns":3.0},{"damage":0.0,"enemies":"Small Slimes","floor":4.0,"turns":4.0},{"damage":0.0,"enemies":"2 Louse","floor":5.0,"turns":4.0},{"damage":0.0,"enemies":"Looter","floor":7.0,"turns":4.0},{"damage":0.0,"enemies":"Large Slime","floor":13.0,"turns":3.0},{"damage":7.0,"enemies":"Slime Boss","floor":16.0,"turns":10.0},{"damage":0.0,"enemies":"Shell Parasite","floor":18.0,"turns":3.0},{"damage":6.0,"enemies":"3 Byrds","floor":19.0,"turns":5.0},{"damage":31.0,"enemies":"Shelled Parasite and Fungi","floor":22.0,"turns":7.0},{"damage":14.0,"enemies":"Colosseum Slavers","floor":27.0,"turns":5.0},{"damage":20.0,"enemies":"Colosseum Nobs","floor":27.0,"turns":5.0},{"damage":26.0,"enemies":"3 Cultists","floor":28.0,"turns":5.0},{"damage":23.0,"enemies":"Snecko","floor":31.0,"turns":5.0},{"damage":10.0,"enemies":"Champ","floor":33.0,"turns":6.0},{"damage":3.0,"enemies":"3 Shapes","floor":35.0,"turns":4.0},{"damage":8.0,"enemies":"3 Darklings","floor":37.0,"turns":3.0},{"damage":13.0,"enemies":"Sphere and 2 Shapes","floor":39.0,"turns":6.0},{"damage":24.0,"enemies":"Jaw Worm Horde","floor":41.0,"turns":6.0},{"damage":4.0,"enemies":"Writhing Mass","floor":42.0,"turns":5.0},{"damage":1.0,"enemies":"3 Darklings","floor":44.0,"turns":5.0},{"damage":0.0,"enemies":"Spire Growth","floor":46.0,"turns":2.0},{"damage":0.0,"enemies":"Writhing Mass","floor":48.0,"turns":3.0},{"damage":104,"enemies":"Awakened One","floor":50,"turns":18}],"seed_played":"-8807446175002319607","potions_obtained":[{"floor":4.0,"key":"Swift Potion"},{"floor":7.0,"key":"LiquidBronze"},{"floor":16.0,"key":"GamblersBrew"},{"floor":22.0,"key":"Block Potion"},{"floor":28.0,"key":"Poison Potion"},{"floor":37.0,"key":"Dexterity Potion"},{"floor":39.0,"key":"Explosive Potion"},{"floor":44.0,"key":"AttackPotion"},{"floor":46.0,"key":"Ancient Potion"}],"is_trial":false,"path_per_floor":["M","?","$","M","M","R","M","?","T","R","?","$","M","?","R","B",null,"M","M","$","?","M","R","?","R","T","?","M","$","?","M","R","B",null,"M","$","M","?","M","R","M","M","T","M","R","M","$","M","R","B",null],"character_chosen":"DEFECT","items_purchased":["Loop","Stack","Self Repair","Beam Cell","Bandage Up","Lockon","Conserve Battery","Bottled Flame","Regen Potion"],"campfire_rested":0,"item_purchase_floors":[12,12,20,20,20,29,29,36,47],"current_hp_per_floor":[68,50,50,52,54,54,56,56,56,56,74,74,75,75,75,68,75,75,69,69,69,59,59,59,59,59,65,56,56,56,48,48,57,75,75,75,67,67,76,76,71,78,78,79,79,80,80,81,81,21],"gold":63,"neow_bonus":"BOSS_RELIC","is_prod":false,"is_daily":false,"chose_seed":false,"campfire_upgraded":9,"win_rate":0.0,"timestamp":1561415128,"path_taken":["M","?","$","M","M","R","M","?","T","R","?","$","M","?","R","BOSS","M","M","$","?","M","R","?","R","T","?","?","$","?","?","R","BOSS","M","$","M","?","?","R","M","M","T","M","R","M","$","M","R","BOSS"],"build_version":"2019-01-23","purchased_purges":1,"victory":true,"max_hp_per_floor":[75,75,75,75,75,75,75,75,75,75,75,75,75,75,75,75,75,75,75,75,75,75,75,75,75,75,75,75,75,75,75,75,75,75,75,75,75,75,76,76,77,78,78,79,79,80,80,81,81,82],"card_choices":[{"not_picked":["Stack","Steam"],"picked":"Reinforced Body","floor":1.0},{"not_picked":["Streamline","Hologram"],"picked":"Aggregate","floor":4.0},{"not_picked":["Cold Snap","Aggregate"],"picked":"Doom and Gloom","floor":5.0},{"not_picked":["Ball Lightning","Chill"],"picked":"Consume","floor":7.0},{"not_picked":["Compile Driver","Barrage"],"picked":"Hologram","floor":13.0},{"not_picked":["Machine Learning","Echo Form"],"picked":"Multi-Cast","floor":16.0},{"not_picked":[],"picked":"Leap","floor":18.0},{"not_picked":[],"picked":"Compile Driver+1","floor":19.0},{"not_picked":[],"picked":"Genetic Algorithm","floor":22.0},{"not_picked":[],"picked":"Undo","floor":27.0},{"not_picked":["Scrape"],"picked":"SKIP","floor":28.0},{"not_picked":[],"picked":"White Noise","floor":31.0},{"not_picked":[],"picked":"Hologram+1","floor":35.0},{"not_picked":["Sweeping Beam+1"],"picked":"SKIP","floor":37.0},{"not_picked":["Gash"],"picked":"SKIP","floor":39.0},{"not_picked":[],"picked":"Conserve Battery+1","floor":41.0},{"not_picked":[],"picked":"Hologram+1","floor":42.0},{"not_picked":["Ball Lightning+1"],"picked":"SKIP","floor":44.0},{"not_picked":["Blizzard"],"picked":"SKIP","floor":46.0},{"not_picked":[],"picked":"Stack","floor":48.0}],"player_experience":63146,"relics_obtained":[{"floor":9.0,"key":"Potion Belt"},{"floor":26.0,"key":"Oddly Smooth Stone"},{"floor":27.0,"key":"Incense Burner"},{"floor":27.0,"key":"Bottled Lightning"},{"floor":43.0,"key":"Bottled Tornado"}],"event_choices":[{"damage_healed":0.0,"max_hp_gain":0.0,"max_hp_loss":0.0,"gold_gain":0.0,"event_name":"Scrap Ooze","player_choice":"Success","floor":2.0,"gold_loss":0.0,"damage_taken":18.0,"relics_obtained":["Blood Vial"]},{"damage_healed":0.0,"max_hp_gain":0.0,"max_hp_loss":0.0,"gold_gain":0.0,"event_name":"Dead Adventurer","player_choice":"Searched \u00272\u0027 times","floor":8.0,"gold_loss":0.0,"damage_taken":0.0,"relics_obtained":["MawBank"]},{"damage_healed":18.0,"max_hp_gain":0.0,"max_hp_loss":0.0,"gold_gain":0.0,"event_name":"The Cleric","player_choice":"Healed","floor":11.0,"gold_loss":35.0,"damage_taken":0.0},{"damage_healed":0.0,"max_hp_gain":0.0,"max_hp_loss":0.0,"gold_gain":53.0,"event_name":"Golden Wing","player_choice":"Gained Gold","floor":14.0,"gold_loss":0.0,"damage_taken":0.0},{"damage_healed":0.0,"max_hp_gain":0.0,"max_hp_loss":0.0,"gold_gain":0.0,"event_name":"Vampires","player_choice":"Became a vampire (Vial)","floor":21.0,"relics_lost":["Blood Vial"],"gold_loss":0.0,"damage_taken":0.0,"cards_obtained":["Bite","Bite","Bite","Bite","Bite"]},{"damage_healed":0.0,"max_hp_gain":0.0,"max_hp_loss":0.0,"gold_gain":0.0,"event_name":"The Mausoleum","player_choice":"Opened","floor":24.0,"gold_loss":0.0,"damage_taken":0.0,"relics_obtained":["Bag of Marbles"]},{"damage_healed":0.0,"max_hp_gain":0.0,"max_hp_loss":0.0,"gold_gain":0.0,"event_name":"Colosseum","player_choice":"Fight","floor":27.0,"gold_loss":0.0,"damage_taken":0.0},{"damage_healed":0.0,"max_hp_gain":0.0,"max_hp_loss":0.0,"gold_gain":0.0,"event_name":"Colosseum","player_choice":"Fought Nobs","floor":27.0,"gold_loss":0.0,"damage_taken":0.0},{"damage_healed":0.0,"max_hp_gain":0.0,"max_hp_loss":0.0,"gold_gain":100.0,"event_name":"Golden Shrine","player_choice":"Pray","floor":30.0,"gold_loss":0.0,"damage_taken":0.0},{"damage_healed":0.0,"max_hp_gain":0.0,"max_hp_loss":0.0,"gold_gain":0.0,"event_name":"FaceTrader","player_choice":"Trade","floor":38.0,"gold_loss":0.0,"damage_taken":0.0,"relics_obtained":["FaceOfCleric"]}],"is_beta":false,"boss_relics":[{"not_picked":["Sozu","Ectoplasm"],"picked":"Busted Crown"},{"not_picked":["Philosopher\u0027s Stone","Snecko Eye"],"picked":"Black Star"}],"items_purged_floors":[3],"is_endless":false,"potions_floor_spawned":[4,7,16,22,27,28,37,39,44,46],"ascension_level":0}