{"gold_per_floor":[119,134,151,101,124,124,158,158,235,83,99,99,123,160,172,286,298,325,337,363,475,502,514,555,567,624,653,222,222,222,254,254,354,354,368,368,378,378,395,426,426,445,471,571,571,583,382,393,393,393],"floor_reached":50,"playtime":2270,"items_purged":["Strike_R","Bite","Parasite"],"score":734,"play_id":"243f3050-512d-49ff-a21d-2c79561d6f09","local_time":"20190309162534","is_ascension_mode":true,"campfire_choices":[{"data":"Bash","floor":6,"key":"SMITH"},{"data":"Disarm","floor":8,"key":"SMITH"},{"data":"True Grit","floor":15,"key":"SMITH"},{"data":"Immolate","floor":23,"key":"SMITH"},{"data":"Clothesline","floor":30,"key":"SMITH"},{"data":"Armaments","floor":32,"key":"SMITH"},{"data":"Exhume","floor":41,"key":"SMITH"},{"data":"Bash","floor":45,"key":"SMITH"},{"floor":49,"key":"RECALL"}],"neow_cost":"NONE","seed_source_timestamp":740360854441905,"circlet_count":0,"master_deck":["Defend_R","Defend_R","Defend_R+1","Bash+1","Pommel Strike","Anger","Disarm+1","Combust","Disarm+1","True Grit+1","Feed","Clothesline+1","Immolate+1","Bash+1","Shrug It Off","Bite","Bite","Bite","Bite","Armaments+1","Exhume+1","Headbutt+1"],"relics":["Burning Blood","Art of War","Mummified Hand","MawBank","Torii","Busted Crown","Thread and Needle","Meat on the Bone","War Paint","Strawberry","Dead Branch","Kunai","Philosopher\u0027s Stone","Regal Pillow","Bronze Scales","Champion Belt"],"potions_floor_usage":[13,16,21,21,21,33,33,33,46,50,50],"damage_taken":[{"damage":6,"enemies":"Cultist","floor":1,"turns":3},{"damage":2,"enemies":"2 Louse","floor":2,"turns":3},{"damage":7,"enemies":"Jaw Worm","floor":3,"turns":3},{"damage":15,"enemies":"Gremlin Nob","floor":7,"turns":4},{"damage":8,"enemies":"Large Slime","floor":11,"turns":4},{"damage":10,"enemies":"Exordium Wildlife","floor":13,"turns":4},{"damage":38,"enemies":"Lagavulin","floor":14,"turns":8},{"damage":6,"enemies":"Slime Boss","floor":16,"turns":6},{"damage":8,"enemies":"Shell Parasite","floor":18,"turns":5},{"damage":8,"enemies":"Chosen","floor":20,"turns":4},{"damage":36,"enemies":"Colosseum Slavers","floor":21,"turns":5},{"damage":24,"enemies":"Colosseum Nobs","floor":21,"turns":4},{"damage":8,"enemies":"Snecko","floor":22,"turns":5},{"damage":27,"enemies":"Slavers","floor":24,"turns":5},{"damage":15,"enemies":"Sentry and Sphere","floor":27,"turns":5},{"damage":19,"enemies":"Book of Stabbing","floor":31,"turns":7},{"damage":70,"enemies":"Collector","floor":33,"turns":10},{"damage":2,"enemies":"Orb Walker","floor":35,"turns":4},{"damage":1,"enemies":"3 Shapes","floor":37,"turns":5},{"damage":52,"enemies":"Writhing Mass","floor":39,"turns":7},{"damage":34,"enemies":"Reptomancer","floor":40,"turns":6},{"damage":9,"enemies":"Sphere and 2 Shapes","floor":42,"turns":4},{"damage":5,"enemies":"Mind Bloom Boss Battle","floor":44,"turns":6},{"damage":7,"enemies":"Jaw Worm Horde","floor":46,"turns":4},{"damage":0,"enemies":"Maw","floor":48,"turns":7},{"damage":115,"enemies":"Donu and Deca","floor":50,"turns":8}],"seed_played":"-15302106086248679","potions_obtained":[{"floor":7,"key":"AttackPotion"},{"floor":11,"key":"LiquidBronze"},{"floor":13,"key":"Swift Potion"},{"floor":14,"key":"Fire Potion"},{"floor":16,"key":"Explosive Potion"},{"floor":21,"key":"Weak Potion"},{"floor":27,"key":"Regen Potion"},{"floor":33,"key":"Dexterity Potion"},{"floor":37,"key":"FearPotion"},{"floor":39,"key":"SkillPotion"}],"is_trial":false,"path_per_floor":["M","M","M","?","T","R","E","R","T","$","M","?","M","E","R","B",null,"M","?","M","?","M","R","E","?","T","M","$","?","R","E","R","B",null,"M","?","M","?","M","E","R","M","T","?","R","M","$","M","R","B"],"character_chosen":"IRONCLAD","items_purchased":["Disarm","Dead Branch","Dexterity Potion","EssenceOfSteel"],"campfire_rested":0,"item_purchase_floors":[10,28,28,47],"current_hp_per_floor":[88,88,87,87,87,87,78,78,78,78,76,73,69,40,40,43,94,92,92,90,42,52,52,46,46,53,58,58,58,58,57,57,29,74,74,74,77,77,55,51,51,58,58,77,77,87,87,89,89,0],"gold":393,"neow_bonus":"TEN_PERCENT_HP_BONUS","is_prod":false,"is_daily":false,"chose_seed":false,"campfire_upgraded":8,"win_rate":0,"timestamp":1552166734,"path_taken":["M","?","M","?","?","R","E","R","T","$","M","?","M","E","R","BOSS","M","?","?","?","M","R","E","?","T","M","$","?","R","E","R","BOSS","M","?","M","?","M","E","R","M","T","?","R","M","$","M","R","BOSS"],"build_version":"2019-01-23","purchased_purges":3,"victory":false,"max_hp_per_floor":[88,88,88,88,88,88,88,88,88,88,88,88,88,91,91,94,94,94,94,94,94,94,94,97,67,74,74,74,74,74,74,74,74,74,74,74,77,77,77,77,77,80,80,88,88,92,89,89,89,89],"card_choices":[{"not_picked":["Clash","Power Through"],"picked":"Pommel Strike","floor":1},{"not_picked":["True Grit","Combust"],"picked":"Anger","floor":2},{"not_picked":["Shockwave","Spot Weakness"],"picked":"Disarm","floor":3},{"not_picked":["Feel No Pain","Body Slam"],"picked":"Combust","floor":7},{"not_picked":["Carnage","Disarm"],"picked":"True Grit","floor":11},{"not_picked":["True Grit","Perfected Strike"],"picked":"Feed","floor":13},{"not_picked":["Sever Soul","Flex"],"picked":"Clothesline","floor":14},{"not_picked":["Berserk","Limit Break"],"picked":"Immolate","floor":16},{"not_picked":["Wild Strike"],"picked":"SKIP","floor":18},{"not_picked":["Clothesline"],"picked":"SKIP","floor":20},{"not_picked":["Body Slam+1"],"picked":"SKIP","floor":22},{"not_picked":[],"picked":"Shrug It Off","floor":24},{"not_picked":["Sword Boomerang+1"],"picked":"SKIP","floor":27},{"not_picked":[],"picked":"Armaments","floor":31},{"not_picked":["Body Slam+1"],"picked":"SKIP","floor":35},{"not_picked":["Iron Wave"],"picked":"SKIP","floor":37},{"not_picked":["Heavy Blade+1"],"picked":"SKIP","floor":39},{"not_picked":[],"picked":"Exhume","floor":40},{"not_picked":[],"picked":"Headbutt+1","floor":42},{"not_picked":["Clothesline"],"picked":"SKIP","floor":46},{"not_picked":["Flex"],"picked":"SKIP","floor":48}],"player_experience":317521,"relics_obtained":[{"floor":7,"key":"Art of War"},{"floor":9,"key":"Mummified Hand"},{"floor":14,"key":"Torii"},{"floor":21,"key":"Thread and Needle"},{"floor":21,"key":"Meat on the Bone"},{"floor":24,"key":"War Paint"},{"floor":26,"key":"Strawberry"},{"floor":31,"key":"Kunai"},{"floor":40,"key":"Regal Pillow"},{"floor":43,"key":"Bronze Scales"},{"floor":44,"key":"Champion Belt"}],"event_choices":[{"cards_removed":["Strike_R"],"damage_healed":0,"gold_gain":0,"player_choice":"Card Removal","damage_taken":0,"max_hp_gain":0,"max_hp_loss":0,"event_name":"The Cleric","floor":4,"gold_loss":50},{"damage_healed":0,"gold_gain":0,"player_choice":"Success","damage_taken":3,"relics_obtained":["MawBank"],"max_hp_gain":0,"max_hp_loss":0,"event_name":"Scrap Ooze","floor":12,"gold_loss":0},{"damage_healed":0,"gold_gain":0,"player_choice":"1 cards matched","damage_taken":0,"max_hp_gain":0,"max_hp_loss":0,"event_name":"Match and Keep!","floor":19,"gold_loss":0,"cards_obtained":["Bash"]},{"damage_healed":0,"gold_gain":0,"player_choice":"Fight","damage_taken":0,"max_hp_gain":0,"max_hp_loss":0,"event_name":"Colosseum","floor":21,"gold_loss":0},{"damage_healed":0,"gold_gain":0,"player_choice":"Fought Nobs","damage_taken":0,"max_hp_gain":0,"max_hp_loss":0,"event_name":"Colosseum","floor":21,"gold_loss":0},{"damage_healed":0,"gold_gain":0,"player_choice":"Became a vampire","damage_taken":0,"max_hp_gain":0,"max_hp_loss":30,"event_name":"Vampires","floor":25,"gold_loss":0,"cards_obtained":["Bite","Bite","Bite","Bite","Bite"]},{"damage_healed":0,"gold_gain":0,"player_choice":"Ignored","damage_taken":0,"max_hp_gain":0,"max_hp_loss":0,"event_name":"Ghosts","floor":29,"gold_loss":0},{"damage_healed":0,"gold_gain":0,"player_choice":"Memory 1","damage_taken":0,"max_hp_gain":0,"max_hp_loss":0,"event_name":"SensoryStone","floor":36,"gold_loss":0},{"cards_removed":["Defend_R"],"damage_healed":0,"gold_gain":0,"player_choice":"Removed Skill","damage_taken":0,"max_hp_gain":0,"max_hp_loss":0,"event_name":"Falling","floor":38,"gold_loss":0},{"damage_healed":0,"gold_gain":0,"player_choice":"Fight","damage_taken":0,"max_hp_gain":0,"max_hp_loss":0,"event_name":"MindBloom","floor":44,"gold_loss":0}],"is_beta":false,"boss_relics":[{"not_picked":["Tiny House","White Beast Statue"],"picked":"Busted Crown"},{"not_picked":["Pandora\u0027s Box","Velvet Choker"],"picked":"Philosopher\u0027s Stone"}],"items_purged_floors":[10,28,47],"is_endless":false,"potions_floor_spawned":[7,11,13,14,16,21,21,27,33,37,39,40,44],"killed_by":"Donu and Deca","ascension_level":4}