{"gold_per_floor":[119,17,32,107,117,142,142,174,220,270,290,301,313,326,326,404,404,419,18,18,18,18,37,37,47,47,47,97,97,97,117,117,117],"floor_reached":33,"playtime":1581,"items_purged":[],"score":463,"play_id":"a4560927-3f9f-47f8-a7fc-43b86dba5cb9","local_time":"20190713015057","is_ascension_mode":true,"campfire_choices":[{"data":"Clothesline","floor":7.0,"key":"SMITH"},{"data":"Bash","floor":15,"key":"SMITH"},{"data":"Entrench","floor":24,"key":"SMITH"},{"floor":27,"key":"REST"},{"data":"Dark Embrace","floor":30,"key":"SMITH"},{"data":"Pummel","floor":32,"key":"SMITH"}],"neow_cost":"PERCENT_DAMAGE","seed_source_timestamp":0,"circlet_count":0,"master_deck":["AscendersBane","Strike_R","Strike_R","Strike_R","Defend_R","Defend_R","Defend_R","Defend_R","Bash+1","Flame Barrier","Reckless Charge","Pummel+1","Dramatic Entrance","Anger","Clothesline+1","Shockwave","Battle Trance","Dark Embrace+1","Infernal Blade","Corruption+1","Entrench+1","J.A.X.","Rupture+1","Rupture+1","Juggernaut+1","Headbutt+1"],"special_seed":0,"relics":["Burning Blood","Bottled Flame","Boot","Dream Catcher","Philosopher\u0027s Stone","Frozen Egg 2","FaceOfCleric","Bottled Lightning"],"potions_floor_usage":[31],"damage_taken":[{"damage":1.0,"enemies":"2 Louse","floor":1.0,"turns":2.0},{"damage":0.0,"enemies":"Small Slimes","floor":3.0,"turns":2.0},{"damage":0.0,"enemies":"Cultist","floor":5.0,"turns":3.0},{"damage":18.0,"enemies":"Lagavulin","floor":6.0,"turns":4.0},{"damage":20.0,"enemies":"3 Sentries","floor":8.0,"turns":8.0},{"damage":16,"enemies":"Lots of Slimes","floor":11,"turns":3},{"damage":8,"enemies":"Looter","floor":12,"turns":2},{"damage":0,"enemies":"Large Slime","floor":13,"turns":4},{"damage":0,"enemies":"2 Fungi Beasts","floor":14,"turns":2},{"damage":13,"enemies":"Hexaghost","floor":16,"turns":9},{"damage":5,"enemies":"Chosen","floor":18,"turns":4},{"damage":30,"enemies":"Spheric Guardian","floor":23,"turns":5},{"damage":21,"enemies":"Cultist and Chosen","floor":25,"turns":6},{"damage":7,"enemies":"Snake Plant","floor":31,"turns":4},{"damage":81,"enemies":"Automaton","floor":33,"turns":6}],"seed_played":"7775729458998419984","potions_obtained":[{"floor":3.0,"key":"PowerPotion"},{"floor":5.0,"key":"LiquidBronze"},{"floor":8.0,"key":"Block Potion"},{"floor":31,"key":"Poison Potion"}],"is_trial":false,"path_per_floor":["M","$","M","?","M","E","R","E","T","?","M","M","M","M","R","B",null,"M","$","?","?","?","M","R","M","T","R","?","?","R","M","R","B"],"character_chosen":"IRONCLAD","items_purchased":["Dramatic Entrance","Frozen Egg 2","Corruption+1","Entrench"],"campfire_rested":1,"item_purchase_floors":[2,19,19,19],"current_hp_per_floor":[55,55,61,50,56,44,44,30,30,30,20,18,24,30,30,23,62,63,63,63,63,63,40,40,26,26,49,49,49,49,49,49,0],"gold":117,"neow_bonus":"TRANSFORM_TWO_CARDS","is_prod":false,"is_daily":false,"chose_seed":false,"campfire_upgraded":5,"win_rate":0,"timestamp":1563000657,"path_taken":["M","$","M","?","M","E","R","E","T","?","?","M","M","M","R","BOSS","M","?","?","?","?","M","R","?","T","R","?","?","R","M","R","BOSS"],"build_version":"2019-07-05","purchased_purges":0,"victory":false,"max_hp_per_floor":[75,75,75,75,75,75,75,75,75,75,75,75,75,75,75,75,75,75,75,75,75,75,76,76,77,77,77,77,77,77,78,78,78],"card_choices":[{"not_picked":["Clash","Battle Trance"],"picked":"Pummel","floor":1.0},{"not_picked":["Corruption","Entrench"],"picked":"Anger","floor":3.0},{"not_picked":["Perfected Strike","Thunderclap"],"picked":"Clothesline","floor":5.0},{"not_picked":["Perfected Strike","Shrug It Off"],"picked":"Shockwave","floor":6.0},{"not_picked":["Hemokinesis","Havoc","Impervious"],"picked":"SKIP","floor":8.0},{"not_picked":["Uppercut","Anger","Pommel Strike"],"picked":"SKIP","floor":11},{"not_picked":["Blood for Blood","Warcry","Iron Wave"],"picked":"SKIP","floor":12},{"not_picked":["Perfected Strike","Heavy Blade"],"picked":"Battle Trance","floor":13},{"not_picked":["Cleave","Clothesline","Headbutt"],"picked":"SKIP","floor":14},{"not_picked":["Brutality","Berserk"],"picked":"Dark Embrace","floor":16},{"not_picked":["Clash","Sever Soul"],"picked":"Infernal Blade","floor":18},{"not_picked":["Headbutt+1","Anger"],"picked":"Rupture+1","floor":23},{"not_picked":["Clothesline","Rampage"],"picked":"Rupture+1","floor":25},{"not_picked":["Twin Strike","Burning Pact"],"picked":"Headbutt+1","floor":31}],"player_experience":369174,"relics_obtained":[{"floor":6.0,"key":"Bottled Flame"},{"floor":8.0,"key":"Boot"},{"floor":9,"key":"Dream Catcher"},{"floor":26,"key":"Bottled Lightning"}],"event_choices":[{"damage_healed":0.0,"max_hp_gain":0.0,"max_hp_loss":0.0,"gold_gain":75.0,"event_name":"World of Goop","player_choice":"Gather Gold","floor":4.0,"gold_loss":0.0,"damage_taken":11.0},{"damage_healed":0,"gold_gain":50,"player_choice":"Pray","damage_taken":0,"max_hp_gain":0,"max_hp_loss":0,"event_name":"Golden Shrine","floor":10,"gold_loss":0},{"damage_healed":0,"gold_gain":0,"player_choice":"Obtain J.A.X.","damage_taken":0,"max_hp_gain":0,"max_hp_loss":0,"event_name":"Drug Dealer","floor":20,"gold_loss":0,"cards_obtained":["J.A.X."]},{"damage_healed":0,"gold_gain":0,"player_choice":"Ignored","damage_taken":0,"max_hp_gain":0,"max_hp_loss":0,"event_name":"Ghosts","floor":21,"gold_loss":0},{"damage_healed":0,"gold_gain":0,"player_choice":"Trade","damage_taken":0,"relics_obtained":["FaceOfCleric"],"max_hp_gain":0,"max_hp_loss":0,"event_name":"FaceTrader","floor":22,"gold_loss":0},{"damage_healed":0,"gold_gain":50,"player_choice":"Stole From Cult","damage_taken":0,"max_hp_gain":0,"max_hp_loss":0,"event_name":"Nest","floor":28,"gold_loss":0},{"damage_healed":0,"gold_gain":0,"player_choice":"Read","damage_taken":0,"max_hp_gain":0,"max_hp_loss":0,"event_name":"The Library","floor":29,"gold_loss":0,"cards_obtained":["Juggernaut"]}],"is_beta":false,"boss_relics":[{"not_picked":["Calling Bell","Runic Dome"],"picked":"Philosopher\u0027s Stone"}],"items_purged_floors":[],"is_endless":false,"potions_floor_spawned":[3,5,8,16,18,31],"killed_by":"Automaton","ascension_level":16}