{"gold_per_floor":[119,119,131,84,148,177,177,203,203,215,215,245,245,263,263,340,340,359,359,112,112,122,153,170,170,194,194,72,101,112,137,137,137],"floor_reached":33,"playtime":1286,"items_purged":["Decay"],"score":530,"play_id":"a602348a-be2e-44e4-a0b1-d085a2bbc1b0","local_time":"20190701181209","is_ascension_mode":true,"campfire_choices":[{"floor":7.0,"key":"REST"},{"data":"Fission","floor":13.0,"key":"SMITH"},{"data":"Chaos","floor":15.0,"key":"SMITH"},{"floor":25,"key":"REST"},{"floor":27,"key":"REST"},{"floor":32,"key":"REST"}],"neow_cost":"NONE","seed_source_timestamp":941929011803667,"circlet_count":0,"master_deck":["AscendersBane","Strike_B","Strike_B","Strike_B","Defend_B","Defend_B","Defend_B","Defend_B","Zap+1","Dualcast","Coolheaded+1","Doom and Gloom","Go for the Eyes","Conserve Battery","Consume","Fission+1","Chaos+1","Redo","Core Surge","Sunder","Genetic Algorithm","Defragment","Steam","Loop","Electrodynamics","Conserve Battery","Go for the Eyes","Chill","Compile Driver","Multi-Cast"],"special_seed":0,"relics":["Cracked Core","Calipers","Shuriken","Nunchaku","Bag of Marbles","Orichalcum","Cursed Key","Oddly Smooth Stone","Cables","Bag of Preparation","Potion Belt","Bronze Scales"],"potions_floor_usage":[29],"damage_taken":[{"damage":5.0,"enemies":"Small Slimes","floor":1.0,"turns":4.0},{"damage":0.0,"enemies":"Jaw Worm","floor":3.0,"turns":3.0},{"damage":28.0,"enemies":"3 Sentries","floor":6.0,"turns":5.0},{"damage":11.0,"enemies":"Lagavulin","floor":8.0,"turns":4.0},{"damage":2.0,"enemies":"2 Louse","floor":10.0,"turns":2.0},{"damage":20.0,"enemies":"3 Sentries","floor":12.0,"turns":4.0},{"damage":2.0,"enemies":"Blue Slaver","floor":14.0,"turns":3.0},{"damage":11.0,"enemies":"Hexaghost","floor":16.0,"turns":10.0},{"damage":4.0,"enemies":"Spheric Guardian","floor":18.0,"turns":3.0},{"damage":0.0,"enemies":"Chosen","floor":22.0,"turns":3.0},{"damage":47.0,"enemies":"Gremlin Leader","floor":23.0,"turns":9.0},{"damage":0,"enemies":"Snake Plant","floor":24,"turns":2},{"damage":12,"enemies":"Slavers","floor":29,"turns":3},{"damage":0,"enemies":"Shelled Parasite and Fungi","floor":30,"turns":4},{"damage":21,"enemies":"Book of Stabbing","floor":31,"turns":5},{"damage":56,"enemies":"Champ","floor":33,"turns":14}],"seed_played":"-7201269926834938847","potions_obtained":[{"floor":3.0,"key":"Weak Potion"},{"floor":6.0,"key":"Energy Potion"},{"floor":16.0,"key":"Ancient Potion"},{"floor":30,"key":"Dexterity Potion"}],"is_trial":false,"path_per_floor":["M","?","M","$","?","E","R","E","T","M","?","E","R","M","R","B",null,"M","?","$","?","M","E","M","R","T","R","$","E","M","E","R","B"],"character_chosen":"DEFECT","items_purchased":["Go for the Eyes","Oddly Smooth Stone","Defragment","Steam","Go for the Eyes"],"campfire_rested":4,"item_purchase_floors":[4,20,20,20,28],"current_hp_per_floor":[63,63,63,63,63,35,57,46,46,44,41,21,21,19,19,8,58,54,54,54,54,54,7,7,29,29,51,51,39,39,18,40,0],"gold":137,"neow_bonus":"UPGRADE_CARD","is_prod":false,"is_daily":false,"chose_seed":false,"campfire_upgraded":2,"win_rate":0,"timestamp":1562022729,"path_taken":["M","?","M","$","?","E","R","E","T","M","?","E","R","?","R","BOSS","M","?","$","?","M","E","M","R","T","R","$","E","M","E","R","BOSS"],"build_version":"2019-01-23","purchased_purges":1,"victory":false,"max_hp_per_floor":[75,75,75,75,75,75,75,75,75,75,75,75,75,75,75,75,75,75,75,75,75,75,75,75,75,75,75,75,75,75,75,75,75],"card_choices":[{"not_picked":["Hologram","Cold Snap"],"picked":"Coolheaded","floor":1.0},{"not_picked":["Hologram","Conserve Battery"],"picked":"Doom and Gloom","floor":3.0},{"not_picked":["Hologram","Meteor Strike"],"picked":"Conserve Battery","floor":6.0},{"not_picked":["Redo","Skim"],"picked":"Consume","floor":8.0},{"not_picked":["Redo","Sweeping Beam"],"picked":"Fission","floor":10.0},{"not_picked":["Force Field","Cold Snap"],"picked":"Chaos","floor":12.0},{"not_picked":["Beam Cell","Steam Power"],"picked":"Redo","floor":14.0},{"not_picked":["Amplify","All For One"],"picked":"Core Surge","floor":16.0},{"not_picked":["Beam Cell","Stack"],"picked":"Sunder","floor":18.0},{"not_picked":["Static Discharge","Lockon"],"picked":"Loop","floor":22.0},{"not_picked":["Turbo","Gash"],"picked":"Electrodynamics","floor":23.0},{"not_picked":["Cold Snap","Redo"],"picked":"Conserve Battery","floor":24},{"not_picked":["Steam","Hologram"],"picked":"Chill","floor":29},{"not_picked":["Steam Power","Hologram"],"picked":"Compile Driver","floor":30},{"not_picked":["Stack+1","Glacier"],"picked":"Multi-Cast","floor":31}],"player_experience":320609,"relics_obtained":[{"floor":6.0,"key":"Calipers"},{"floor":8.0,"key":"Shuriken"},{"floor":9.0,"key":"Nunchaku"},{"floor":12.0,"key":"Orichalcum"},{"floor":23.0,"key":"Cables"},{"floor":26,"key":"Bag of Preparation"},{"floor":29,"key":"Potion Belt"},{"floor":31,"key":"Bronze Scales"}],"event_choices":[{"damage_healed":0.0,"max_hp_gain":0.0,"max_hp_loss":0.0,"gold_gain":0.0,"event_name":"Living Wall","player_choice":"Grow","floor":2.0,"gold_loss":0.0,"damage_taken":0.0,"cards_upgraded":["Coolheaded"]},{"damage_healed":0.0,"max_hp_gain":0.0,"max_hp_loss":0.0,"gold_gain":64.0,"event_name":"Golden Wing","player_choice":"Gained Gold","floor":5.0,"gold_loss":0.0,"damage_taken":0.0},{"damage_healed":0.0,"max_hp_gain":0.0,"max_hp_loss":0.0,"gold_gain":0.0,"event_name":"Scrap Ooze","player_choice":"Success","floor":11.0,"gold_loss":0.0,"damage_taken":3.0,"relics_obtained":["Bag of Marbles"]},{"damage_healed":0.0,"max_hp_gain":0.0,"max_hp_loss":0.0,"gold_gain":0.0,"event_name":"The Library","player_choice":"Read","floor":19.0,"gold_loss":0.0,"damage_taken":0.0,"cards_obtained":["Genetic Algorithm"]},{"cards_removed":["Strike_B"],"damage_healed":0.0,"max_hp_gain":0.0,"max_hp_loss":0.0,"gold_gain":0.0,"event_name":"Purifier","player_choice":"Purged","floor":21.0,"gold_loss":0.0,"damage_taken":0.0}],"is_beta":false,"boss_relics":[{"not_picked":["Black Star","Astrolabe"],"picked":"Cursed Key"}],"items_purged_floors":[28],"is_endless":false,"potions_floor_spawned":[3,6,12,16,18,22,30],"killed_by":"Champ","ascension_level":13}