{"gold_per_floor":[110,127,140,215,215,215,232,266,317,33,52,52,70,87,87,159,159,178,103,103],"floor_reached":20,"playtime":1283,"items_purged":["Strike_G"],"score":352,"play_id":"e8860c1f-9795-4dae-83a6-213f20bcfeee","local_time":"20190816091053","is_ascension_mode":true,"campfire_choices":[{"floor":6.0,"key":"REST"},{"floor":15.0,"key":"REST"}],"neow_cost":"NONE","seed_source_timestamp":87597800998200,"circlet_count":0,"master_deck":["AscendersBane","Strike_G","Strike_G","Strike_G","Defend_G","Defend_G","Defend_G","Defend_G","Defend_G","Survivor","Neutralize","Noxious Fumes","Footwork","Quick Slash","Backflip","Sadistic Nature","Blade Dance","Sucker Punch","Catalyst","Bane","Burst","PiercingWail"],"special_seed":0,"relics":["Ring of the Snake","PreservedInsect","Kunai","Dream Catcher","HoveringKite"],"potions_floor_usage":[18],"damage_taken":[{"damage":8.0,"enemies":"Small Slimes","floor":1.0,"turns":6.0},{"damage":2.0,"enemies":"Jaw Worm","floor":2.0,"turns":6.0},{"damage":9.0,"enemies":"Cultist","floor":3.0,"turns":5.0},{"damage":7.0,"enemies":"3 Louse","floor":7.0,"turns":7.0},{"damage":5.0,"enemies":"3 Sentries","floor":8.0,"turns":6.0},{"damage":0.0,"enemies":"Blue Slaver","floor":11.0,"turns":5.0},{"damage":10.0,"enemies":"Red Slaver","floor":13.0,"turns":4.0},{"damage":8.0,"enemies":"Large Slime","floor":14.0,"turns":6.0},{"damage":28,"enemies":"Hexaghost","floor":16,"turns":13},{"damage":25,"enemies":"Shell Parasite","floor":18,"turns":12},{"damage":21,"enemies":"3 Byrds","floor":20,"turns":5}],"seed_played":"-2401445150545751543","potions_obtained":[{"floor":1.0,"key":"PowerPotion"},{"floor":7.0,"key":"EntropicBrew"},{"floor":8.0,"key":"Weak Potion"},{"floor":16,"key":"Weak Potion"}],"is_trial":false,"path_per_floor":["M","M","M","?","?","R","M","E","T","$","M","?","M","M","R","B",null,"M","?","M"],"character_chosen":"THE_SILENT","items_purchased":["Sadistic Nature","Blade Dance"],"campfire_rested":2,"item_purchase_floors":[10,10],"current_hp_per_floor":[51,49,40,29,22,41,34,29,29,29,29,29,19,11,30,2,50,25,25,4],"gold":103,"neow_bonus":"RANDOM_COMMON_RELIC","is_prod":false,"is_daily":false,"chose_seed":false,"campfire_upgraded":0,"win_rate":0,"timestamp":1565939453,"path_taken":["M","M","M","?","?","R","M","E","T","$","M","?","?","M","R","BOSS","M","?","M"],"build_version":"2019-07-17","purchased_purges":1,"victory":false,"max_hp_per_floor":[66,66,66,66,66,66,66,66,66,66,66,66,66,66,66,66,66,66,66,66],"card_choices":[{"not_picked":["Flying Knee","Dagger Spray"],"picked":"Noxious Fumes","floor":1.0},{"not_picked":["Prepared","Finisher","Outmaneuver"],"picked":"SKIP","floor":2.0},{"not_picked":["Finisher","Expertise"],"picked":"Footwork","floor":3.0},{"not_picked":["Dagger Throw","Deflect"],"picked":"Quick Slash","floor":7.0},{"not_picked":["Deflect","Underhanded Strike"],"picked":"Backflip","floor":8.0},{"not_picked":["Poisoned Stab","Slice"],"picked":"Sucker Punch","floor":11.0},{"not_picked":["Acrobatics","Choke","Expertise"],"picked":"SKIP","floor":13.0},{"not_picked":["Heel Hook","Wraith Form v2"],"picked":"Catalyst","floor":14.0},{"not_picked":["Backflip","Dagger Spray"],"picked":"Bane","floor":15.0},{"not_picked":["Malaise","Die Die Die"],"picked":"Burst","floor":16},{"not_picked":["Flying Knee","Dagger Spray"],"picked":"PiercingWail","floor":18}],"player_experience":1047843,"relics_obtained":[{"floor":8.0,"key":"Kunai"},{"floor":9.0,"key":"Dream Catcher"}],"event_choices":[{"damage_healed":0.0,"max_hp_gain":0.0,"max_hp_loss":0.0,"gold_gain":75.0,"event_name":"World of Goop","player_choice":"Gather Gold","floor":4.0,"gold_loss":0.0,"damage_taken":11.0},{"cards_removed":["Strike_G"],"damage_healed":0.0,"max_hp_gain":0.0,"max_hp_loss":0.0,"gold_gain":0.0,"event_name":"Golden Wing","player_choice":"Card Removal","floor":5.0,"gold_loss":0.0,"damage_taken":7.0},{"damage_healed":0.0,"max_hp_gain":0.0,"max_hp_loss":0.0,"gold_gain":0.0,"event_name":"Wheel of Change","player_choice":"Cursed","floor":12.0,"gold_loss":0.0,"damage_taken":0.0,"cards_obtained":["Decay"]},{"cards_removed":["Decay"],"damage_healed":0,"gold_gain":0,"player_choice":"Gave Gold","damage_taken":0,"max_hp_gain":0,"max_hp_loss":0,"event_name":"Beggar","floor":19,"gold_loss":75}],"is_beta":false,"boss_relics":[{"not_picked":["Fusion Hammer","Velvet Choker"],"picked":"HoveringKite"}],"items_purged_floors":[10],"is_endless":false,"potions_floor_spawned":[1,7,8,16],"killed_by":"3 Byrds","ascension_level":20}