{"gold_per_floor":[109,34,34,52,52,86,86,120,120,45,73,32,62,80,80,151,151,167,167,181,29,59,59,7,7,80,113,129,143,58,68,68,142,142,155,174,105,24,24,57,67,81,81,110,110,129,155,171,171,171,171,171,90,119,119],"floor_reached":56,"playtime":2340,"items_purged":["Strike_R"],"score":2072,"play_id":"ca234fab-8e58-46cd-82db-579a88f19179","local_time":"20190809215417","is_ascension_mode":true,"campfire_choices":[{"data":"Bash","floor":7,"key":"SMITH"},{"data":"Limit Break","floor":15,"key":"SMITH"},{"floor":23,"key":"REST"},{"data":"Shockwave","floor":25,"key":"SMITH"},{"data":"1","floor":32,"key":"LIFT"},{"floor":49,"key":"RECALL"},{"data":"2","floor":52,"key":"LIFT"}],"neow_cost":"NONE","seed_source_timestamp":352561330088949,"circlet_count":0,"master_deck":["AscendersBane","Strike_R","Strike_R","Strike_R","Defend_R","Defend_R","Defend_R","Defend_R","Bash+1","Anger","Limit Break+1","Spot Weakness","Flame Barrier+1","Combust","Combust","Inflame","Reaper","Heavy Blade","Shockwave+1","Battle Trance","Exhume","Clothesline+1","Impervious","Sword Boomerang","Disarm","Rupture","Reaper","Berserk+1"],"relics":["Burning Blood","NeowsBlessing","Pear","Meat on the Bone","Self Forming Clay","Odd Mushroom","Dodecahedron","Velvet Choker","Vajra","Red Mask","Gremlin Horn","Girya","Strawberry","Runic Pyramid","Charon\u0027s Ashes","Omamori","Frozen Egg 2","Bag of Preparation","Torii","Letter Opener"],"potions_floor_usage":[8,16,22,27,55],"damage_taken":[{"damage":0,"enemies":"2 Louse","floor":1,"turns":1},{"damage":0,"enemies":"Cultist","floor":4,"turns":1},{"damage":0,"enemies":"Gremlin Nob","floor":6,"turns":1},{"damage":50,"enemies":"3 Sentries","floor":8,"turns":11},{"damage":25,"enemies":"The Mushroom Lair","floor":11,"turns":5},{"damage":32,"enemies":"Lagavulin","floor":13,"turns":8},{"damage":9,"enemies":"Small Slimes","floor":14,"turns":3},{"damage":17,"enemies":"Hexaghost","floor":16,"turns":8},{"damage":33,"enemies":"Chosen","floor":18,"turns":7},{"damage":36,"enemies":"2 Thieves","floor":20,"turns":4},{"damage":50,"enemies":"Masked Bandits","floor":22,"turns":5},{"damage":50,"enemies":"Gremlin Leader","floor":27,"turns":6},{"damage":10,"enemies":"Snecko","floor":28,"turns":4},{"damage":3,"enemies":"Chosen and Byrds","floor":29,"turns":3},{"damage":43,"enemies":"Snake Plant","floor":31,"turns":5},{"damage":25,"enemies":"Collector","floor":33,"turns":7},{"damage":26,"enemies":"3 Darklings","floor":35,"turns":6},{"damage":6,"enemies":"3 Shapes","floor":36,"turns":4},{"damage":46,"enemies":"Nemesis","floor":40,"turns":7},{"damage":44,"enemies":"3 Darklings","floor":41,"turns":6},{"damage":29,"enemies":"Jaw Worm Horde","floor":42,"turns":4},{"damage":46,"enemies":"Reptomancer","floor":44,"turns":6},{"damage":33,"enemies":"Sphere and 2 Shapes","floor":46,"turns":5},{"damage":40,"enemies":"Giant Head","floor":47,"turns":8},{"damage":21,"enemies":"Maw","floor":48,"turns":6},{"damage":45,"enemies":"Time Eater","floor":50,"turns":9},{"damage":77,"enemies":"Shield and Spear","floor":54,"turns":8},{"damage":84,"enemies":"The Heart","floor":55,"turns":9}],"seed_played":"7051320032859854245","potions_obtained":[{"floor":3,"key":"Regen Potion"},{"floor":3,"key":"Swift Potion"},{"floor":13,"key":"FearPotion"},{"floor":18,"key":"Explosive Potion"},{"floor":27,"key":"BloodPotion"},{"floor":48,"key":"SkillPotion"},{"floor":54,"key":"LiquidBronze"}],"is_trial":false,"path_per_floor":["M","$","?","M","?","E","R","E","T","?","?","$","E","M","R","B",null,"M","?","M","$","?","R","$","R","T","E","M","M","?","M","R","B",null,"M","M","?","$","T","E","M","M","T","E","?","M","E","M","R","B",null,"R","$","E","B",null],"character_chosen":"IRONCLAD","items_purchased":["Combust","Vajra","SkillPotion","Disarm","Reaper"],"campfire_rested":1,"item_purchase_floors":[12,21,24,38,53],"current_hp_per_floor":[74,74,74,75,75,85,85,56,56,56,49,49,35,44,44,45,75,60,60,50,50,25,50,50,50,50,36,59,62,69,50,50,43,80,92,92,92,92,92,92,76,92,92,88,88,92,81,92,92,69,86,86,86,92,83],"gold":119,"neow_bonus":"THREE_ENEMY_KILL","is_prod":false,"is_daily":false,"chose_seed":false,"campfire_upgraded":3,"win_rate":0,"timestamp":1565402057,"path_taken":["M","$","?","?","?","E","R","E","T","?","?","?","E","?","R","BOSS","M","?","?","?","?","R","?","R","T","E","M","?","?","M","R","BOSS","M","M","?","$","?","E","M","M","T","E","?","?","E","M","R","BOSS","R","$","E","BOSS"],"build_version":"2019-07-17","purchased_purges":1,"victory":true,"max_hp_per_floor":[75,75,75,75,75,85,85,85,85,85,85,85,85,85,85,85,85,85,85,85,85,85,85,85,85,85,85,85,85,92,92,92,92,92,92,92,92,92,92,92,92,92,92,92,92,92,92,92,92,92,92,92,92,92,92],"card_choices":[{"not_picked":["Twin Strike","Flex"],"picked":"Anger","floor":1},{"not_picked":["Thunderclap","Intimidate","Twin Strike"],"picked":"SKIP","floor":4},{"not_picked":["Havoc","Warcry"],"picked":"Limit Break","floor":6},{"not_picked":["Disarm","Battle Trance"],"picked":"Spot Weakness","floor":8},{"not_picked":["Perfected Strike","Flex"],"picked":"Flame Barrier","floor":11},{"not_picked":["Blood for Blood","Spot Weakness"],"picked":"Combust","floor":13},{"not_picked":["Infernal Blade","Havoc"],"picked":"Inflame","floor":14},{"not_picked":["Dark Embrace","Offering"],"picked":"Reaper","floor":16},{"not_picked":["Clothesline","Blood for Blood"],"picked":"Heavy Blade","floor":18},{"not_picked":["Hemokinesis","Perfected Strike","Wild Strike"],"picked":"SKIP","floor":20},{"not_picked":["Burning Pact","Dropkick+1"],"picked":"Shockwave","floor":22},{"not_picked":["Wild Strike","Anger"],"picked":"Battle Trance","floor":27},{"not_picked":["Hemokinesis","Feel No Pain"],"picked":"Exhume","floor":28},{"not_picked":["Havoc","Iron Wave","Thunderclap"],"picked":"SKIP","floor":29},{"not_picked":["Infernal Blade","Anger+1"],"picked":"Clothesline+1","floor":31},{"not_picked":["Fiend Fire","Limit Break"],"picked":"Impervious","floor":33},{"not_picked":["Twin Strike","Clothesline","Infernal Blade"],"picked":"SKIP","floor":35},{"not_picked":["Rampage+1","Clothesline"],"picked":"Sword Boomerang","floor":36},{"not_picked":["Clothesline+1","Fire Breathing","True Grit"],"picked":"SKIP","floor":40},{"not_picked":["Pommel Strike","Havoc+1","Warcry+1"],"picked":"SKIP","floor":41},{"not_picked":["Bloodletting","Heavy Blade+1"],"picked":"Rupture","floor":42},{"not_picked":["Pummel+1","Searing Blow","Heavy Blade"],"picked":"SKIP","floor":44},{"not_picked":["Headbutt","Clothesline","Reckless Charge"],"picked":"SKIP","floor":46},{"not_picked":["Intimidate","Wild Strike","Reckless Charge"],"picked":"SKIP","floor":47},{"not_picked":["Rampage","Blood for Blood","Headbutt"],"picked":"SKIP","floor":48},{"not_picked":["Warcry","Infernal Blade"],"picked":"Berserk+1","floor":54}],"player_experience":767680,"relics_obtained":[{"floor":6,"key":"Pear"},{"floor":8,"key":"Meat on the Bone"},{"floor":9,"key":"Self Forming Clay"},{"floor":11,"key":"Odd Mushroom"},{"floor":13,"key":"Dodecahedron"},{"floor":22,"key":"Red Mask"},{"floor":26,"key":"Gremlin Horn"},{"floor":27,"key":"Girya"},{"floor":40,"key":"Omamori"},{"floor":43,"key":"Frozen Egg 2"},{"floor":44,"key":"Bag of Preparation"},{"floor":47,"key":"Torii"},{"floor":54,"key":"Letter Opener"}],"event_choices":[{"damage_healed":0,"gold_gain":0,"player_choice":"Got Potions","damage_taken":0,"max_hp_gain":0,"max_hp_loss":0,"event_name":"Lab","floor":3,"gold_loss":0},{"damage_healed":0,"gold_gain":0,"player_choice":"Ignored","damage_taken":0,"max_hp_gain":0,"max_hp_loss":0,"event_name":"Liars Game","floor":5,"gold_loss":0},{"cards_removed":["Strike_R"],"damage_healed":0,"gold_gain":0,"player_choice":"Card Removal","damage_taken":0,"max_hp_gain":0,"max_hp_loss":0,"event_name":"The Cleric","floor":10,"gold_loss":75},{"damage_healed":0,"gold_gain":0,"player_choice":"Fought Mushrooms","damage_taken":0,"max_hp_gain":0,"max_hp_loss":0,"event_name":"Mushrooms","floor":11,"gold_loss":0},{"damage_healed":0,"gold_gain":0,"player_choice":"Upgraded","damage_taken":0,"max_hp_gain":0,"max_hp_loss":0,"event_name":"Upgrade Shrine","floor":19,"gold_loss":0,"cards_upgraded":["Flame Barrier"]},{"damage_healed":0,"gold_gain":0,"player_choice":"Fought Bandits","damage_taken":0,"max_hp_gain":0,"max_hp_loss":0,"event_name":"Masked Bandits","floor":22,"gold_loss":0},{"damage_healed":0,"gold_gain":0,"player_choice":"Obtained Relic","damage_taken":0,"relics_obtained":["Strawberry"],"max_hp_gain":0,"max_hp_loss":0,"event_name":"Addict","floor":30,"gold_loss":85},{"damage_healed":0,"gold_gain":0,"player_choice":"Paid Gold","damage_taken":0,"relics_obtained":["Charon\u0027s Ashes"],"max_hp_gain":0,"max_hp_loss":0,"event_name":"WeMeetAgain","floor":37,"gold_loss":69},{"damage_healed":0,"gold_gain":0,"player_choice":"0 cards matched","damage_taken":0,"max_hp_gain":0,"max_hp_loss":0,"event_name":"Match and Keep!","floor":45,"gold_loss":0,"cards_obtained":[]}],"is_beta":false,"boss_relics":[{"not_picked":["Orrery","Black Star"],"picked":"Velvet Choker"},{"not_picked":["Runic Dome","Astrolabe"],"picked":"Runic Pyramid"}],"items_purged_floors":[2],"is_endless":false,"potions_floor_spawned":[4,6,13,18,27,29,31,33,35,36,41,42,46,48,54],"ascension_level":15}