{"gold_per_floor":[114,131,131,151,167,167,192,212,237,237,249,276,276,308,308,405,405,418,418,328,348,21,21,21,21,21,21,40,69,69,79,79,184,184,200,200,213,223,223],"floor_reached":39,"playtime":3688,"items_purged":["Strike_G"],"score":442,"play_id":"19b88422-1308-4a60-8dbf-c5d28893ff9b","local_time":"20190812093955","is_ascension_mode":true,"campfire_choices":[{"data":"Skewer","floor":6,"key":"SMITH"},{"data":"Blur","floor":10,"key":"SMITH"},{"data":"Dagger Spray","floor":15,"key":"SMITH"},{"data":"Envenom","floor":23,"key":"SMITH"},{"data":"Bane","floor":25,"key":"SMITH"},{"data":"Dagger Spray","floor":30,"key":"SMITH"},{"floor":32,"key":"REST"}],"neow_cost":"TEN_PERCENT_HP_LOSS","seed_source_timestamp":2550302523934,"circlet_count":0,"master_deck":["Strike_G+1","Defend_G+1","Defend_G+1","Defend_G","Defend_G","Survivor","Neutralize","Dagger Throw","Dagger Spray+1","Bane+1","Dagger Spray+1","Skewer+1","Caltrops","Blur+1","Acrobatics","Envenom+1","Noxious Fumes+1","Escape Plan+1","PiercingWail","Well Laid Plans","Outmaneuver+1","Envenom","Deadly Poison+1","Backflip+1"],"relics":["Ring of the Snake","Oddly Smooth Stone","War Paint","Potion Belt","Juzu Bracelet","Lizard Tail","Strawberry","Darkstone Periapt","MutagenicStrength","Blue Candle","Busted Crown"],"potions_floor_usage":[5,7,12,12,29,29,31,33,37,38,39],"damage_taken":[{"damage":0,"enemies":"Small Slimes","floor":1,"turns":4},{"damage":0,"enemies":"Cultist","floor":2,"turns":3},{"damage":3,"enemies":"Jaw Worm","floor":4,"turns":5},{"damage":1,"enemies":"Large Slime","floor":5,"turns":4},{"damage":28,"enemies":"3 Sentries","floor":7,"turns":5},{"damage":2,"enemies":"Lots of Slimes","floor":8,"turns":2},{"damage":0,"enemies":"Gremlin Gang","floor":11,"turns":3},{"damage":3,"enemies":"Gremlin Nob","floor":12,"turns":3},{"damage":12,"enemies":"3 Sentries","floor":14,"turns":6},{"damage":11,"enemies":"The Guardian","floor":16,"turns":14},{"damage":12,"enemies":"3 Byrds","floor":18,"turns":4},{"damage":4,"enemies":"2 Thieves","floor":21,"turns":4},{"damage":24,"enemies":"Sentry and Sphere","floor":28,"turns":8},{"damage":9,"enemies":"Slavers","floor":29,"turns":3},{"damage":12,"enemies":"Cultist and Chosen","floor":31,"turns":6},{"damage":54,"enemies":"Collector","floor":33,"turns":11},{"damage":17,"enemies":"3 Shapes","floor":35,"turns":2},{"damage":6,"enemies":"Orb Walker","floor":37,"turns":3},{"damage":0,"enemies":"4 Shapes","floor":38,"turns":2},{"damage":60,"enemies":"2 Orb Walkers","floor":39,"turns":4}],"seed_played":"-5038043841472771371","potions_obtained":[{"floor":1,"key":"SteroidPotion"},{"floor":4,"key":"PowerPotion"},{"floor":5,"key":"Poison Potion"},{"floor":7,"key":"Weak Potion"},{"floor":12,"key":"Ancient Potion"},{"floor":21,"key":"GhostInAJar"},{"floor":31,"key":"LiquidBronze"},{"floor":33,"key":"Explosive Potion"},{"floor":35,"key":"GamblersBrew"}],"is_trial":false,"path_per_floor":["M","M","?","M","M","R","E","M","T","R","M","E","?","E","R","B",null,"M","?","?","M","$","R","?","R","T","?","M","E","R","M","R","B",null,"M","?","M","M","?"],"character_chosen":"THE_SILENT","items_purchased":["Strawberry","Poison Potion","Strength Potion"],"campfire_rested":1,"item_purchase_floors":[22,22,22],"current_hp_per_floor":[63,63,63,60,59,59,31,29,29,29,29,26,31,19,19,8,68,56,56,56,52,59,59,59,59,59,59,35,26,26,14,36,31,75,58,58,52,52,0],"gold":223,"neow_bonus":"REMOVE_TWO","is_prod":false,"is_daily":false,"chose_seed":false,"campfire_upgraded":6,"win_rate":0,"timestamp":1565620795,"path_taken":["M","M","?","M","M","R","E","M","T","R","?","E","?","E","R","BOSS","M","?","?","M","$","R","?","R","T","?","M","E","R","M","R","BOSS","M","?","M","M","?"],"build_version":"2019-07-17","purchased_purges":1,"victory":false,"max_hp_per_floor":[63,63,63,63,63,63,63,63,63,63,63,63,68,68,68,68,68,68,68,68,68,75,75,75,75,75,75,75,75,75,75,75,75,75,75,75,75,75,75],"card_choices":[{"not_picked":["Cloak And Dagger","Flechettes"],"picked":"Dagger Throw","floor":1},{"not_picked":["Deadly Poison","Expertise"],"picked":"Dagger Spray","floor":2},{"not_picked":["Bane","Malaise"],"picked":"Dagger Spray","floor":4},{"not_picked":["Deadly Poison","Acrobatics"],"picked":"Skewer","floor":5},{"not_picked":["Skewer","Quick Slash"],"picked":"Caltrops","floor":7},{"not_picked":["Outmaneuver","Endless Agony"],"picked":"Blur","floor":8},{"not_picked":["Deflect","Blur","Blade Dance"],"picked":"SKIP","floor":11},{"not_picked":["Cloak And Dagger","Endless Agony","Dagger Throw"],"picked":"SKIP","floor":12},{"not_picked":["Storm of Steel","Bane"],"picked":"Acrobatics","floor":14},{"not_picked":["Burst","Tools of the Trade"],"picked":"Envenom","floor":16},{"not_picked":["Blade Dance+1","Eviscerate+1"],"picked":"Noxious Fumes+1","floor":18},{"not_picked":["Reflex","Finisher"],"picked":"Escape Plan+1","floor":21},{"not_picked":["Distraction","Poisoned Stab"],"picked":"PiercingWail","floor":28},{"not_picked":["Terror","Endless Agony"],"picked":"Well Laid Plans","floor":29},{"not_picked":["Acrobatics","Slice"],"picked":"Outmaneuver+1","floor":31},{"not_picked":["Phantasmal Killer","Tools of the Trade"],"picked":"Envenom","floor":33},{"not_picked":[],"picked":"Deadly Poison+1","floor":35},{"not_picked":["Cloak And Dagger"],"picked":"SKIP","floor":37},{"not_picked":[],"picked":"Backflip+1","floor":38}],"player_experience":124452,"relics_obtained":[{"floor":7,"key":"Oddly Smooth Stone"},{"floor":9,"key":"War Paint"},{"floor":12,"key":"Potion Belt"},{"floor":14,"key":"Juzu Bracelet"},{"floor":26,"key":"Darkstone Periapt"},{"floor":29,"key":"Blue Candle"}],"event_choices":[{"damage_healed":0,"gold_gain":0,"player_choice":"1 cards matched","damage_taken":0,"max_hp_gain":0,"max_hp_loss":0,"event_name":"Match and Keep!","floor":3,"gold_loss":0,"cards_obtained":["Bane"]},{"damage_healed":0,"gold_gain":0,"player_choice":"Donut","damage_taken":0,"max_hp_gain":5,"max_hp_loss":0,"event_name":"Big Fish","floor":13,"gold_loss":0},{"cards_removed":["Strike_G"],"damage_healed":0,"gold_gain":0,"player_choice":"Purged","damage_taken":0,"max_hp_gain":0,"max_hp_loss":0,"event_name":"Purifier","floor":19,"gold_loss":0},{"cards_removed":["Strike_G"],"damage_healed":0,"gold_gain":0,"player_choice":"Upgrade and Remove","damage_taken":0,"max_hp_gain":0,"max_hp_loss":0,"event_name":"Designer","floor":20,"gold_loss":90,"cards_upgraded":["Strike_G"]},{"damage_healed":0,"gold_gain":0,"player_choice":"Ignored","damage_taken":0,"max_hp_gain":0,"max_hp_loss":0,"event_name":"Vampires","floor":24,"gold_loss":0},{"damage_healed":0,"gold_gain":0,"player_choice":"Inject Mutagens","damage_taken":0,"relics_obtained":["MutagenicStrength"],"max_hp_gain":0,"max_hp_loss":0,"event_name":"Drug Dealer","floor":27,"gold_loss":0},{"damage_healed":0,"gold_gain":0,"player_choice":"Ignored","damage_taken":0,"max_hp_gain":0,"max_hp_loss":0,"event_name":"Tomb of Lord Red Mask","floor":36,"gold_loss":0},{"damage_healed":0,"gold_gain":0,"player_choice":"Fight","damage_taken":0,"max_hp_gain":0,"max_hp_loss":0,"event_name":"Mysterious Sphere","floor":39,"gold_loss":0}],"is_beta":false,"boss_relics":[{"not_picked":["Velvet Choker","Orrery"],"picked":"Lizard Tail"},{"not_picked":["Philosopher\u0027s Stone","Pandora\u0027s Box"],"picked":"Busted Crown"}],"items_purged_floors":[22],"is_endless":false,"potions_floor_spawned":[1,4,5,7,12,21,31,33,35],"killed_by":"2 Orb Walkers","ascension_level":1}