{"gold_per_floor":[114,131,131,8,8,8,46,46,46,89,109,109,152,81,81,205,205,223,138,152,175,188,188,228,228,228,228,228,261,275,275],"floor_reached":31,"playtime":1405,"items_purged":["Parasite"],"score":494,"play_id":"a30fa9e9-14c2-40ed-bf9f-45080467f740","local_time":"20190619181313","is_ascension_mode":true,"campfire_choices":[{"data":"True Grit","floor":6,"key":"SMITH"},{"floor":8,"key":"REST"},{"data":"Armaments","floor":12,"key":"SMITH"},{"data":"Uppercut","floor":15,"key":"SMITH"},{"floor":23,"key":"REST"},{"floor":25,"key":"REST"}],"neow_cost":"CURSE","seed_source_timestamp":679647346691613,"circlet_count":0,"master_deck":["Strike_R","Strike_R","Strike_R","Strike_R","Strike_R","Defend_R","Defend_R","Defend_R","Defend_R","Bash","Heavy Blade","Anger","True Grit+1","Inflame","Ghostly Armor","Armaments+1","Uppercut+1","Feel No Pain","Dark Embrace","Shockwave","Disarm","Limit Break","Headbutt+1"],"relics":["Burning Blood","Charon\u0027s Ashes","Bloody Idol","Mercury Hourglass","Bottled Lightning","FossilizedHelix","Kunai","Philosopher\u0027s Stone","Matryoshka","Omamori","Blue Candle","Dodecahedron"],"potions_floor_usage":[7,7,13,18,22,22,29],"damage_taken":[{"damage":8,"enemies":"Jaw Worm","floor":1,"turns":6},{"damage":10,"enemies":"Small Slimes","floor":2,"turns":3},{"damage":32,"enemies":"Gremlin Nob","floor":7,"turns":5},{"damage":11,"enemies":"Lagavulin","floor":10,"turns":7},{"damage":0,"enemies":"Cultist","floor":11,"turns":3},{"damage":0,"enemies":"3 Sentries","floor":13,"turns":6},{"damage":37,"enemies":"Hexaghost","floor":16,"turns":10},{"damage":53,"enemies":"3 Byrds","floor":18,"turns":5},{"damage":6,"enemies":"Shell Parasite","floor":20,"turns":5},{"damage":8,"enemies":"Centurion and Healer","floor":21,"turns":7},{"damage":15,"enemies":"3 Cultists","floor":22,"turns":4},{"damage":45,"enemies":"Book of Stabbing","floor":24,"turns":7},{"damage":0,"enemies":"Gremlin Leader","floor":29,"turns":11},{"damage":28,"enemies":"Shelled Parasite and Fungi","floor":30,"turns":6},{"damage":29,"enemies":"Slavers","floor":31,"turns":2}],"seed_played":"-1683517800276309748","potions_obtained":[{"floor":1,"key":"EssenceOfSteel"},{"floor":7,"key":"Fruit Juice"},{"floor":11,"key":"Fire Potion"},{"floor":13,"key":"Regen Potion"},{"floor":20,"key":"SkillPotion"},{"floor":24,"key":"Fire Potion"}],"is_trial":false,"path_per_floor":["M","M","?","$","?","R","E","R","T","E","M","R","E","$","R","B",null,"M","$","M","M","M","R","E","R","T","?","?","E","M","E"],"character_chosen":"IRONCLAD","items_purchased":["True Grit","Feel No Pain","Disarm","Explosive Potion"],"campfire_rested":3,"item_purchase_floors":[4,14,19,19],"current_hp_per_floor":[70,66,66,66,47,47,26,50,50,45,51,51,57,57,57,26,68,33,33,33,31,22,46,7,31,31,31,31,42,25,0],"gold":275,"neow_bonus":"ONE_RARE_RELIC","is_prod":false,"is_daily":false,"chose_seed":false,"campfire_upgraded":3,"win_rate":0,"timestamp":1560985993,"path_taken":["M","M","?","$","?","R","E","R","T","E","M","R","E","?","R","BOSS","M","$","M","M","M","R","E","R","T","?","?","E","M","E"],"build_version":"2019-01-23","purchased_purges":1,"victory":false,"max_hp_per_floor":[80,80,80,77,77,77,82,82,82,82,82,82,82,82,82,82,82,82,82,82,82,82,82,82,82,82,82,82,82,82,82],"card_choices":[{"not_picked":["Warcry","Rage"],"picked":"Heavy Blade","floor":1},{"not_picked":["Shrug It Off","Iron Wave"],"picked":"Anger","floor":2},{"not_picked":["True Grit","Blood for Blood"],"picked":"Inflame","floor":7},{"not_picked":["Perfected Strike","Havoc"],"picked":"Ghostly Armor","floor":10},{"not_picked":["True Grit","Evolve"],"picked":"Armaments","floor":11},{"not_picked":["Cleave","Evolve"],"picked":"Uppercut","floor":13},{"not_picked":["Feed","Juggernaut"],"picked":"Dark Embrace","floor":16},{"not_picked":["Heavy Blade+1","Anger"],"picked":"Shockwave","floor":18},{"not_picked":["Armaments","True Grit","Perfected Strike"],"picked":"SKIP","floor":20},{"not_picked":["Perfected Strike","Wild Strike","Iron Wave"],"picked":"SKIP","floor":21},{"not_picked":["Shrug It Off","Anger+1","Cleave+1"],"picked":"SKIP","floor":22},{"not_picked":["Ghostly Armor","Clash+1","Combust"],"picked":"SKIP","floor":24},{"not_picked":["Inflame","Wild Strike"],"picked":"Limit Break","floor":29},{"not_picked":["Cleave","Thunderclap"],"picked":"Headbutt+1","floor":30}],"player_experience":221682,"relics_obtained":[{"floor":7,"key":"Mercury Hourglass"},{"floor":9,"key":"Bottled Lightning"},{"floor":10,"key":"FossilizedHelix"},{"floor":13,"key":"Kunai"},{"floor":24,"key":"Matryoshka"},{"floor":26,"key":"Omamori"},{"floor":26,"key":"Blue Candle"},{"floor":29,"key":"Dodecahedron"}],"event_choices":[{"damage_healed":0,"gold_gain":0,"player_choice":"Ignored","damage_taken":0,"max_hp_gain":0,"max_hp_loss":0,"event_name":"Liars Game","floor":3,"gold_loss":0},{"damage_healed":0,"gold_gain":0,"player_choice":"Take Damage","damage_taken":19,"relics_obtained":["Golden Idol"],"max_hp_gain":0,"max_hp_loss":0,"event_name":"Golden Idol","floor":5,"gold_loss":0},{"damage_healed":0,"gold_gain":0,"player_choice":"Ignored","damage_taken":0,"max_hp_gain":0,"max_hp_loss":0,"event_name":"Beggar","floor":27,"gold_loss":0},{"damage_healed":0,"gold_gain":0,"player_choice":"Gave Idol","damage_taken":0,"relics_obtained":["Bloody Idol"],"max_hp_gain":0,"max_hp_loss":0,"event_name":"Forgotten Altar","floor":28,"relics_lost":["Golden Idol"],"gold_loss":0}],"is_beta":false,"boss_relics":[{"not_picked":["Runic Cube","White Beast Statue"],"picked":"Philosopher\u0027s Stone"}],"items_purged_floors":[4],"is_endless":false,"potions_floor_spawned":[1,7,11,13,20,24],"killed_by":"Slavers","ascension_level":9}