{"gold_per_floor":[118,118,132,144,163,163,192,192,192,223,238,238,257,272,272,401,401,416,447,57,81,81,117,117,135,135,166,166,166],"floor_reached":29,"playtime":1104,"items_purged":["Defend_B"],"score":275,"play_id":"97633de5-f0ff-4acc-8333-2425b135469f","local_time":"20190608141415","is_ascension_mode":false,"campfire_choices":[{"data":"Zap","floor":6,"key":"SMITH"},{"data":"Loop","floor":15,"key":"SMITH"},{"data":"Biased Cognition","floor":24,"key":"SMITH"}],"neow_cost":"NONE","seed_source_timestamp":94510699102511,"circlet_count":0,"master_deck":["Strike_B","Strike_B","Defend_B","Defend_B","Defend_B","Zap+1","Dualcast","Rebound","Iron Wave","Ball Lightning","Conserve Battery","Sweeping Beam","Cold Snap","Beam Cell","Loop+1","Cold Snap","Biased Cognition+1","Go for the Eyes","Glacier","Leap+1"],"relics":["Cracked Core","Lantern","Question Card","Mercury Hourglass","Golden Idol","Inserter","Red Mask","Bronze Scales","Membership Card","PreservedInsect","Art of War","MutagenicStrength"],"potions_floor_usage":[7,16,19,25],"damage_taken":[{"damage":1,"enemies":"Jaw Worm","floor":1,"turns":3},{"damage":0,"enemies":"Cultist","floor":3,"turns":3},{"damage":0,"enemies":"Small Slimes","floor":4,"turns":2},{"damage":3,"enemies":"3 Louse","floor":5,"turns":3},{"damage":7,"enemies":"3 Sentries","floor":7,"turns":6},{"damage":5,"enemies":"Lagavulin","floor":10,"turns":5},{"damage":0,"enemies":"Blue Slaver","floor":11,"turns":2},{"damage":1,"enemies":"2 Fungi Beasts","floor":13,"turns":2},{"damage":0,"enemies":"Large Slime","floor":14,"turns":4},{"damage":11,"enemies":"The Guardian","floor":16,"turns":10},{"damage":27,"enemies":"3 Byrds","floor":18,"turns":4},{"damage":9,"enemies":"Masked Bandits","floor":19,"turns":4},{"damage":3,"enemies":"Spheric Guardian","floor":21,"turns":3},{"damage":8,"enemies":"Book of Stabbing","floor":23,"turns":5},{"damage":8,"enemies":"Centurion and Healer","floor":25,"turns":5},{"damage":18,"enemies":"Slavers","floor":27,"turns":3},{"damage":13,"enemies":"3 Cultists","floor":29,"turns":3}],"seed_played":"-8860172186482653920","potions_obtained":[{"floor":1,"key":"SkillPotion"},{"floor":4,"key":"GamblersBrew"},{"floor":13,"key":"FearPotion"},{"floor":18,"key":"SkillPotion"},{"floor":19,"key":"Swift Potion"}],"is_trial":false,"path_per_floor":["M","?","M","M","M","R","E","?","T","E","M","?","M","M","R","B",null,"M","?","$","M","?","E","R","M","T","E","?","M"],"character_chosen":"DEFECT","items_purchased":["Bronze Scales","Membership Card"],"campfire_rested":0,"item_purchase_floors":[20,20],"current_hp_per_floor":[81,81,81,81,78,78,71,64,64,59,59,39,38,38,38,27,82,55,46,46,43,43,35,35,27,27,9,9,0],"gold":166,"neow_bonus":"TEN_PERCENT_HP_BONUS","is_prod":false,"is_daily":false,"chose_seed":false,"campfire_upgraded":3,"win_rate":0,"timestamp":1560021255,"path_taken":["M","?","M","?","M","R","E","?","T","E","M","?","M","M","R","BOSS","M","?","$","M","?","E","R","M","T","E","?","M"],"build_version":"2019-01-23","purchased_purges":1,"victory":false,"max_hp_per_floor":[82,82,82,82,82,82,82,82,82,82,82,82,82,82,82,82,82,82,82,82,82,82,82,82,82,82,82,82,82],"card_choices":[{"not_picked":["Reinforced Body","Darkness"],"picked":"Rebound","floor":1},{"not_picked":["Chaos","Sunder"],"picked":"Ball Lightning","floor":3},{"not_picked":["Rebound","FTL"],"picked":"Conserve Battery","floor":4},{"not_picked":["Storm","Turbo"],"picked":"Sweeping Beam","floor":5},{"not_picked":["Coolheaded","Steam Power"],"picked":"Cold Snap","floor":7},{"not_picked":["Leap","Heatsinks","Barrage"],"picked":"Beam Cell","floor":10},{"not_picked":["Seek","Skim","Aggregate"],"picked":"Loop","floor":11},{"not_picked":["Steam","Coolheaded","Redo"],"picked":"Cold Snap","floor":13},{"not_picked":["Lockon","Redo","Darkness","Coolheaded"],"picked":"SKIP","floor":14},{"not_picked":["Amplify","Buffer","Thunder Strike"],"picked":"Biased Cognition","floor":16},{"not_picked":["Force Field","Compile Driver","Rebound"],"picked":"Go for the Eyes","floor":18},{"not_picked":["Leap","Stack","Tempest"],"picked":"Glacier","floor":19},{"not_picked":["Turbo+1","Gash+1","Coolheaded","Redo"],"picked":"SKIP","floor":21},{"not_picked":["Steam+1","Cold Snap","Reinforced Body","Coolheaded"],"picked":"SKIP","floor":23},{"not_picked":["Coolheaded","Double Energy","Aggregate+1","Core Surge"],"picked":"SKIP","floor":25},{"not_picked":["Double Energy","Static Discharge","Stack"],"picked":"Leap+1","floor":27}],"player_experience":138259,"relics_obtained":[{"floor":7,"key":"Lantern"},{"floor":9,"key":"Question Card"},{"floor":10,"key":"Mercury Hourglass"},{"floor":19,"key":"Red Mask"},{"floor":23,"key":"PreservedInsect"},{"floor":27,"key":"Art of War"}],"event_choices":[{"cards_removed":["Strike_B"],"damage_healed":0,"gold_gain":0,"player_choice":"Took Card","damage_taken":0,"max_hp_gain":0,"max_hp_loss":0,"event_name":"NoteForYourself","floor":2,"gold_loss":0,"cards_obtained":["Iron Wave"]},{"cards_removed":["Strike_B"],"damage_healed":0,"gold_gain":0,"player_choice":"Card Removal","damage_taken":7,"max_hp_gain":0,"max_hp_loss":0,"event_name":"Golden Wing","floor":8,"gold_loss":0},{"damage_healed":0,"gold_gain":0,"player_choice":"Take Damage","damage_taken":20,"relics_obtained":["Golden Idol"],"max_hp_gain":0,"max_hp_loss":0,"event_name":"Golden Idol","floor":12,"gold_loss":0},{"damage_healed":0,"gold_gain":0,"player_choice":"Fought Bandits","damage_taken":0,"max_hp_gain":0,"max_hp_loss":0,"event_name":"Masked Bandits","floor":19,"gold_loss":0},{"damage_healed":0,"gold_gain":0,"player_choice":"Ignored","damage_taken":0,"max_hp_gain":0,"max_hp_loss":0,"event_name":"Ghosts","floor":22,"gold_loss":0},{"damage_healed":0,"gold_gain":0,"player_choice":"Inject Mutagens","damage_taken":0,"relics_obtained":["MutagenicStrength"],"max_hp_gain":0,"max_hp_loss":0,"event_name":"Drug Dealer","floor":28,"gold_loss":0}],"is_beta":false,"boss_relics":[{"not_picked":["Astrolabe","Ectoplasm"],"picked":"Inserter"}],"items_purged_floors":[20],"is_endless":false,"potions_floor_spawned":[1,4,13,18,19],"killed_by":"3 Cultists","ascension_level":0}