{"gold_per_floor":[213,229,5,5,5,38,38,74,74,105,123,123,123,164,164,263,263,288,288,306,123,38,38,53,86,86,120,120,1,21,21,21,114,114,132,132,153,486,496,521,521,66,92,123,123,223,239,250,250,250],"floor_reached":51,"playtime":2842,"items_purged":["Strike_R"],"score":1493,"play_id":"0c50b98d-ab19-4b5f-bf37-e88fc1915599","local_time":"20190703181931","is_ascension_mode":true,"campfire_choices":[{"floor":7.0,"key":"REST"},{"floor":12.0,"key":"REST"},{"data":"Metallicize","floor":15.0,"key":"SMITH"},{"data":"Carnage","floor":23.0,"key":"SMITH"},{"data":"Rampage","floor":28,"key":"SMITH"},{"data":"Whirlwind","floor":32,"key":"SMITH"},{"data":"Clothesline","floor":41,"key":"SMITH"},{"data":"Chrysalis","floor":49,"key":"SMITH"}],"neow_cost":"NONE","seed_source_timestamp":1113282994171984,"circlet_count":0,"master_deck":["AscendersBane","Defend_R","Defend_R","Defend_R","Defend_R","Bash","Carnage+1","True Grit+1","Metallicize+1","Shrug It Off","Whirlwind+1","Battle Trance","Rampage+1","Corruption+1","Juggernaut+1","Ghostly Armor","Clothesline+1","Seeing Red","Feel No Pain+1","Demon Form+1","Bite","Bite","Bite","Bite","Bite","Barricade+1","Dropkick+1","Chrysalis+1","Entrench+1","Shrug It Off","Rage","Entrench","Flame Barrier","Disarm","Body Slam+1"],"special_seed":0,"relics":["Black Blood","Centennial Puzzle","Frozen Egg 2","Anchor","PreservedInsect","The Courier","Mummified Hand","Bag of Preparation","Lantern","Ornamental Fan","Oddly Smooth Stone","Orichalcum","Runic Pyramid","Ice Cream","Bottled Tornado","Kunai","Pen Nib","Gremlin Horn","Dead Branch"],"potions_floor_usage":[33,33,50],"damage_taken":[{"damage":1.0,"enemies":"Cultist","floor":1.0,"turns":4.0},{"damage":13.0,"enemies":"Small Slimes","floor":2.0,"turns":5.0},{"damage":42.0,"enemies":"Lagavulin","floor":6.0,"turns":8.0},{"damage":20.0,"enemies":"Gremlin Nob","floor":8.0,"turns":4.0},{"damage":18.0,"enemies":"3 Sentries","floor":10.0,"turns":9.0},{"damage":3.0,"enemies":"Jaw Worm","floor":11.0,"turns":4.0},{"damage":8.0,"enemies":"Lagavulin","floor":14.0,"turns":4.0},{"damage":41.0,"enemies":"The Guardian","floor":16.0,"turns":15.0},{"damage":2.0,"enemies":"Spheric Guardian","floor":18.0,"turns":3.0},{"damage":14.0,"enemies":"Chosen","floor":20.0,"turns":5.0},{"damage":18.0,"enemies":"Centurion and Healer","floor":24.0,"turns":9.0},{"damage":44,"enemies":"Gremlin Leader","floor":25,"turns":8},{"damage":2,"enemies":"Book of Stabbing","floor":27,"turns":4},{"damage":1,"enemies":"Shelled Parasite and Fungi","floor":30,"turns":3},{"damage":63,"enemies":"Automaton","floor":33,"turns":8},{"damage":0,"enemies":"3 Shapes","floor":35,"turns":3},{"damage":0,"enemies":"Orb Walker","floor":37,"turns":3},{"damage":29,"enemies":"Transient","floor":39,"turns":5},{"damage":0,"enemies":"Nemesis","floor":40,"turns":5},{"damage":0,"enemies":"Giant Head","floor":44,"turns":8},{"damage":2,"enemies":"Mind Bloom Boss Battle","floor":46,"turns":7},{"damage":0,"enemies":"Maw","floor":47,"turns":5},{"damage":0,"enemies":"Jaw Worm Horde","floor":48,"turns":2},{"damage":0,"enemies":"Donu and Deca","floor":50,"turns":5}],"seed_played":"8272446817086980690","potions_obtained":[{"floor":1.0,"key":"Ancient Potion"},{"floor":8.0,"key":"FearPotion"},{"floor":20.0,"key":"Energy Potion"},{"floor":27,"key":"Fire Potion"},{"floor":33,"key":"BloodPotion"},{"floor":35,"key":"FairyPotion"},{"floor":39,"key":"PowerPotion"}],"is_trial":false,"path_per_floor":["M","M","$","?","?","E","R","E","T","E","M","R","?","E","R","B",null,"M","?","M","$","?","R","M","E","T","E","R","$","M","?","R","B",null,"M","?","M","?","M","E","R","$","T","E","$","?","M","M","R","B",null],"character_chosen":"IRONCLAD","items_purchased":["Metallicize","Centennial Puzzle","Bag of Preparation","Orichalcum","Bottled Tornado","Kunai","Entrench"],"campfire_rested":2,"item_purchase_floors":[3,3,21,29,42,42,42],"current_hp_per_floor":[77,70,70,50,50,14,38,24,24,12,15,39,65,63,63,28,67,75,75,71,71,71,71,65,33,33,43,43,43,54,54,54,23,66,80,80,80,80,71,80,80,80,80,80,80,80,80,80,80,80],"gold":250,"neow_bonus":"HUNDRED_GOLD","is_prod":false,"is_daily":false,"chose_seed":false,"campfire_upgraded":6,"win_rate":0,"timestamp":1562195971,"path_taken":["M","M","$","?","?","E","R","E","T","E","M","R","?","E","R","BOSS","M","?","M","$","?","R","M","E","T","E","R","?","?","?","R","BOSS","M","?","M","?","?","E","R","?","T","E","$","?","M","M","R","BOSS"],"build_version":"2019-07-01","purchased_purges":1,"victory":true,"max_hp_per_floor":[80,80,80,80,80,80,80,80,80,80,80,80,80,80,80,80,80,80,80,80,80,80,80,80,80,80,80,80,80,80,80,80,80,80,80,80,80,80,80,80,80,80,80,80,80,80,80,80,80,80],"card_choices":[{"not_picked":["Shockwave","Second Wind"],"picked":"Carnage","floor":1.0},{"not_picked":["Second Wind","Headbutt"],"picked":"True Grit","floor":2.0},{"not_picked":["Thunderclap","Wild Strike"],"picked":"Shrug It Off","floor":6.0},{"not_picked":["Twin Strike","Hemokinesis"],"picked":"Whirlwind","floor":8.0},{"not_picked":["Dual Wield","Flex"],"picked":"Battle Trance","floor":10.0},{"not_picked":["Burning Pact","Battle Trance"],"picked":"Rampage","floor":11.0},{"not_picked":["Shrug It Off","Power Through"],"picked":"Corruption+1","floor":14.0},{"not_picked":["Reaper","Limit Break"],"picked":"Juggernaut+1","floor":16.0},{"not_picked":["Power Through","Havoc"],"picked":"Ghostly Armor","floor":18.0},{"not_picked":["Thunderclap","Rage"],"picked":"Clothesline","floor":20.0},{"not_picked":["Thunderclap","Sever Soul+1"],"picked":"Seeing Red","floor":24.0},{"not_picked":["Inflame+1","Disarm"],"picked":"Feel No Pain+1","floor":25},{"not_picked":["Flame Barrier","Twin Strike"],"picked":"Demon Form+1","floor":27},{"not_picked":["Cleave","Clash","Power Through"],"picked":"SKIP","floor":30},{"not_picked":["Offering","Demon Form+1"],"picked":"Barricade+1","floor":33},{"not_picked":["Rampage","True Grit"],"picked":"Dropkick+1","floor":35},{"not_picked":["Good Instincts","Violence"],"picked":"Chrysalis","floor":36},{"not_picked":["Body Slam+1","Whirlwind"],"picked":"Entrench+1","floor":37},{"not_picked":["Sever Soul+1","Pommel Strike+1"],"picked":"Shrug It Off","floor":39},{"not_picked":["Corruption+1","Perfected Strike"],"picked":"Rage","floor":40},{"not_picked":["Power Through","Heavy Blade+1"],"picked":"Flame Barrier","floor":44},{"not_picked":["Wild Strike","Clothesline"],"picked":"Disarm","floor":46},{"not_picked":["Pommel Strike+1","Sever Soul"],"picked":"Body Slam+1","floor":47},{"not_picked":["Combust+1","Inflame+1","Fire Breathing+1"],"picked":"SKIP","floor":48}],"player_experience":327749,"relics_obtained":[{"floor":6.0,"key":"Frozen Egg 2"},{"floor":8.0,"key":"Anchor"},{"floor":9.0,"key":"PreservedInsect"},{"floor":10.0,"key":"The Courier"},{"floor":14.0,"key":"Mummified Hand"},{"floor":25,"key":"Lantern"},{"floor":26,"key":"Ornamental Fan"},{"floor":27,"key":"Oddly Smooth Stone"},{"floor":40,"key":"Ice Cream"},{"floor":43,"key":"Pen Nib"},{"floor":44,"key":"Gremlin Horn"},{"floor":46,"key":"Dead Branch"}],"event_choices":[{"damage_healed":0.0,"max_hp_gain":0.0,"max_hp_loss":0.0,"gold_gain":0.0,"event_name":"Golden Idol","player_choice":"Take Damage","floor":4.0,"gold_loss":0.0,"damage_taken":20.0,"relics_obtained":["Golden Idol"]},{"damage_healed":0.0,"max_hp_gain":0.0,"max_hp_loss":0.0,"gold_gain":0.0,"event_name":"Living Wall","player_choice":"Grow","floor":5.0,"gold_loss":0.0,"damage_taken":0.0,"cards_upgraded":["True Grit"]},{"damage_healed":26.0,"max_hp_gain":0.0,"max_hp_loss":0.0,"gold_gain":0.0,"event_name":"Big Fish","player_choice":"Banana","floor":13.0,"gold_loss":0.0,"damage_taken":0.0},{"damage_healed":0.0,"max_hp_gain":0.0,"max_hp_loss":0.0,"gold_gain":0.0,"event_name":"Ghosts","player_choice":"Ignored","floor":19.0,"gold_loss":0.0,"damage_taken":0.0},{"damage_healed":0.0,"max_hp_gain":0.0,"max_hp_loss":0.0,"gold_gain":0.0,"event_name":"Addict","player_choice":"Obtained Relic","floor":22.0,"gold_loss":85.0,"damage_taken":0.0,"relics_obtained":["Blood Vial"]},{"damage_healed":0,"gold_gain":0,"player_choice":"Became a vampire (Vial)","damage_taken":0,"max_hp_gain":0,"max_hp_loss":0,"event_name":"Vampires","floor":31,"relics_lost":["Blood Vial"],"gold_loss":0,"cards_obtained":["Bite","Bite","Bite","Bite","Bite"]},{"damage_healed":0,"gold_gain":0,"player_choice":"Memory 1","damage_taken":0,"max_hp_gain":0,"max_hp_loss":0,"event_name":"SensoryStone","floor":36,"gold_loss":0},{"damage_healed":0,"gold_gain":333,"player_choice":"Gave Idol","damage_taken":0,"max_hp_gain":0,"max_hp_loss":0,"event_name":"The Moai Head","floor":38,"relics_lost":["Golden Idol"],"gold_loss":0},{"damage_healed":0,"gold_gain":0,"player_choice":"Fight","damage_taken":0,"max_hp_gain":0,"max_hp_loss":0,"event_name":"MindBloom","floor":46,"gold_loss":0}],"is_beta":false,"boss_relics":[{"not_picked":["Runic Cube","Lizard Tail"],"picked":"Black Blood"},{"not_picked":["Empty Cage","Eternal Feather"],"picked":"Runic Pyramid"}],"items_purged_floors":[21],"is_endless":false,"potions_floor_spawned":[1,8,20,27,33,35,39,47],"ascension_level":13}