{"gold_per_floor":[114,87,87,97,97,97,114,114,114,114,128,128,53,85,85,184,184,184,184,184,84,97,97,129,129,153,171,171,46,46,61,61,166,166,180,199,199,199,299,312,312,0,0,0,18,18,18,28,28,28],"floor_reached":50,"playtime":4019,"items_purged":["Parasite","Normality","Writhe"],"score":481,"play_id":"f4a550ab-5a1e-4f55-9269-02ee65f4cb9b","local_time":"20190814184632","is_ascension_mode":false,"campfire_choices":[{"data":"Perfected Strike","floor":6.0,"key":"SMITH"},{"data":"Bash","floor":8.0,"key":"SMITH"},{"data":"Dropkick","floor":10.0,"key":"SMITH"},{"data":"Armaments","floor":15.0,"key":"SMITH"},{"data":"Impervious","floor":23.0,"key":"SMITH"},{"data":"Ghostly","floor":28.0,"key":"SMITH"},{"data":"Ghostly","floor":30.0,"key":"SMITH"},{"data":"Ghostly","floor":32.0,"key":"SMITH"},{"data":"Ghostly","floor":41.0,"key":"SMITH"},{"data":"Demon Form","floor":44.0,"key":"SMITH"},{"data":"Cleave","floor":46.0,"key":"SMITH"},{"floor":49.0,"key":"RECALL"}],"neow_cost":"NONE","seed_source_timestamp":0,"circlet_count":0,"master_deck":["Strike_R","Strike_R","Strike_R","Strike_R","Defend_R","Defend_R","Defend_R+1","Defend_R","Bash+1","Dropkick+1","Perfected Strike+1","Armaments+1","Cleave+1","Impervious+1","Injury","Thunderclap+1","Rage+1","Ghostly+1","Ghostly+1","Ghostly+1","Ghostly+1","Ghostly+1","Shrug It Off+1","Demon Form+1","Heavy Blade+1","Parasite","Seeing Red+1"],"special_seed":0,"relics":["Coffee Dripper","Meat on the Bone","Centennial Puzzle","Calling Bell","PreservedInsect","Torii","Matryoshka","Regal Pillow","Shuriken","Letter Opener","War Paint","Busted Crown","Du-Vu Doll","Red Mask","Calipers"],"potions_floor_usage":[50],"damage_taken":[{"damage":2.0,"enemies":"Small Slimes","floor":1.0,"turns":4.0},{"damage":6.0,"enemies":"Jaw Worm","floor":4.0,"turns":2.0},{"damage":0.0,"enemies":"Cultist","floor":7.0,"turns":2.0},{"damage":0.0,"enemies":"Large Slime","floor":11.0,"turns":2.0},{"damage":10.0,"enemies":"3 Sentries","floor":14.0,"turns":8.0},{"damage":3.0,"enemies":"Slime Boss","floor":16.0,"turns":8.0},{"damage":0.0,"enemies":"2 Thieves","floor":18.0,"turns":1.0},{"damage":0.0,"enemies":"3 Byrds","floor":22.0,"turns":6.0},{"damage":38.0,"enemies":"Gremlin Leader","floor":24.0,"turns":6.0},{"damage":2.0,"enemies":"3 Cultists","floor":27.0,"turns":7.0},{"damage":3.0,"enemies":"Snake Plant","floor":31.0,"turns":4.0},{"damage":29.0,"enemies":"Collector","floor":33.0,"turns":15.0},{"damage":1.0,"enemies":"Orb Walker","floor":35.0,"turns":3.0},{"damage":0.0,"enemies":"3 Darklings","floor":36.0,"turns":5.0},{"damage":1.0,"enemies":"Mind Bloom Boss Battle","floor":39.0,"turns":8.0},{"damage":1.0,"enemies":"Transient","floor":40.0,"turns":5.0},{"damage":1.0,"enemies":"Writhing Mass","floor":45.0,"turns":8.0},{"damage":1.0,"enemies":"Jaw Worm Horde","floor":48.0,"turns":5.0},{"damage":36,"enemies":"Awakened One","floor":50,"turns":11}],"seed_played":"6650020056659808675","potions_obtained":[{"floor":1.0,"key":"Fire Potion"},{"floor":14.0,"key":"SmokeBomb"},{"floor":16.0,"key":"Energy Potion"},{"floor":24.0,"key":"Ancient Potion"},{"floor":27.0,"key":"Energy Potion"},{"floor":31.0,"key":"Fire Potion"},{"floor":39.0,"key":"SpeedPotion"},{"floor":48.0,"key":"SpeedPotion"}],"is_trial":false,"path_per_floor":["M","$","?","M","?","R","M","R","T","R","M","?","$","E","R","B",null,"M","?","T","$","M","R","E","?","T","M","R","$","R","M","R","B",null,"M","M","?","?","?","M","R","?","T","R","M","R","$","M","R","B"],"character_chosen":"IRONCLAD","items_purchased":["Perfected Strike"],"campfire_rested":0,"item_purchase_floors":[2],"current_hp_per_floor":[78,78,78,72,64,64,64,64,64,64,64,80,77,67,67,64,77,77,63,63,63,63,63,37,37,37,35,35,35,35,32,32,15,41,40,40,40,40,39,38,38,38,38,38,37,37,37,36,36,0],"gold":28,"neow_bonus":"BOSS_RELIC","is_prod":false,"is_daily":false,"chose_seed":false,"campfire_upgraded":11,"win_rate":0,"timestamp":1565801192,"path_taken":["M","$","?","M","?","R","?","R","T","R","M","?","?","E","R","BOSS","M","?","?","$","M","R","E","?","T","M","R","$","R","M","R","BOSS","M","M","?","?","?","M","R","?","T","R","?","R","$","M","R","BOSS"],"build_version":"2019-01-23","purchased_purges":3,"victory":false,"max_hp_per_floor":[80,80,80,80,80,80,80,80,80,80,80,80,77,77,77,77,77,77,82,82,82,82,82,82,41,41,41,41,41,41,41,41,41,41,41,41,41,41,41,41,41,41,41,41,41,41,41,41,41,41],"card_choices":[{"not_picked":["Shrug It Off","Clash"],"picked":"Dropkick","floor":1.0},{"not_picked":["Battle Trance","Clothesline","Disarm"],"picked":"SKIP","floor":4.0},{"not_picked":["Sword Boomerang","Carnage","Wild Strike"],"picked":"SKIP","floor":7.0},{"not_picked":["Bludgeon","Shrug It Off"],"picked":"Armaments","floor":11.0},{"not_picked":["Hemokinesis","Fiend Fire"],"picked":"Cleave","floor":14.0},{"not_picked":["Brutality","Juggernaut"],"picked":"Impervious","floor":16.0},{"not_picked":["Sentinel","Sword Boomerang"],"picked":"Thunderclap+1","floor":22.0},{"not_picked":["Shockwave","Armaments"],"picked":"Rage+1","floor":24.0},{"not_picked":["Warcry+1","True Grit"],"picked":"Shrug It Off+1","floor":27.0},{"not_picked":["Rampage","True Grit","Shrug It Off"],"picked":"SKIP","floor":31.0},{"not_picked":["Brutality","Exhume"],"picked":"Demon Form","floor":33.0},{"not_picked":["Thunderclap"],"picked":"SKIP","floor":35.0},{"not_picked":["True Grit"],"picked":"SKIP","floor":36.0},{"not_picked":[],"picked":"Heavy Blade+1","floor":39.0},{"not_picked":["Sword Boomerang"],"picked":"SKIP","floor":40.0},{"not_picked":[],"picked":"Seeing Red+1","floor":45.0},{"not_picked":["Clothesline+1"],"picked":"SKIP","floor":48.0}],"player_experience":216971,"relics_obtained":[{"floor":9.0,"key":"Meat on the Bone"},{"floor":14.0,"key":"Centennial Puzzle"},{"floor":17.0,"key":"PreservedInsect"},{"floor":17.0,"key":"Torii"},{"floor":17.0,"key":"Matryoshka"},{"floor":20.0,"key":"Regal Pillow"},{"floor":20.0,"key":"Shuriken"},{"floor":24.0,"key":"Letter Opener"},{"floor":26.0,"key":"War Paint"},{"floor":39.0,"key":"Du-Vu Doll"},{"floor":43.0,"key":"Calipers"}],"event_choices":[{"damage_healed":0.0,"max_hp_gain":0.0,"max_hp_loss":0.0,"gold_gain":0.0,"event_name":"Shining Light","player_choice":"Ignored","floor":3.0,"gold_loss":0.0,"damage_taken":0.0},{"damage_healed":0.0,"max_hp_gain":0.0,"max_hp_loss":0.0,"gold_gain":0.0,"event_name":"Wheel of Change","player_choice":"Damaged","floor":5.0,"gold_loss":0.0,"damage_taken":8.0},{"damage_healed":20.0,"max_hp_gain":0.0,"max_hp_loss":0.0,"gold_gain":0.0,"event_name":"Mushrooms","player_choice":"Healed and dodged fight","floor":12.0,"gold_loss":0.0,"damage_taken":0.0,"cards_obtained":["Parasite"]},{"damage_healed":0.0,"max_hp_gain":5.0,"max_hp_loss":0.0,"gold_gain":0.0,"event_name":"Forgotten Altar","player_choice":"Shed Blood","floor":19.0,"gold_loss":0.0,"damage_taken":19.0},{"damage_healed":0.0,"max_hp_gain":0.0,"max_hp_loss":41.0,"gold_gain":0.0,"event_name":"Ghosts","player_choice":"Became a Ghost","floor":25.0,"gold_loss":0.0,"damage_taken":0.0,"cards_obtained":["Ghostly","Ghostly","Ghostly","Ghostly","Ghostly"]},{"damage_healed":0.0,"max_hp_gain":0.0,"max_hp_loss":0.0,"gold_gain":0.0,"event_name":"Mysterious Sphere","player_choice":"Ignored","floor":37.0,"gold_loss":0.0,"damage_taken":0.0},{"cards_removed":["Strike_R"],"damage_healed":0.0,"max_hp_gain":0.0,"max_hp_loss":0.0,"gold_gain":0.0,"event_name":"Falling","player_choice":"Removed Attack","floor":38.0,"gold_loss":0.0,"damage_taken":0.0},{"damage_healed":0.0,"max_hp_gain":0.0,"max_hp_loss":0.0,"gold_gain":0.0,"event_name":"MindBloom","player_choice":"Fight","floor":39.0,"gold_loss":0.0,"damage_taken":0.0},{"damage_healed":0.0,"max_hp_gain":0.0,"max_hp_loss":0.0,"gold_gain":0.0,"event_name":"Tomb of Lord Red Mask","player_choice":"Paid","floor":42.0,"gold_loss":312.0,"damage_taken":0.0,"relics_obtained":["Red Mask"]}],"is_beta":false,"boss_relics":[{"not_picked":["Orrery","Runic Dome"],"picked":"Calling Bell"},{"not_picked":["Runic Cube","Eternal Feather"],"picked":"Busted Crown"}],"items_purged_floors":[13,21,29],"is_endless":false,"potions_floor_spawned":[1,14,16,24,27,31,39,48],"killed_by":"Awakened One","ascension_level":0}