{"gold_per_floor":[109,125,144,0,20,52,52,85,135,150,150,162,162,176,176,253,253,271,19,35,68,79,79],"floor_reached":23,"playtime":1247,"items_purged":[],"score":338,"play_id":"9dd0c8d0-5d27-4bf1-b89f-cc9165df69a3","local_time":"20190701165821","is_ascension_mode":true,"campfire_choices":[{"data":"Armaments","floor":7.0,"key":"SMITH"},{"data":"Metallicize","floor":11.0,"key":"SMITH"},{"data":"Cleave","floor":15.0,"key":"SMITH"}],"neow_cost":"NONE","seed_source_timestamp":937542343218789,"circlet_count":0,"master_deck":["AscendersBane","Strike_R","Strike_R+1","Strike_R","Strike_R+1","Defend_R","Defend_R","Defend_R","Defend_R","Bash","Armaments+1","Iron Wave","Cleave+1","Clothesline","Metallicize+1","Anger","Metallicize","Pommel Strike","Clothesline","Demon Form","Pain","Writhe","Parasite","Flame Barrier","True Grit+1","Corruption","Heavy Blade","Headbutt","True Grit+1"],"special_seed":0,"relics":["Burning Blood","Orichalcum","Mercury Hourglass","Bottled Tornado","Whetstone","Calling Bell","Smiling Mask","Self Forming Clay","Prayer Wheel","Toxic Egg 2","Red Mask"],"potions_floor_usage":[21,21,23,23,23],"damage_taken":[{"damage":1.0,"enemies":"Cultist","floor":1.0,"turns":4.0},{"damage":7.0,"enemies":"Small Slimes","floor":2.0,"turns":3.0},{"damage":2.0,"enemies":"2 Louse","floor":3.0,"turns":2.0},{"damage":7.0,"enemies":"2 Fungi Beasts","floor":5.0,"turns":4.0},{"damage":15.0,"enemies":"Lagavulin","floor":6.0,"turns":8.0},{"damage":11.0,"enemies":"3 Sentries","floor":8.0,"turns":6.0},{"damage":0.0,"enemies":"Looter","floor":10.0,"turns":3.0},{"damage":9.0,"enemies":"Large Slime","floor":12.0,"turns":5.0},{"damage":0.0,"enemies":"2 Fungi Beasts","floor":14.0,"turns":3.0},{"damage":32.0,"enemies":"The Guardian","floor":16.0,"turns":13.0},{"damage":17.0,"enemies":"Spheric Guardian","floor":18.0,"turns":6.0},{"damage":7.0,"enemies":"Chosen","floor":20.0,"turns":7.0},{"damage":18,"enemies":"Masked Bandits","floor":21,"turns":5},{"damage":40,"enemies":"3 Cultists","floor":22,"turns":6},{"damage":18,"enemies":"Book of Stabbing","floor":23,"turns":7}],"seed_played":"-6475816429831515644","potions_obtained":[{"floor":3.0,"key":"GamblersBrew"},{"floor":10.0,"key":"Ancient Potion"},{"floor":12.0,"key":"FearPotion"},{"floor":16.0,"key":"Energy Potion"},{"floor":22,"key":"EntropicBrew"}],"is_trial":false,"path_per_floor":["M","M","M","$","M","E","R","E","T","M","R","M","?","M","R","B",null,"M","$","M","?","M","E"],"character_chosen":"IRONCLAD","items_purchased":["Orichalcum","Toxic Egg 2"],"campfire_rested":0,"item_purchase_floors":[4,19],"current_hp_per_floor":[77,76,80,80,79,70,70,65,65,71,71,68,68,74,74,48,72,61,61,60,48,14,0],"gold":79,"neow_bonus":"THREE_CARDS","is_prod":false,"is_daily":false,"chose_seed":false,"campfire_upgraded":3,"win_rate":0,"timestamp":1562018301,"path_taken":["M","M","M","?","M","E","R","E","T","?","R","M","?","M","R","BOSS","M","$","M","?","M","E"],"build_version":"2019-01-23","purchased_purges":0,"victory":false,"max_hp_per_floor":[80,80,80,80,80,80,80,80,80,80,80,80,80,80,80,80,80,80,80,80,80,80,80],"card_choices":[{"not_picked":["Warcry","Sword Boomerang"],"picked":"Armaments","floor":0.0},{"not_picked":["Clash","Shockwave"],"picked":"Iron Wave","floor":1.0},{"not_picked":["Armaments","Flex"],"picked":"Cleave","floor":2.0},{"not_picked":["Sword Boomerang","True Grit"],"picked":"Clothesline","floor":3.0},{"not_picked":["Iron Wave","Entrench"],"picked":"Metallicize","floor":5.0},{"not_picked":["Dropkick","Fire Breathing"],"picked":"Anger","floor":6.0},{"not_picked":["Flex","Anger","Havoc"],"picked":"SKIP","floor":8.0},{"not_picked":["Clothesline","Havoc"],"picked":"Metallicize","floor":10.0},{"not_picked":["Thunderclap","Clothesline"],"picked":"Pommel Strike","floor":12.0},{"not_picked":["Thunderclap","Pummel"],"picked":"Clothesline","floor":14.0},{"not_picked":["Juggernaut","Impervious"],"picked":"Demon Form","floor":16.0},{"not_picked":["Blood for Blood","Havoc"],"picked":"Flame Barrier","floor":18.0},{"not_picked":["Perfected Strike","Sentinel","Anger"],"picked":"SKIP","floor":18.0},{"not_picked":["Armaments+1","Cleave"],"picked":"True Grit+1","floor":20.0},{"not_picked":["Cleave+1","Sword Boomerang"],"picked":"Corruption","floor":20.0},{"not_picked":["Whirlwind","Rampage"],"picked":"Heavy Blade","floor":21},{"not_picked":["Combust","Clothesline"],"picked":"Headbutt","floor":22},{"not_picked":["Perfected Strike","Heavy Blade"],"picked":"True Grit+1","floor":22}],"player_experience":316862,"relics_obtained":[{"floor":6.0,"key":"Mercury Hourglass"},{"floor":8.0,"key":"Bottled Tornado"},{"floor":9.0,"key":"Whetstone"},{"floor":17.0,"key":"Smiling Mask"},{"floor":17.0,"key":"Self Forming Clay"},{"floor":17.0,"key":"Prayer Wheel"},{"floor":21,"key":"Red Mask"}],"event_choices":[{"cards_removed":["Strike_R"],"damage_healed":0.0,"max_hp_gain":0.0,"max_hp_loss":0.0,"gold_gain":0.0,"event_name":"Living Wall","player_choice":"Forget","floor":13.0,"gold_loss":0.0,"damage_taken":0.0},{"damage_healed":0,"gold_gain":0,"player_choice":"Fought Bandits","damage_taken":0,"max_hp_gain":0,"max_hp_loss":0,"event_name":"Masked Bandits","floor":21,"gold_loss":0}],"is_beta":false,"boss_relics":[{"not_picked":["Runic Dome","Lizard Tail"],"picked":"Calling Bell"}],"items_purged_floors":[],"is_endless":false,"potions_floor_spawned":[3,10,12,14,16,22],"killed_by":"Book of Stabbing","ascension_level":13}