{"gold_per_floor":[360,234,249,263,283,77,92,146,169,194,269,269,298,316,316,419,419,436,449,92,92,109,109,26,126,151,151,179,94,94,94,94,94],"floor_reached":33,"playtime":3769,"items_purged":["Decay","Searing Blow"],"score":273,"play_id":"82ea258a-c80a-4fbf-85de-55f3f687e273","local_time":"20181213140628","is_ascension_mode":false,"campfire_choices":[{"floor":12,"key":"REST"},{"floor":15,"key":"REST"},{"data":"True Grit","floor":23,"key":"SMITH"},{"floor":27,"key":"REST"},{"floor":32,"key":"REST"}],"neow_cost":"CURSE","seed_source_timestamp":1706154141622559,"circlet_count":0,"master_deck":["Bash+1","Armaments","True Grit+1","Flex","Shrug It Off","Rebound","Reinforced Body","Turbo","Beam Cell","Dropkick","Doppelganger","Pummel","Warcry","Clash","Havoc","Iron Wave","Intimidate","Sever Soul","Clothesline","Sunder+1","Turbo","Flash of Steel","Shrug It Off","Beam Cell","Battle Trance","Beam Cell+1"],"relics":["Burning Blood","PrismaticShard","Oddly Smooth Stone","Dream Catcher","Letter Opener","Potion Belt","Pandora\u0027s Box","Sundial","WingedGreaves","Bottled Flame","Bronze Scales","The Courier","Art of War","Whetstone","SsserpentHead"],"potions_floor_usage":[10,13,22,25,28],"damage_taken":[{"damage":7,"enemies":"Cultist","floor":1,"turns":4},{"damage":0,"enemies":"2 Louse","floor":3,"turns":4},{"damage":6,"enemies":"Jaw Worm","floor":4,"turns":4},{"damage":7,"enemies":"2 Fungi Beasts","floor":5,"turns":4},{"damage":14,"enemies":"Lots of Slimes","floor":7,"turns":6},{"damage":28,"enemies":"Lagavulin","floor":10,"turns":9},{"damage":40,"enemies":"3 Sentries","floor":13,"turns":17},{"damage":0,"enemies":"3 Louse","floor":14,"turns":3},{"damage":48,"enemies":"Slime Boss","floor":16,"turns":24},{"damage":12,"enemies":"Spheric Guardian","floor":18,"turns":4},{"damage":18,"enemies":"Shell Parasite","floor":19,"turns":5},{"damage":0,"enemies":"Centurion and Healer","floor":22,"turns":4},{"damage":6,"enemies":"Colosseum Slavers","floor":25,"turns":4},{"damage":52,"enemies":"Colosseum Nobs","floor":25,"turns":4},{"damage":8,"enemies":"Book of Stabbing","floor":28,"turns":4},{"damage":98,"enemies":"Collector","floor":33,"turns":7}],"seed_played":"858222628551254820","potions_obtained":[{"floor":1,"key":"Regen Potion"},{"floor":3,"key":"BloodPotion"},{"floor":13,"key":"Strength Potion"},{"floor":16,"key":"Regen Potion"},{"floor":18,"key":"Explosive Potion"}],"is_trial":false,"path_per_floor":["M","$","M","M","M","$","M","T","T","E","?","R","E","M","R","B",null,"M","M","$","?","M","R","$","?","T","R","E","?","T","?","R","B"],"character_chosen":"IRONCLAD","items_purchased":["True Grit","PrismaticShard","Sundial","Flash of Steel"],"campfire_rested":4,"item_purchase_floors":[2,6,20,24],"current_hp_per_floor":[79,79,80,80,79,79,71,71,71,63,52,76,50,56,80,38,80,74,62,62,62,68,68,68,22,22,46,56,56,56,56,80,0],"gold":94,"neow_bonus":"TWO_FIFTY_GOLD","is_prod":false,"is_daily":false,"chose_seed":false,"campfire_upgraded":1,"win_rate":0,"timestamp":1544688388,"path_taken":["M","$","M","?","M","$","M","?","T","E","?","R","E","?","R","BOSS","M","M","$","?","?","R","$","?","T","R","E","?","?","?","R","BOSS"],"build_version":"2018-12-06","purchased_purges":2,"victory":false,"max_hp_per_floor":[80,80,80,80,80,80,80,80,80,80,80,80,80,80,80,80,80,80,80,80,80,80,80,80,80,80,80,80,80,80,80,80,80],"card_choices":[{"not_picked":["Pommel Strike","Fire Breathing"],"picked":"Armaments","floor":1},{"not_picked":["Perfected Strike","Shrug It Off"],"picked":"Clothesline","floor":3},{"not_picked":["True Grit","Twin Strike"],"picked":"Flex","floor":4},{"not_picked":["Havoc","Perfected Strike"],"picked":"Shrug It Off","floor":5},{"not_picked":["Fusion","Slice"],"picked":"Rebound","floor":7},{"not_picked":["Bane","True Grit"],"picked":"Reinforced Body","floor":10},{"not_picked":["Havoc","Sadistic Nature"],"picked":"Turbo","floor":12},{"not_picked":["True Grit","All Out Attack","Dagger Spray"],"picked":"SKIP","floor":13},{"not_picked":["Distraction","Streamline"],"picked":"Beam Cell","floor":14},{"not_picked":["Headbutt","Rage"],"picked":"Dropkick","floor":15},{"not_picked":["Thinking Ahead","Thinking Ahead"],"picked":"Doppelganger","floor":16},{"not_picked":["Go for the Eyes+1","Catalyst"],"picked":"Sunder","floor":18},{"not_picked":["Thunderclap","Armaments","Acrobatics"],"picked":"SKIP","floor":19},{"not_picked":["Streamline","Iron Wave"],"picked":"Turbo","floor":22},{"not_picked":["Bane","Clash"],"picked":"Shrug It Off","floor":25},{"not_picked":["Dropkick","Bloodletting"],"picked":"Beam Cell","floor":27},{"not_picked":["Slice","Tools of the Trade"],"picked":"Battle Trance","floor":28},{"not_picked":["Hello World+1","Gash"],"picked":"Beam Cell+1","floor":32}],"player_experience":231127,"relics_obtained":[{"floor":8,"key":"Oddly Smooth Stone"},{"floor":9,"key":"Dream Catcher"},{"floor":10,"key":"Letter Opener"},{"floor":13,"key":"Potion Belt"},{"floor":25,"key":"WingedGreaves"},{"floor":25,"key":"Bottled Flame"},{"floor":26,"key":"Bronze Scales"},{"floor":28,"key":"The Courier"},{"floor":30,"key":"Whetstone"}],"event_choices":[{"damage_healed":0,"gold_gain":75,"player_choice":"Gather Gold","damage_taken":11,"max_hp_gain":0,"max_hp_loss":0,"event_name":"World of Goop","floor":11,"gold_loss":0},{"cards_removed":["Clothesline"],"damage_healed":0,"gold_gain":0,"player_choice":"Card Removal","damage_taken":0,"max_hp_gain":0,"max_hp_loss":0,"event_name":"Wheel of Change","floor":21,"gold_loss":0},{"damage_healed":0,"gold_gain":0,"player_choice":"Fight","damage_taken":0,"max_hp_gain":0,"max_hp_loss":0,"event_name":"Colosseum","floor":25,"gold_loss":0},{"damage_healed":0,"gold_gain":0,"player_choice":"Fought Nobs","damage_taken":0,"max_hp_gain":0,"max_hp_loss":0,"event_name":"Colosseum","floor":25,"gold_loss":0},{"damage_healed":0,"gold_gain":0,"player_choice":"Obtained Relic","damage_taken":0,"relics_obtained":["Art of War"],"max_hp_gain":0,"max_hp_loss":0,"event_name":"Addict","floor":29,"gold_loss":85},{"damage_healed":0,"gold_gain":0,"player_choice":"Trade","damage_taken":0,"relics_obtained":["SsserpentHead"],"max_hp_gain":0,"max_hp_loss":0,"event_name":"FaceTrader","floor":31,"gold_loss":0}],"is_beta":false,"boss_relics":[{"not_picked":["Runic Pyramid","Philosopher\u0027s Stone"],"picked":"Pandora\u0027s Box"}],"items_purged_floors":[2,20],"is_endless":false,"potions_floor_spawned":[1,3,13,16,18,25],"killed_by":"Collector","ascension_level":0}