{"gold_per_floor":[116,191,206,131,149,179,179,179,202,202,232,232,252,279,279,279],"floor_reached":16,"playtime":611,"items_purged":["Defend_R"],"score":142,"play_id":"765abef8-e135-4291-a92c-3946800aca7d","local_time":"20190813190442","is_ascension_mode":true,"campfire_choices":[{"data":"Bash","floor":8,"key":"SMITH"},{"data":"Spot Weakness","floor":10,"key":"SMITH"},{"floor":12,"key":"REST"},{"floor":15,"key":"REST"}],"neow_cost":"NONE","seed_source_timestamp":33069622823640,"circlet_count":0,"master_deck":["Strike_R","Strike_R","Strike_R","Strike_R","Strike_R","Defend_R","Defend_R","Defend_R","Bash+1","Heavy Blade","Spot Weakness+1","Shrug It Off","Headbutt","Berserk+1","Disarm","Barricade+1"],"relics":["Burning Blood","Blood Vial","Anchor","Frozen Egg 2","Thread and Needle"],"potions_floor_usage":[14,16,16],"damage_taken":[{"damage":0,"enemies":"Small Slimes","floor":1,"turns":3},{"damage":7,"enemies":"Jaw Worm","floor":3,"turns":3},{"damage":6,"enemies":"Cultist","floor":5,"turns":4},{"damage":31,"enemies":"3 Sentries","floor":6,"turns":8},{"damage":32,"enemies":"Lagavulin","floor":11,"turns":5},{"damage":19,"enemies":"Looter","floor":13,"turns":4},{"damage":37,"enemies":"3 Sentries","floor":14,"turns":6},{"damage":41,"enemies":"Hexaghost","floor":16,"turns":10}],"seed_played":"3715339841294526558","potions_obtained":[{"floor":5,"key":"Strength Potion"},{"floor":6,"key":"LiquidBronze"},{"floor":14,"key":"EssenceOfSteel"}],"is_trial":false,"path_per_floor":["M","?","M","$","M","E","?","R","T","R","E","R","M","E","R","B"],"character_chosen":"IRONCLAD","items_purchased":[],"campfire_rested":2,"item_purchase_floors":[],"current_hp_per_floor":[88,77,76,76,76,51,51,51,51,51,27,53,42,13,39,0],"gold":279,"neow_bonus":"TEN_PERCENT_HP_BONUS","is_prod":false,"is_daily":false,"chose_seed":false,"campfire_upgraded":2,"win_rate":0,"timestamp":1565748282,"path_taken":["M","?","M","$","M","E","?","R","T","R","E","R","M","E","R","BOSS"],"build_version":"2019-07-17","purchased_purges":1,"victory":false,"max_hp_per_floor":[88,88,88,88,88,88,88,88,88,88,88,88,88,88,88,88],"card_choices":[{"not_picked":["Dropkick","Searing Blow"],"picked":"Heavy Blade","floor":1},{"not_picked":["Uppercut","Warcry"],"picked":"Spot Weakness","floor":3},{"not_picked":["Heavy Blade","Hemokinesis"],"picked":"Shrug It Off","floor":5},{"not_picked":["Clash","Rage"],"picked":"Headbutt","floor":6},{"not_picked":["Clothesline","Clash"],"picked":"Berserk","floor":11},{"not_picked":["Corruption+1","Perfected Strike"],"picked":"Disarm","floor":13},{"not_picked":["Flame Barrier","Uppercut"],"picked":"Barricade+1","floor":14}],"player_experience":364970,"relics_obtained":[{"floor":6,"key":"Blood Vial"},{"floor":9,"key":"Anchor"},{"floor":11,"key":"Frozen Egg 2"},{"floor":14,"key":"Thread and Needle"}],"event_choices":[{"damage_healed":0,"gold_gain":75,"player_choice":"Gather Gold","damage_taken":11,"max_hp_gain":0,"max_hp_loss":0,"event_name":"World of Goop","floor":2,"gold_loss":0},{"damage_healed":0,"gold_gain":0,"player_choice":"Ignored","damage_taken":0,"max_hp_gain":0,"max_hp_loss":0,"event_name":"Liars Game","floor":7,"gold_loss":0}],"is_beta":false,"boss_relics":[],"items_purged_floors":[4],"is_endless":false,"potions_floor_spawned":[5,6,14],"killed_by":"Hexaghost","ascension_level":4}