{"gold_per_floor":[118,137,153,0,0,32,32,57,57,84,84,84,111,111,111,188,188,207,226,226,243,20,50,50,50,50,85,85,113,113,13,13,85,85,99,99,117,117,130,156,10,10],"floor_reached":42,"playtime":2657,"items_purged":["Parasite","Strike_G"],"score":976,"play_id":"f3c6d85a-c0ac-4932-ade3-e5612a7c4871","local_time":"20190817175529","is_ascension_mode":true,"campfire_choices":[{"floor":7.0,"key":"REST"},{"floor":12.0,"key":"REST"},{"floor":15.0,"key":"REST"},{"floor":25.0,"key":"REST"},{"floor":28.0,"key":"REST"},{"data":"Burst","floor":30.0,"key":"SMITH"},{"floor":32.0,"key":"REST"}],"neow_cost":"CURSE","seed_source_timestamp":53480649402300,"circlet_count":0,"master_deck":["AscendersBane","Strike_G","Strike_G","Strike_G","Defend_G","Defend_G","Defend_G","Defend_G","Defend_G","Survivor","Neutralize","Predator","Noxious Fumes","Crippling Poison","Footwork","Skewer","Leg Sweep","Leg Sweep","Distraction","Burst+1","Well Laid Plans+1","Dodge and Roll","Crippling Poison","Caltrops+1","PiercingWail","Burst","Deadly Poison","Impatience","Bandage Up","Discovery","Dodge and Roll+1","Backflip"],"special_seed":0,"relics":["Ring of the Snake","StoneCalendar","Centennial Puzzle","Paper Crane","Frozen Egg 2","Potion Belt","Snake Skull","Strawberry","Omamori","Cursed Key","WarpedTongs","TwistedFunnel","Art of War","Question Card","Oddly Smooth Stone","Red Mask","Black Star","MawBank","Du-Vu Doll","PreservedInsect"],"potions_floor_usage":[42],"damage_taken":[{"damage":0.0,"enemies":"Cultist","floor":1.0,"turns":4.0},{"damage":0.0,"enemies":"Small Slimes","floor":2.0,"turns":3.0},{"damage":1.0,"enemies":"Jaw Worm","floor":3.0,"turns":6.0},{"damage":23.0,"enemies":"Lagavulin","floor":6.0,"turns":7.0},{"damage":31.0,"enemies":"Gremlin Nob","floor":8.0,"turns":4.0},{"damage":8.0,"enemies":"Lagavulin","floor":10.0,"turns":8.0},{"damage":14.0,"enemies":"3 Sentries","floor":13.0,"turns":7.0},{"damage":16.0,"enemies":"The Guardian","floor":16.0,"turns":10.0},{"damage":1.0,"enemies":"Chosen","floor":18.0,"turns":5.0},{"damage":14.0,"enemies":"Spheric Guardian","floor":19.0,"turns":7.0},{"damage":0.0,"enemies":"Centurion and Healer","floor":21.0,"turns":7.0},{"damage":11.0,"enemies":"Book of Stabbing","floor":23.0,"turns":7.0},{"damage":19.0,"enemies":"Slavers","floor":27.0,"turns":4.0},{"damage":16.0,"enemies":"Masked Bandits","floor":29.0,"turns":4.0},{"damage":11.0,"enemies":"Champ","floor":33.0,"turns":11.0},{"damage":3.0,"enemies":"Orb Walker","floor":35.0,"turns":5.0},{"damage":13.0,"enemies":"3 Darklings","floor":37.0,"turns":2.0},{"damage":5.0,"enemies":"Spire Growth","floor":39.0,"turns":6.0},{"damage":14.0,"enemies":"Giant Head","floor":40.0,"turns":10.0},{"damage":32,"enemies":"Reptomancer","floor":42,"turns":3}],"seed_played":"4890484147565131501","potions_obtained":[{"floor":3.0,"key":"Explosive Potion"},{"floor":6.0,"key":"SteroidPotion"},{"floor":10.0,"key":"PowerPotion"},{"floor":13.0,"key":"Poison Potion"},{"floor":19.0,"key":"Block Potion"},{"floor":35.0,"key":"Strength Potion"},{"floor":40.0,"key":"SpeedPotion"}],"is_trial":false,"path_per_floor":["M","M","M","$","?","E","R","E","T","E","?","R","E","?","R","B",null,"M","M","?","M","$","E","$","R","T","E","R","?","R","$","R","B",null,"M","?","M","?","M","E","$","E"],"character_chosen":"THE_SILENT","items_purchased":["Footwork","TwistedFunnel","PreservedInsect"],"campfire_rested":6,"item_purchase_floors":[4,22,41],"current_hp_per_floor":[59,59,58,58,58,35,53,22,22,14,16,37,23,16,37,21,58,57,43,43,43,43,32,32,53,53,34,55,39,39,39,60,49,65,62,62,49,39,38,28,28,0],"gold":10,"neow_bonus":"ONE_RARE_RELIC","is_prod":false,"is_daily":false,"chose_seed":false,"campfire_upgraded":1,"win_rate":0,"timestamp":1566057329,"path_taken":["M","?","M","$","?","E","R","E","T","E","?","R","E","?","R","BOSS","M","M","?","?","$","E","?","R","T","E","R","?","R","$","R","BOSS","M","?","M","?","M","E","$","E"],"build_version":"2019-07-17","purchased_purges":2,"victory":false,"max_hp_per_floor":[66,66,66,63,63,63,63,63,63,63,70,70,70,70,70,70,70,70,70,70,70,70,70,70,70,70,70,70,70,70,70,70,70,70,70,70,70,70,70,70,70,70],"card_choices":[{"not_picked":["Dagger Throw","Cloak And Dagger"],"picked":"Predator","floor":1.0},{"not_picked":["Finisher","Dagger Throw"],"picked":"Noxious Fumes","floor":2.0},{"not_picked":["Underhanded Strike","Calculated Gamble"],"picked":"Crippling Poison","floor":3.0},{"not_picked":["Flying Knee","Accuracy"],"picked":"Skewer","floor":6.0},{"not_picked":["Bane","Phantasmal Killer"],"picked":"Leg Sweep","floor":8.0},{"not_picked":["Quick Slash","Accuracy+1"],"picked":"Leg Sweep","floor":10.0},{"not_picked":["Deflect","Glass Knife"],"picked":"Distraction","floor":13.0},{"not_picked":["Venomology","Wraith Form v2+1"],"picked":"Burst","floor":16.0},{"not_picked":["Prepared","Expertise","Dagger Spray"],"picked":"SKIP","floor":18.0},{"not_picked":["Choke+1","Quick Slash+1"],"picked":"Well Laid Plans+1","floor":19.0},{"not_picked":["Acrobatics","Dagger Spray"],"picked":"Dodge and Roll","floor":21.0},{"not_picked":["Dodge and Roll","Underhanded Strike"],"picked":"Crippling Poison","floor":23.0},{"not_picked":["Phantasmal Killer","Dagger Spray","Flying Knee+1"],"picked":"Caltrops+1","floor":27.0},{"not_picked":["Blade Dance","Prepared","Dodge and Roll"],"picked":"PiercingWail","floor":29.0},{"not_picked":["Venomology","Die Die Die","Phantasmal Killer"],"picked":"Burst","floor":33.0},{"not_picked":["Predator","Blade Dance","Finisher"],"picked":"Deadly Poison","floor":35.0},{"not_picked":["Outmaneuver","Poisoned Stab","Accuracy+1","Quick Slash+1"],"picked":"SKIP","floor":37.0},{"not_picked":["Jack Of All Trades","Good Instincts","Apotheosis"],"picked":"Impatience","floor":38.0},{"not_picked":["PanicButton","Purity","Mind Blast"],"picked":"Bandage Up","floor":38.0},{"not_picked":["Master of Strategy","Magnetism+1","Panacea"],"picked":"Discovery","floor":38.0},{"not_picked":["Deflect","Dagger Spray+1","Predator"],"picked":"Dodge and Roll+1","floor":39.0},{"not_picked":["Underhanded Strike","Accuracy+1","Riddle With Holes"],"picked":"Backflip","floor":40.0}],"player_experience":1094495,"relics_obtained":[{"floor":6.0,"key":"Paper Crane"},{"floor":8.0,"key":"Frozen Egg 2"},{"floor":9.0,"key":"Potion Belt"},{"floor":10.0,"key":"Snake Skull"},{"floor":13.0,"key":"Omamori"},{"floor":23.0,"key":"Art of War"},{"floor":26.0,"key":"Question Card"},{"floor":27.0,"key":"Oddly Smooth Stone"},{"floor":29.0,"key":"Red Mask"},{"floor":40.0,"key":"MawBank"},{"floor":40.0,"key":"Du-Vu Doll"}],"event_choices":[{"damage_healed":0.0,"max_hp_gain":0.0,"max_hp_loss":0.0,"gold_gain":0.0,"event_name":"Big Fish","player_choice":"Box","floor":5.0,"gold_loss":0.0,"damage_taken":0.0,"relics_obtained":["Centennial Puzzle"],"cards_obtained":["Regret"]},{"damage_healed":0.0,"max_hp_gain":0.0,"max_hp_loss":0.0,"gold_gain":0.0,"event_name":"Scrap Ooze","player_choice":"Success","floor":11.0,"gold_loss":0.0,"damage_taken":5.0,"relics_obtained":["Strawberry"]},{"cards_removed":["Regret"],"damage_healed":0.0,"max_hp_gain":0.0,"max_hp_loss":0.0,"gold_gain":0.0,"event_name":"Golden Wing","player_choice":"Card Removal","floor":14.0,"gold_loss":0.0,"damage_taken":7.0},{"damage_healed":0.0,"max_hp_gain":0.0,"max_hp_loss":0.0,"gold_gain":0.0,"event_name":"Accursed Blacksmith","player_choice":"Rummage","floor":20.0,"gold_loss":0.0,"damage_taken":0.0,"relics_obtained":["WarpedTongs"],"cards_obtained":["Pain"]},{"damage_healed":0.0,"max_hp_gain":0.0,"max_hp_loss":0.0,"gold_gain":0.0,"event_name":"Masked Bandits","player_choice":"Fought Bandits","floor":29.0,"gold_loss":0.0,"damage_taken":0.0},{"cards_removed":["Strike_G"],"damage_healed":0.0,"max_hp_gain":0.0,"max_hp_loss":0.0,"gold_gain":0.0,"event_name":"Falling","player_choice":"Removed Attack","floor":36.0,"gold_loss":0.0,"damage_taken":0.0},{"damage_healed":0.0,"max_hp_gain":0.0,"max_hp_loss":0.0,"gold_gain":0.0,"event_name":"SensoryStone","player_choice":"Memory 3","floor":38.0,"gold_loss":0.0,"damage_taken":10.0}],"is_beta":false,"boss_relics":[{"not_picked":["HoveringKite","Coffee Dripper"],"picked":"Cursed Key"},{"not_picked":["Eternal Feather","Astrolabe"],"picked":"Black Star"}],"items_purged_floors":[4,31],"is_endless":false,"potions_floor_spawned":[3,6,10,13,19,35,40],"killed_by":"Reptomancer","ascension_level":20}