{"gold_per_floor":[109,109,128,128,151,151,182,182,182,216,33,71,36,36,36,36],"floor_reached":16,"playtime":822,"items_purged":["Injury"],"score":232,"play_id":"1fb0e046-1ef3-4601-891a-5a83204925a0","local_time":"20190819082341","is_ascension_mode":true,"campfire_choices":[{"data":"Blade Dance","floor":6.0,"key":"SMITH"},{"floor":8,"key":"REST"},{"data":"Deadly Poison","floor":15,"key":"SMITH"}],"neow_cost":"NONE","seed_source_timestamp":194503198609300,"circlet_count":0,"master_deck":["AscendersBane","Strike_G","Strike_G+1","Strike_G","Strike_G","Strike_G","Defend_G","Defend_G","Defend_G","Defend_G","Defend_G","Survivor","Neutralize","Endless Agony","Blade Dance+1","Sucker Punch","Deadly Poison+1","Impatience+1","Flechettes+1"],"special_seed":0,"relics":["Ring of the Snake","Golden Idol","Meat on the Bone","Strawberry","Singing Bowl","Unceasing Top","Molten Egg 2"],"potions_floor_usage":[7,10,12],"damage_taken":[{"damage":0.0,"enemies":"2 Louse","floor":1.0,"turns":4.0},{"damage":1.0,"enemies":"Small Slimes","floor":3.0,"turns":6.0},{"damage":6.0,"enemies":"Jaw Worm","floor":5.0,"turns":5.0},{"damage":22,"enemies":"3 Sentries","floor":7,"turns":9},{"damage":30,"enemies":"Lagavulin","floor":10,"turns":7},{"damage":14,"enemies":"3 Sentries","floor":12,"turns":8},{"damage":35,"enemies":"Hexaghost","floor":16,"turns":9}],"seed_played":"-2944852075024619335","potions_obtained":[{"floor":0.0,"key":"Strength Potion"},{"floor":0.0,"key":"Swift Potion"},{"floor":1.0,"key":"Fire Potion"},{"floor":7,"key":"PowerPotion"},{"floor":12,"key":"Ancient Potion"}],"is_trial":false,"path_per_floor":["M","?","M","?","M","R","E","R","T","E","$","E","?","?","R","B"],"character_chosen":"THE_SILENT","items_purchased":["Impatience"],"campfire_rested":1,"item_purchase_floors":[11],"current_hp_per_floor":[59,59,58,32,38,38,35,56,56,40,40,38,56,33,33,0],"gold":36,"neow_bonus":"THREE_SMALL_POTIONS","is_prod":false,"is_daily":false,"chose_seed":false,"campfire_upgraded":2,"win_rate":0,"timestamp":1566195821,"path_taken":["M","?","M","?","M","R","E","R","T","E","?","E","?","?","R","BOSS"],"build_version":"2019-07-17","purchased_purges":1,"victory":false,"max_hp_per_floor":[66,66,66,66,66,66,73,73,73,75,75,75,75,75,75,75],"card_choices":[{"not_picked":["Dodge and Roll","Accuracy"],"picked":"Endless Agony","floor":1.0},{"not_picked":["Reflex","Acrobatics"],"picked":"Blade Dance","floor":3.0},{"not_picked":["Prepared","Underhanded Strike"],"picked":"Sucker Punch","floor":5.0},{"not_picked":["Quick Slash","Slice"],"picked":"Deadly Poison","floor":7},{"not_picked":["Grand Finale","Outmaneuver","Riddle With Holes"],"picked":"Singing Bowl","floor":10},{"not_picked":["Tools of the Trade","Bane"],"picked":"Flechettes","floor":12}],"player_experience":1148725,"relics_obtained":[{"floor":7,"key":"Strawberry"},{"floor":9,"key":"Singing Bowl"},{"floor":10,"key":"Unceasing Top"},{"floor":12,"key":"Molten Egg 2"}],"event_choices":[{"damage_healed":0.0,"max_hp_gain":0.0,"max_hp_loss":0.0,"gold_gain":0.0,"event_name":"Golden Idol","player_choice":"Take Wound","floor":2.0,"gold_loss":0.0,"damage_taken":0.0,"relics_obtained":["Golden Idol"],"cards_obtained":["Injury"]},{"damage_healed":0.0,"max_hp_gain":0.0,"max_hp_loss":0.0,"gold_gain":0.0,"event_name":"Scrap Ooze","player_choice":"Success","floor":4.0,"gold_loss":0.0,"damage_taken":26.0,"relics_obtained":["Meat on the Bone"]},{"damage_healed":18,"gold_gain":0,"player_choice":"Healed","damage_taken":0,"max_hp_gain":0,"max_hp_loss":0,"event_name":"The Cleric","floor":13,"gold_loss":35},{"damage_healed":0,"gold_gain":0,"player_choice":"Entered Light","damage_taken":23,"max_hp_gain":0,"max_hp_loss":0,"event_name":"Shining Light","floor":14,"gold_loss":0,"cards_upgraded":["Strike_G","Impatience"]}],"is_beta":false,"boss_relics":[],"items_purged_floors":[11],"is_endless":false,"potions_floor_spawned":[1,7,12],"killed_by":"Hexaghost","ascension_level":20}