{"gold_per_floor":[11,11,25,40,40,75,75,116,197,213,213,42,65,108,108,203,203,219,244,16,39,57,57,77,77,77,77,117,133,166,166,166,260,260,285,305,328,346,679,679,710,723,769,769,794,814,95,123,123,123,123,123,123,7,33,33],"floor_reached":57,"playtime":7557,"items_purged":["Strike_B","Defend_B","Strike_B"],"score":2858,"play_id":"f651974a-021a-471a-a03a-bb2d57024bc1","local_time":"20190818164555","is_ascension_mode":true,"campfire_choices":[{"data":"Streamline","floor":7,"key":"SMITH"},{"data":"Chaos","floor":11,"key":"SMITH"},{"data":"Steam","floor":15,"key":"SMITH"},{"data":"Fission","floor":23,"key":"SMITH"},{"data":"Apotheosis","floor":25,"key":"SMITH"},{"floor":27,"key":"REST"},{"floor":32,"key":"RECALL"},{"data":"Consume","floor":40,"key":"SMITH"},{"floor":44,"key":"REST"},{"data":"Biased Cognition","floor":49,"key":"SMITH"},{"data":"Coolheaded","floor":53,"key":"SMITH"}],"neow_cost":"NO_GOLD","seed_source_timestamp":189091014022600,"circlet_count":0,"master_deck":["AscendersBane","Strike_B","Defend_B","Defend_B","Defend_B","Dualcast","Streamline+1","Ball Lightning","Chaos+1","Steam+1","All For One","Gash","Go for the Eyes","Go for the Eyes","Fission+1","Conserve Battery","Consume+1","Apotheosis+1","Beam Cell+1","Leap","Coolheaded+1","Gash","All For One","Compile Driver","Leap+1","Gash","Biased Cognition+1","Hologram"],"relics":["Cracked Core","Du-Vu Doll","Regal Pillow","Meat on the Bone","Oddly Smooth Stone","Smiling Mask","Runic Pyramid","Bag of Preparation","Happy Flower","Busted Crown","Vajra","Blood Vial","The Courier","ClockworkSouvenir","Turnip","Ornamental Fan","Mango","DataDisk"],"potions_floor_usage":[4,6,14,16,19,24,29,41,55,56],"damage_taken":[{"damage":1,"enemies":"Cultist","floor":1,"turns":3},{"damage":9,"enemies":"Jaw Worm","floor":3,"turns":4},{"damage":0,"enemies":"2 Louse","floor":4,"turns":2},{"damage":8,"enemies":"Gremlin Nob","floor":6,"turns":3},{"damage":22,"enemies":"Lagavulin","floor":8,"turns":6},{"damage":22,"enemies":"Lots of Slimes","floor":10,"turns":4},{"damage":5,"enemies":"Looter","floor":13,"turns":2},{"damage":4,"enemies":"Gremlin Nob","floor":14,"turns":3},{"damage":7,"enemies":"The Guardian","floor":16,"turns":9},{"damage":1,"enemies":"Chosen","floor":18,"turns":4},{"damage":2,"enemies":"2 Thieves","floor":19,"turns":4},{"damage":0,"enemies":"Snecko","floor":21,"turns":4},{"damage":15,"enemies":"Centurion and Healer","floor":22,"turns":5},{"damage":15,"enemies":"Cultist and Chosen","floor":24,"turns":8},{"damage":6,"enemies":"Gremlin Leader","floor":28,"turns":8},{"damage":0,"enemies":"3 Cultists","floor":29,"turns":4},{"damage":3,"enemies":"Slavers","floor":30,"turns":5},{"damage":4,"enemies":"Champ","floor":33,"turns":14},{"damage":0,"enemies":"3 Shapes","floor":35,"turns":3},{"damage":0,"enemies":"3 Darklings","floor":36,"turns":7},{"damage":22,"enemies":"Writhing Mass","floor":37,"turns":6},{"damage":0,"enemies":"Transient","floor":38,"turns":6},{"damage":0,"enemies":"Giant Head","floor":41,"turns":5},{"damage":5,"enemies":"4 Shapes","floor":42,"turns":8},{"damage":2,"enemies":"Nemesis","floor":45,"turns":5},{"damage":3,"enemies":"3 Darklings","floor":46,"turns":3},{"damage":0,"enemies":"Giant Head","floor":48,"turns":4},{"damage":15,"enemies":"Awakened One","floor":50,"turns":8},{"damage":3,"enemies":"Time Eater","floor":51,"turns":10},{"damage":11,"enemies":"Shield and Spear","floor":55,"turns":7},{"damage":43,"enemies":"The Heart","floor":56,"turns":8}],"seed_played":"-3422498306039428032","potions_obtained":[{"floor":3,"key":"Swift Potion"},{"floor":4,"key":"GamblersBrew"},{"floor":10,"key":"PowerPotion"},{"floor":13,"key":"Explosive Potion"},{"floor":18,"key":"Swift Potion"},{"floor":19,"key":"FearPotion"},{"floor":21,"key":"Ancient Potion"},{"floor":28,"key":"Poison Potion"},{"floor":36,"key":"Dexterity Potion"},{"floor":46,"key":"Fire Potion"},{"floor":48,"key":"Energy Potion"}],"is_trial":false,"path_per_floor":["M","?","M","M","?","E","R","E","T","M","R","$","M","E","R","B",null,"M","M","$","M","M","R","M","R","T","R","E","M","E","?","R","B",null,"M","M","M","M","?","R","E","M","T","R","E","M","$","E","R","B","B",null,"R","$","E","B",null],"character_chosen":"DEFECT","items_purchased":["Oddly Smooth Stone","Apotheosis","ClockworkSouvenir","Turnip","Ornamental Fan","Gash","GamblersBrew"],"campfire_rested":2,"item_purchase_floors":[12,20,47,47,47,47,54],"current_hp_per_floor":[77,77,68,68,68,60,60,38,38,28,28,28,35,43,43,48,70,69,67,67,67,52,52,49,49,49,77,71,71,68,68,68,64,74,74,74,52,52,52,52,52,47,47,77,75,74,74,90,90,76,75,87,87,87,78,49],"gold":33,"neow_bonus":"TWENTY_PERCENT_HP_BONUS","is_prod":false,"is_daily":false,"chose_seed":false,"campfire_upgraded":8,"win_rate":0,"timestamp":1566161155,"path_taken":["M","?","M","M","?","E","R","E","T","M","R","$","M","E","R","BOSS","M","M","$","M","?","R","?","R","T","R","E","M","E","?","R","BOSS","M","M","?","M","?","R","E","M","T","R","E","M","$","E","R","BOSS","BOSS","R","$","E","BOSS"],"build_version":"2019-07-17","purchased_purges":3,"victory":true,"max_hp_per_floor":[85,77,77,77,77,77,77,77,77,77,77,77,77,77,77,77,77,77,77,77,77,77,77,77,77,77,77,77,77,77,77,77,77,77,77,77,77,77,77,77,77,77,77,77,77,77,77,91,91,91,91,91,91,91,91,91],"card_choices":[{"not_picked":["Steam","Genetic Algorithm"],"picked":"Streamline","floor":1},{"not_picked":["Hologram","Melter"],"picked":"Ball Lightning","floor":3},{"not_picked":["Streamline","Steam Power"],"picked":"Chaos","floor":4},{"not_picked":["Sunder","Redo"],"picked":"Steam","floor":6},{"not_picked":["Compile Driver","Streamline"],"picked":"All For One","floor":8},{"not_picked":["Blizzard","Stack"],"picked":"Gash","floor":10},{"not_picked":["Turbo","Coolheaded"],"picked":"Go for the Eyes","floor":13},{"not_picked":["Steam Power","Fusion"],"picked":"Go for the Eyes","floor":14},{"not_picked":["Reboot","Meteor Strike"],"picked":"Fission","floor":16},{"not_picked":["Undo","Cold Snap"],"picked":"Conserve Battery","floor":18},{"not_picked":["Storm","Steam"],"picked":"Consume","floor":19},{"not_picked":["Ball Lightning","Leap"],"picked":"Beam Cell+1","floor":21},{"not_picked":["Lockon","Undo"],"picked":"Leap","floor":22},{"not_picked":["Go for the Eyes","Blizzard","Melter"],"picked":"SKIP","floor":24},{"not_picked":["Steam","Streamline"],"picked":"Coolheaded","floor":28},{"not_picked":["Blizzard","Chaos"],"picked":"Gash","floor":29},{"not_picked":["Gash","Sunder"],"picked":"All For One","floor":30},{"not_picked":["Undo"],"picked":"SKIP","floor":35},{"not_picked":["Undo"],"picked":"SKIP","floor":35},{"not_picked":[],"picked":"Compile Driver","floor":36},{"not_picked":["Storm"],"picked":"SKIP","floor":37},{"not_picked":["Storm"],"picked":"SKIP","floor":37},{"not_picked":["Conserve Battery"],"picked":"SKIP","floor":38},{"not_picked":["Heatsinks"],"picked":"SKIP","floor":41},{"not_picked":["Redo"],"picked":"SKIP","floor":42},{"not_picked":[],"picked":"Leap+1","floor":45},{"not_picked":["Redo+1"],"picked":"SKIP","floor":46},{"not_picked":[],"picked":"Biased Cognition","floor":48},{"not_picked":[],"picked":"Hologram","floor":55}],"player_experience":2385853,"relics_obtained":[{"floor":6,"key":"Du-Vu Doll"},{"floor":8,"key":"Regal Pillow"},{"floor":9,"key":"Meat on the Bone"},{"floor":14,"key":"Smiling Mask"},{"floor":28,"key":"Bag of Preparation"},{"floor":30,"key":"Happy Flower"},{"floor":41,"key":"Vajra"},{"floor":43,"key":"Blood Vial"},{"floor":45,"key":"The Courier"},{"floor":48,"key":"Mango"},{"floor":55,"key":"DataDisk"}],"event_choices":[{"damage_healed":0,"gold_gain":0,"player_choice":"Lose Max HP","damage_taken":0,"relics_obtained":["Golden Idol"],"max_hp_gain":0,"max_hp_loss":8,"event_name":"Golden Idol","floor":2,"gold_loss":0},{"cards_removed":["Zap"],"damage_healed":0,"gold_gain":0,"player_choice":"Purged","damage_taken":0,"max_hp_gain":0,"max_hp_loss":0,"event_name":"Purifier","floor":5,"gold_loss":0},{"cards_removed":["Strike_B"],"damage_healed":0,"gold_gain":0,"player_choice":"Card Removal","damage_taken":0,"max_hp_gain":0,"max_hp_loss":0,"event_name":"Wheel of Change","floor":31,"gold_loss":0},{"damage_healed":0,"gold_gain":333,"player_choice":"Gave Idol","damage_taken":0,"max_hp_gain":0,"max_hp_loss":0,"event_name":"The Moai Head","floor":39,"relics_lost":["Golden Idol"],"gold_loss":0}],"is_beta":false,"boss_relics":[{"not_picked":["Tiny House","Lizard Tail"],"picked":"Runic Pyramid"},{"not_picked":["Philosopher\u0027s Stone","Runic Dome"],"picked":"Busted Crown"}],"items_purged_floors":[20,47,54],"is_endless":false,"potions_floor_spawned":[3,4,10,13,18,19,21,28,36,37,46,48],"ascension_level":20}