{"gold_per_floor":[113,132,152,152,152,152,187,187,187,46,46,59,94,109,109,186,186,200,112,162,179,179,207,207,53,77,77,77,87,57,77,77,155,155,171,171,189,189,239,239,268,268,293,293,310,310,310,326,326,326],"floor_reached":51,"playtime":7155,"items_purged":["Regret"],"score":1732,"play_id":"675f5b97-313e-44c0-8f00-ba738d34e0cb","local_time":"20190817204311","is_ascension_mode":true,"campfire_choices":[{"data":"Zap","floor":6.0,"key":"SMITH"},{"data":"Coolheaded","floor":8.0,"key":"SMITH"},{"floor":11.0,"key":"REST"},{"floor":15.0,"key":"REST"},{"data":"Go for the Eyes","floor":27.0,"key":"SMITH"},{"floor":32.0,"key":"REST"},{"data":"Reboot","floor":40.0,"key":"SMITH"},{"data":"Loop","floor":44.0,"key":"SMITH"},{"floor":47.0,"key":"REST"},{"data":"Static Discharge","floor":49.0,"key":"SMITH"}],"neow_cost":"NONE","seed_source_timestamp":0,"circlet_count":0,"master_deck":["AscendersBane","Strike_B","Strike_B","Strike_B","Strike_B","Defend_B","Defend_B","Defend_B","Zap+1","Dualcast","Compile Driver","Coolheaded+1","Defragment+1","Go for the Eyes+1","Undo","Barrage","Streamline","Core Surge","Ball Lightning+1","Capacitor","FTL","Scrape","FTL","Beam Cell+1","Beam Cell","Go for the Eyes","Reboot+1","Parasite","Decay","Parasite","Loop+1","BootSequence+1","Gash+1","Injury","Glacier","Master of Strategy","Static Discharge+1"],"special_seed":0,"relics":["Lizard Tail","Bottled Lightning","Bag of Preparation","Shuriken","Kunai","Cursed Key","Strawberry","Darkstone Periapt","Bag of Marbles","Calling Bell","Juzu Bracelet","Pantograph","Incense Burner","FossilizedHelix","Happy Flower"],"potions_floor_usage":[50],"damage_taken":[{"damage":0.0,"enemies":"Small Slimes","floor":1.0,"turns":3.0},{"damage":6.0,"enemies":"2 Louse","floor":2.0,"turns":3.0},{"damage":9.0,"enemies":"Cultist","floor":3.0,"turns":6.0},{"damage":32.0,"enemies":"Lagavulin","floor":7.0,"turns":6.0},{"damage":3.0,"enemies":"3 Louse","floor":12.0,"turns":4.0},{"damage":22.0,"enemies":"Gremlin Nob","floor":13.0,"turns":5.0},{"damage":2.0,"enemies":"Gremlin Gang","floor":14.0,"turns":5.0},{"damage":30.0,"enemies":"The Guardian","floor":16.0,"turns":12.0},{"damage":4.0,"enemies":"Shell Parasite","floor":18.0,"turns":7.0},{"damage":1.0,"enemies":"Chosen","floor":21.0,"turns":5.0},{"damage":12.0,"enemies":"Book of Stabbing","floor":23.0,"turns":5.0},{"damage":8.0,"enemies":"Snake Plant","floor":29.0,"turns":3.0},{"damage":0.0,"enemies":"3 Cultists","floor":31.0,"turns":4.0},{"damage":31.0,"enemies":"Automaton","floor":33.0,"turns":8.0},{"damage":16.0,"enemies":"Orb Walker","floor":35.0,"turns":5.0},{"damage":9.0,"enemies":"3 Shapes","floor":37.0,"turns":5.0},{"damage":13.0,"enemies":"Nemesis","floor":41.0,"turns":8.0},{"damage":13.0,"enemies":"3 Darklings","floor":45.0,"turns":6.0},{"damage":8.0,"enemies":"Spire Growth","floor":48.0,"turns":5.0},{"damage":72,"enemies":"Time Eater","floor":50,"turns":11}],"seed_played":"8455344376632576875","potions_obtained":[{"floor":2.0,"key":"Strength Potion"},{"floor":13.0,"key":"EssenceOfSteel"},{"floor":16.0,"key":"SpeedPotion"},{"floor":18.0,"key":"Fire Potion"},{"floor":31.0,"key":"FocusPotion"},{"floor":35.0,"key":"Block Potion"},{"floor":48.0,"key":"SpeedPotion"}],"is_trial":false,"path_per_floor":["M","M","M","?","?","R","E","R","T","?","R","M","E","M","R","B",null,"M","$","?","M","?","E","T","$","T","R","?","M","$","M","R","B",null,"M","?","M","?","?","R","E","?","T","R","M","?","R","M","R","B",null],"character_chosen":"DEFECT","items_purchased":["Capacitor","FTL","Beam Cell"],"campfire_rested":4,"item_purchase_floors":[19,25,30],"current_hp_per_floor":[64,58,49,49,54,54,22,22,22,22,44,41,19,17,39,9,59,55,55,55,54,50,45,45,45,51,51,51,43,43,43,69,38,94,78,78,69,69,69,69,56,56,62,62,49,49,81,73,73,26],"gold":326,"neow_bonus":"BOSS_RELIC","is_prod":false,"is_daily":false,"chose_seed":false,"campfire_upgraded":6,"win_rate":0,"timestamp":1566099791,"path_taken":["M","M","M","?","?","R","E","R","T","?","R","M","E","?","R","BOSS","M","$","?","?","?","E","?","$","T","R","?","?","?","?","R","BOSS","BOSS","M","?","M","?","?","R","E","?","T","R","M","?","R","M","R","BOSS"],"build_version":"2019-07-17","purchased_purges":1,"victory":true,"max_hp_per_floor":[71,71,71,71,76,76,76,76,76,76,76,76,76,76,76,76,76,76,76,76,76,76,83,83,83,89,89,89,89,89,89,89,89,107,107,107,107,102,102,102,102,102,108,108,108,108,108,108,108,108],"card_choices":[{"not_picked":["Streamline","Conserve Battery"],"picked":"Compile Driver","floor":1.0},{"not_picked":["Barrage","Conserve Battery"],"picked":"Coolheaded","floor":2.0},{"not_picked":["Reprogram","Static Discharge"],"picked":"Defragment","floor":3.0},{"not_picked":["Chaos","Fusion"],"picked":"Go for the Eyes","floor":7.0},{"not_picked":["Steam","Static Discharge"],"picked":"Undo","floor":12.0},{"not_picked":["Steam Power","Loop"],"picked":"Barrage","floor":13.0},{"not_picked":["Coolheaded","Sweeping Beam"],"picked":"Streamline","floor":14.0},{"not_picked":["Machine Learning","Meteor Strike"],"picked":"Core Surge","floor":16.0},{"not_picked":["Reinforced Body","Streamline"],"picked":"Ball Lightning+1","floor":18.0},{"not_picked":["Conserve Battery","Coolheaded"],"picked":"FTL","floor":21.0},{"not_picked":["Genetic Algorithm","Streamline"],"picked":"Scrape","floor":23.0},{"not_picked":["Auto Shields","Rip and Tear"],"picked":"Beam Cell+1","floor":29.0},{"not_picked":["Hologram","White Noise"],"picked":"Go for the Eyes","floor":31.0},{"not_picked":["Core Surge","Thunder Strike"],"picked":"Reboot","floor":33.0},{"not_picked":["Barrage","Heatsinks"],"picked":"Loop","floor":35.0},{"not_picked":["Force Field+1","Hologram"],"picked":"BootSequence+1","floor":37.0},{"not_picked":["Fission","Reprogram"],"picked":"Gash+1","floor":41.0},{"not_picked":["Rebound","Turbo+1"],"picked":"Glacier","floor":45.0},{"not_picked":["Impatience","Discovery"],"picked":"Master of Strategy","floor":46.0},{"not_picked":["Stack","Glacier+1"],"picked":"Static Discharge","floor":48.0}],"player_experience":585030,"relics_obtained":[{"floor":7.0,"key":"Bottled Lightning"},{"floor":9.0,"key":"Bag of Preparation"},{"floor":13.0,"key":"Kunai"},{"floor":23.0,"key":"Strawberry"},{"floor":24.0,"key":"Darkstone Periapt"},{"floor":26.0,"key":"Bag of Marbles"},{"floor":34.0,"key":"Juzu Bracelet"},{"floor":34.0,"key":"Pantograph"},{"floor":34.0,"key":"Incense Burner"},{"floor":41.0,"key":"FossilizedHelix"},{"floor":43.0,"key":"Happy Flower"}],"event_choices":[{"damage_healed":0.0,"max_hp_gain":0.0,"max_hp_loss":0.0,"gold_gain":0.0,"event_name":"Living Wall","player_choice":"Grow","floor":4.0,"gold_loss":0.0,"damage_taken":0.0,"cards_upgraded":["Defragment"]},{"damage_healed":0.0,"max_hp_gain":5.0,"max_hp_loss":0.0,"gold_gain":0.0,"event_name":"Big Fish","player_choice":"Donut","floor":5.0,"gold_loss":0.0,"damage_taken":0.0},{"damage_healed":0.0,"max_hp_gain":0.0,"max_hp_loss":0.0,"gold_gain":0.0,"event_name":"WeMeetAgain","player_choice":"Paid Gold","floor":10.0,"gold_loss":141.0,"damage_taken":0.0,"relics_obtained":["Shuriken"]},{"damage_healed":0.0,"max_hp_gain":0.0,"max_hp_loss":0.0,"gold_gain":100.0,"event_name":"The Joust","player_choice":"Bet on Murderer","floor":20.0,"gold_loss":50.0,"damage_taken":0.0},{"damage_healed":0.0,"max_hp_gain":0.0,"max_hp_loss":0.0,"gold_gain":0.0,"event_name":"The Woman in Blue","player_choice":"Bought 0 Potions","floor":22.0,"gold_loss":0.0,"damage_taken":0.0},{"cards_removed":["Writhe"],"damage_healed":0.0,"max_hp_gain":0.0,"max_hp_loss":0.0,"gold_gain":0.0,"event_name":"Fountain of Cleansing","player_choice":"Removed Curses","floor":28.0,"gold_loss":0.0,"damage_taken":0.0},{"cards_removed":["Defend_B"],"damage_healed":0.0,"max_hp_gain":0.0,"max_hp_loss":0.0,"gold_gain":0.0,"event_name":"Falling","player_choice":"Removed Skill","floor":36.0,"gold_loss":0.0,"damage_taken":0.0},{"damage_healed":0.0,"max_hp_gain":0.0,"max_hp_loss":5.0,"gold_gain":0.0,"event_name":"Winding Halls","player_choice":"Max HP","floor":38.0,"gold_loss":0.0,"damage_taken":0.0},{"damage_healed":0.0,"max_hp_gain":0.0,"max_hp_loss":0.0,"gold_gain":50.0,"event_name":"Golden Shrine","player_choice":"Pray","floor":39.0,"gold_loss":0.0,"damage_taken":0.0},{"damage_healed":0.0,"max_hp_gain":0.0,"max_hp_loss":0.0,"gold_gain":0.0,"event_name":"Tomb of Lord Red Mask","player_choice":"Ignored","floor":42.0,"gold_loss":0.0,"damage_taken":0.0},{"damage_healed":0.0,"max_hp_gain":0.0,"max_hp_loss":0.0,"gold_gain":0.0,"event_name":"SensoryStone","player_choice":"Memory 1","floor":46.0,"gold_loss":0.0,"damage_taken":0.0}],"is_beta":false,"boss_relics":[{"not_picked":["Fusion Hammer","Snecko Eye"],"picked":"Cursed Key"},{"not_picked":["Runic Pyramid","Pandora\u0027s Box"],"picked":"Calling Bell"}],"items_purged_floors":[25],"is_endless":false,"potions_floor_spawned":[2,13,16,18,31,35,48],"ascension_level":16}