{"gold_per_floor":[113,38,49,49,64,99,109,9,62,62],"floor_reached":10,"playtime":405,"items_purged":["Defend_R","Strike_R"],"score":100,"play_id":"b97184e5-4ba6-4f54-8f3a-7788c773df95","local_time":"20190725125722","is_ascension_mode":true,"campfire_choices":[],"neow_cost":"PERCENT_DAMAGE","seed_source_timestamp":141228292028701,"circlet_count":0,"master_deck":["Strike_R","Strike_R","Strike_R","Strike_R","Defend_R","Defend_R","Defend_R","Bash","Body Slam","Iron Wave","Armaments","Rampage"],"relics":["Burning Blood","Sundial","PreservedInsect","Dream Catcher"],"potions_floor_usage":[6],"damage_taken":[{"damage":11,"enemies":"Cultist","floor":1,"turns":4},{"damage":13,"enemies":"Jaw Worm","floor":3,"turns":5},{"damage":0,"enemies":"2 Louse","floor":5,"turns":3},{"damage":54,"enemies":"Lagavulin","floor":6,"turns":8},{"damage":14,"enemies":"2 Fungi Beasts","floor":7,"turns":5},{"damage":35,"enemies":"Gremlin Gang","floor":10,"turns":3}],"seed_played":"8708870746632855788","potions_obtained":[{"floor":5,"key":"BloodPotion"},{"floor":6,"key":"BloodPotion"}],"is_trial":false,"path_per_floor":["M","$","M","?","M","E","M","$","T","M"],"character_chosen":"IRONCLAD","items_purchased":[],"campfire_rested":0,"item_purchase_floors":[],"current_hp_per_floor":[67,67,60,60,66,42,34,34,34,0],"gold":62,"neow_bonus":"TWENTY_PERCENT_HP_BONUS","is_prod":false,"is_daily":false,"chose_seed":false,"campfire_upgraded":0,"win_rate":0,"timestamp":1564084642,"path_taken":["M","$","?","?","M","E","M","$","T","M"],"build_version":"2019-07-17","purchased_purges":2,"victory":false,"max_hp_per_floor":[96,96,96,96,96,96,96,96,96,96],"card_choices":[{"not_picked":["Warcry","Sword Boomerang"],"picked":"Body Slam","floor":1},{"not_picked":["Bloodletting","Entrench"],"picked":"Headbutt","floor":3},{"not_picked":["Havoc","Headbutt"],"picked":"Iron Wave","floor":5},{"not_picked":["Limit Break","Burning Pact"],"picked":"Armaments","floor":6},{"not_picked":["Headbutt","Iron Wave"],"picked":"Rampage","floor":7}],"player_experience":208314,"relics_obtained":[{"floor":6,"key":"PreservedInsect"},{"floor":9,"key":"Dream Catcher"}],"event_choices":[{"cards_removed":["Headbutt"],"damage_healed":0,"gold_gain":0,"player_choice":"Gave Card","damage_taken":0,"relics_obtained":["Sundial"],"max_hp_gain":0,"max_hp_loss":0,"event_name":"WeMeetAgain","floor":4,"gold_loss":0}],"is_beta":false,"boss_relics":[],"items_purged_floors":[2,8],"is_endless":false,"potions_floor_spawned":[5,6],"killed_by":"Gremlin Gang","ascension_level":2}