{"gold_per_floor":[367,385,402,402,26,26,42,42,42,75,91,106,3,3,3,79,79,91,91,107,22,34,34,50,0,0,275,275,275],"floor_reached":29,"playtime":1229,"items_purged":[],"score":600,"play_id":"e05788da-bd9d-4da9-a9cb-da07e1376cfe","local_time":"20190817084326","is_ascension_mode":true,"campfire_choices":[{"data":"Corpse Explosion","floor":6.0,"key":"SMITH"},{"floor":8.0,"key":"REST"},{"data":"Sadistic Nature","floor":15.0,"key":"SMITH"},{"floor":23.0,"key":"REST"}],"neow_cost":"CURSE","seed_source_timestamp":21965278365500,"circlet_count":0,"master_deck":["AscendersBane","Strike_G","Strike_G","Strike_G","Strike_G","Strike_G","Defend_G","Defend_G","Defend_G","Defend_G","Defend_G","Survivor","Neutralize","Injury","Dagger Spray","Dagger Throw","Sadistic Nature+1","Corpse Explosion+1","Well Laid Plans","PiercingWail","Burst","Noxious Fumes","Poisoned Stab","Die Die Die","Bane","Sadistic Nature+1","Crippling Poison","Caltrops","Dodge and Roll","Flechettes","Regret","Decay"],"special_seed":0,"relics":["Ring of the Snake","Singing Bowl","Bottled Tornado","Blue Candle","Philosopher\u0027s Stone","Juzu Bracelet"],"potions_floor_usage":[29],"damage_taken":[{"damage":3.0,"enemies":"Cultist","floor":1.0,"turns":4.0},{"damage":1.0,"enemies":"Jaw Worm","floor":2.0,"turns":5.0},{"damage":0.0,"enemies":"Small Slimes","floor":3.0,"turns":2.0},{"damage":10.0,"enemies":"2 Fungi Beasts","floor":7.0,"turns":3.0},{"damage":5.0,"enemies":"3 Sentries","floor":10.0,"turns":2.0},{"damage":16.0,"enemies":"Lots of Slimes","floor":11.0,"turns":4.0},{"damage":3.0,"enemies":"Looter","floor":12.0,"turns":4.0},{"damage":0.0,"enemies":"The Guardian","floor":16.0,"turns":8.0},{"damage":0.0,"enemies":"3 Byrds","floor":18.0,"turns":2.0},{"damage":24.0,"enemies":"Shell Parasite","floor":20.0,"turns":4.0},{"damage":8.0,"enemies":"Snake Plant","floor":22.0,"turns":4.0},{"damage":22.0,"enemies":"Centurion and Healer","floor":24.0,"turns":4.0},{"damage":30,"enemies":"Book of Stabbing","floor":29,"turns":4}],"seed_played":"8318971500176981488","potions_obtained":[{"floor":7.0,"key":"SkillPotion"},{"floor":10.0,"key":"GhostInAJar"},{"floor":12.0,"key":"GhostInAJar"},{"floor":16.0,"key":"Swift Potion"},{"floor":18.0,"key":"Weak Potion"},{"floor":24.0,"key":"SteroidPotion"}],"is_trial":false,"path_per_floor":["M","M","M","?","$","R","M","R","T","E","M","M","$","?","R","B",null,"M","?","M","$","M","R","M","?","T","?","?","E"],"character_chosen":"THE_SILENT","items_purchased":["Sadistic Nature","Corpse Explosion","Noxious Fumes","Poisoned Stab","Caltrops"],"campfire_rested":2,"item_purchase_floors":[5,5,13,13,21],"current_hp_per_floor":[56,55,55,55,55,55,45,64,64,61,45,42,42,42,42,42,62,62,62,38,38,30,50,28,28,28,28,28,0],"gold":275,"neow_bonus":"TWO_FIFTY_GOLD","is_prod":false,"is_daily":false,"chose_seed":false,"campfire_upgraded":2,"win_rate":0,"timestamp":1566024206,"path_taken":["M","?","M","?","$","R","M","R","T","E","M","M","$","?","R","BOSS","M","?","M","$","?","R","M","?","T","?","?","E"],"build_version":"2019-07-17","purchased_purges":0,"victory":false,"max_hp_per_floor":[66,66,66,66,66,66,66,66,66,68,68,68,68,68,68,68,68,68,68,68,68,68,68,68,68,68,68,68,68],"card_choices":[{"not_picked":["Quick Slash","Deflect"],"picked":"Dagger Spray","floor":1.0},{"not_picked":["Backflip","Outmaneuver"],"picked":"Dagger Throw","floor":2.0},{"not_picked":["Flying Knee","Dagger Spray","Bane"],"picked":"SKIP","floor":3.0},{"not_picked":["Deadly Poison","Quick Slash"],"picked":"Well Laid Plans","floor":7.0},{"not_picked":["Flying Knee","Dagger Spray","Expertise"],"picked":"Singing Bowl","floor":10.0},{"not_picked":["Blur","Well Laid Plans"],"picked":"PiercingWail","floor":11.0},{"not_picked":["Predator","Backflip"],"picked":"Burst","floor":12.0},{"not_picked":["Doppelganger","Venomology"],"picked":"Die Die Die","floor":16.0},{"not_picked":["Accuracy","Deadly Poison"],"picked":"Bane","floor":18.0},{"not_picked":["Noxious Fumes+1","Blur"],"picked":"Crippling Poison","floor":20.0},{"not_picked":["Blade Dance","Sucker Punch"],"picked":"Dodge and Roll","floor":22.0},{"not_picked":["Flying Knee","Outmaneuver"],"picked":"Flechettes","floor":24.0}],"player_experience":1068912,"relics_obtained":[{"floor":9.0,"key":"Bottled Tornado"},{"floor":10.0,"key":"Blue Candle"},{"floor":26,"key":"Juzu Bracelet"}],"event_choices":[{"damage_healed":0.0,"max_hp_gain":0.0,"max_hp_loss":0.0,"gold_gain":0.0,"event_name":"Big Fish","player_choice":"Box","floor":4.0,"gold_loss":0.0,"damage_taken":0.0,"relics_obtained":["Singing Bowl"],"cards_obtained":["Regret"]},{"cards_removed":["Regret"],"damage_healed":0.0,"max_hp_gain":0.0,"max_hp_loss":0.0,"gold_gain":0.0,"event_name":"Living Wall","player_choice":"Forget","floor":14.0,"gold_loss":0.0,"damage_taken":0.0},{"damage_healed":0.0,"max_hp_gain":0.0,"max_hp_loss":0.0,"gold_gain":0.0,"event_name":"Duplicator","player_choice":"Copied","floor":19.0,"gold_loss":0.0,"damage_taken":0.0,"cards_obtained":["Sadistic Nature"]},{"damage_healed":0,"gold_gain":0,"player_choice":"Paid Fearfully","damage_taken":0,"max_hp_gain":0,"max_hp_loss":0,"event_name":"Masked Bandits","floor":25,"gold_loss":50},{"damage_healed":0,"gold_gain":275,"player_choice":"Desecrate","damage_taken":0,"max_hp_gain":0,"max_hp_loss":0,"event_name":"Golden Shrine","floor":27,"gold_loss":0,"cards_obtained":["Regret"]},{"damage_healed":0,"gold_gain":0,"player_choice":"Smashed Altar","damage_taken":0,"max_hp_gain":0,"max_hp_loss":0,"event_name":"Forgotten Altar","floor":28,"gold_loss":0,"cards_obtained":["Decay"]}],"is_beta":false,"boss_relics":[{"not_picked":["Ring of the Serpent","Runic Dome"],"picked":"Philosopher\u0027s Stone"}],"items_purged_floors":[],"is_endless":false,"potions_floor_spawned":[7,10,12,16,18,24],"killed_by":"Book of Stabbing","ascension_level":20}