{"gold_per_floor":[113,129,31,45,45,73,85,85,85,85,85],"floor_reached":11,"playtime":312,"items_purged":["Strike_R"],"score":88,"play_id":"69b676be-b410-45dc-b5f3-84bb34134773","local_time":"20190309154722","is_ascension_mode":true,"campfire_choices":[{"data":"Bash","floor":10,"key":"SMITH"}],"neow_cost":"NONE","seed_source_timestamp":740026647576158,"circlet_count":0,"master_deck":["Strike_R","Strike_R","Strike_R","Strike_R","Defend_R","Defend_R","Defend_R","Defend_R","Bash+1","Clothesline","Burning Pact","Wild Strike+1","Flame Barrier","Disarm","Headbutt"],"relics":["Burning Blood","Bottled Flame","Meat on the Bone","The Courier"],"potions_floor_usage":[7],"damage_taken":[{"damage":5,"enemies":"Small Slimes","floor":1,"turns":4},{"damage":4,"enemies":"Cultist","floor":2,"turns":3},{"damage":0,"enemies":"2 Louse","floor":4,"turns":2},{"damage":60,"enemies":"Lagavulin","floor":6,"turns":7},{"damage":22,"enemies":"Exordium Wildlife","floor":7,"turns":5},{"damage":20,"enemies":"3 Sentries","floor":11,"turns":4}],"seed_played":"-414893096617650409","potions_obtained":[{"floor":6,"key":"FearPotion"},{"floor":7,"key":"Fruit Juice"}],"is_trial":false,"path_per_floor":["M","M","$","M","?","E","M","?","T","R","E"],"character_chosen":"IRONCLAD","items_purchased":["Wild Strike"],"campfire_rested":0,"item_purchase_floors":[3],"current_hp_per_floor":[88,88,88,88,88,34,23,23,23,23,3],"gold":85,"neow_bonus":"TEN_PERCENT_HP_BONUS","is_prod":false,"is_daily":false,"chose_seed":false,"campfire_upgraded":1,"win_rate":0,"timestamp":1552164442,"path_taken":["M","M","$","M","?","E","?","?","T","R","E"],"build_version":"2019-01-23","purchased_purges":1,"victory":false,"max_hp_per_floor":[88,88,88,88,88,88,93,93,93,93,93],"card_choices":[{"not_picked":["Clash","Heavy Blade"],"picked":"Clothesline","floor":1},{"not_picked":["Clothesline","Havoc"],"picked":"Burning Pact","floor":2},{"not_picked":["Havoc","Twin Strike"],"picked":"Flame Barrier","floor":4},{"not_picked":["Entrench","Wild Strike"],"picked":"Disarm","floor":6},{"not_picked":["Clothesline","Dropkick"],"picked":"Headbutt","floor":7}],"player_experience":317209,"relics_obtained":[{"floor":6,"key":"Bottled Flame"},{"floor":9,"key":"The Courier"}],"event_choices":[{"damage_healed":0,"gold_gain":0,"player_choice":"Upgraded","damage_taken":0,"max_hp_gain":0,"max_hp_loss":0,"event_name":"Upgrade Shrine","floor":5,"gold_loss":0,"cards_upgraded":["Wild Strike"]},{"damage_healed":0,"gold_gain":0,"player_choice":"Searched \u00271\u0027 times","damage_taken":0,"relics_obtained":["Meat on the Bone"],"max_hp_gain":0,"max_hp_loss":0,"event_name":"Dead Adventurer","floor":8,"gold_loss":0}],"is_beta":false,"boss_relics":[],"items_purged_floors":[3],"is_endless":false,"potions_floor_spawned":[6,7],"killed_by":"3 Sentries","ascension_level":4}