{"gold_per_floor":[18,93,105,117,117,144,163,163,163,163,175,175,175,191,191,265,265,283,283,283,1,11,11,45,61,61,80,80,97,117,117,117,194,194,213,138,157,257,275,275,309,309,309,309,309,309,328,238,238,238],"floor_reached":51,"playtime":2199,"items_purged":["Strike_G"],"score":1209,"play_id":"82217d7a-57f1-4523-be40-2acf59b49414","local_time":"20190630170801","is_ascension_mode":true,"campfire_choices":[{"data":"Noxious Fumes","floor":12,"key":"SMITH"},{"data":"Neutralize","floor":15,"key":"SMITH"},{"data":"Glass Knife","floor":23,"key":"SMITH"},{"data":"Catalyst","floor":28,"key":"SMITH"},{"data":"Catalyst","floor":32,"key":"SMITH"},{"data":"Noxious Fumes","floor":40,"key":"SMITH"},{"data":"Cloak And Dagger","floor":42,"key":"SMITH"},{"floor":46,"key":"REST"},{"data":"Impatience","floor":49,"key":"SMITH"}],"neow_cost":"NO_GOLD","seed_source_timestamp":850809367930334,"circlet_count":0,"master_deck":["AscendersBane","Defend_G","Defend_G","Defend_G+1","Defend_G","Defend_G","Strike_G+1","Survivor","Neutralize+1","PiercingWail+1","Leg Sweep","Slice","Dash","Noxious Fumes+1","Poisoned Stab","Glass Knife+1","Calculated Gamble+1","Noxious Fumes+1","Cloak And Dagger+1","Catalyst+1","Catalyst+1","Backflip","Blur","Die Die Die+1","PiercingWail+1","Well Laid Plans","Impatience+1"],"relics":["Ring of the Serpent","FossilizedHelix","Bird Faced Urn","Singing Bowl","Sozu","Enchiridion","ClockworkSouvenir","Meat on the Bone","War Paint","Paper Crane","Regal Pillow"],"potions_floor_usage":[6,50],"damage_taken":[{"damage":2,"enemies":"2 Louse","floor":1,"turns":2},{"damage":0,"enemies":"Jaw Worm","floor":3,"turns":5},{"damage":2,"enemies":"Small Slimes","floor":4,"turns":5},{"damage":15,"enemies":"Gremlin Nob","floor":6,"turns":5},{"damage":0,"enemies":"Looter","floor":7,"turns":3},{"damage":0,"enemies":"Blue Slaver","floor":11,"turns":5},{"damage":0,"enemies":"Exordium Wildlife","floor":14,"turns":6},{"damage":34,"enemies":"Slime Boss","floor":16,"turns":13},{"damage":0,"enemies":"Shell Parasite","floor":18,"turns":6},{"damage":0,"enemies":"2 Thieves","floor":22,"turns":4},{"damage":5,"enemies":"Book of Stabbing","floor":24,"turns":7},{"damage":9,"enemies":"Shelled Parasite and Fungi","floor":25,"turns":5},{"damage":8,"enemies":"Centurion and Healer","floor":27,"turns":5},{"damage":5,"enemies":"Snecko","floor":29,"turns":6},{"damage":0,"enemies":"Cultist and Chosen","floor":30,"turns":6},{"damage":46,"enemies":"Collector","floor":33,"turns":7},{"damage":0,"enemies":"Orb Walker","floor":35,"turns":5},{"damage":1,"enemies":"3 Darklings","floor":37,"turns":5},{"damage":19,"enemies":"Jaw Worm Horde","floor":39,"turns":5},{"damage":33,"enemies":"Reptomancer","floor":41,"turns":5},{"damage":0,"enemies":"Transient","floor":47,"turns":5},{"damage":25,"enemies":"Time Eater","floor":50,"turns":9}],"seed_played":"2938008577563574308","potions_obtained":[{"floor":1,"key":"SkillPotion"},{"floor":11,"key":"Ancient Potion"},{"floor":16,"key":"SmokeBomb"}],"is_trial":false,"path_per_floor":["M","?","M","M","?","E","M","?","T","?","M","R","T","M","R","B",null,"M","?","?","$","M","R","E","M","T","M","R","M","M","?","R","B",null,"M","$","M","?","M","R","E","R","T","?","?","R","M","?","R","B",null],"character_chosen":"THE_SILENT","items_purchased":["ClockworkSouvenir","Noxious Fumes"],"campfire_rested":1,"item_purchase_floors":[21,21],"current_hp_per_floor":[75,64,64,62,45,30,30,30,30,58,58,58,58,60,60,28,70,72,56,56,56,62,62,65,62,62,60,60,61,67,67,67,37,74,80,80,85,85,73,73,48,48,48,48,48,90,92,92,92,71],"gold":238,"neow_bonus":"TWENTY_PERCENT_HP_BONUS","is_prod":false,"is_daily":false,"chose_seed":false,"campfire_upgraded":8,"win_rate":0,"timestamp":1561932481,"path_taken":["M","?","M","M","?","E","?","?","T","?","M","R","?","M","R","BOSS","M","?","?","$","M","R","E","?","T","M","R","M","M","?","R","BOSS","M","?","M","?","?","R","E","R","T","?","?","R","M","?","R","BOSS"],"build_version":"2019-01-23","purchased_purges":1,"victory":true,"max_hp_per_floor":[84,84,84,84,84,84,84,84,84,84,84,84,84,84,84,84,84,84,84,84,84,84,84,86,86,86,86,86,86,86,86,86,86,86,86,86,86,86,88,88,90,90,90,90,90,90,92,92,92,92],"card_choices":[{"not_picked":["Bouncing Flask","Backflip"],"picked":"PiercingWail","floor":1},{"not_picked":["Underhanded Strike","Quick Slash"],"picked":"Leg Sweep","floor":3},{"not_picked":["Riddle With Holes","Deflect"],"picked":"Slice","floor":4},{"not_picked":["Choke","Underhanded Strike"],"picked":"Dash","floor":6},{"not_picked":["Eviscerate","Tactician","Prepared"],"picked":"SKIP","floor":7},{"not_picked":["PiercingWail","Dodge and Roll"],"picked":"Noxious Fumes","floor":11},{"not_picked":["Deflect","Dodge and Roll"],"picked":"Poisoned Stab","floor":14},{"not_picked":["Phantasmal Killer","Bullet Time"],"picked":"Glass Knife","floor":16},{"not_picked":["PiercingWail","Dodge and Roll"],"picked":"Calculated Gamble","floor":18},{"not_picked":["Dagger Throw","Backflip"],"picked":"Cloak And Dagger","floor":22},{"not_picked":["Flying Knee","Poisoned Stab","Prepared"],"picked":"Singing Bowl","floor":24},{"not_picked":["Bane","Tools of the Trade"],"picked":"Catalyst","floor":25},{"not_picked":["Flying Knee","Tactician"],"picked":"Catalyst","floor":27},{"not_picked":["Quick Slash","Expertise"],"picked":"Backflip","floor":29},{"not_picked":["Dagger Spray","Underhanded Strike+1"],"picked":"Blur","floor":30},{"not_picked":["Storm of Steel","Phantasmal Killer"],"picked":"Die Die Die","floor":33},{"not_picked":["Sucker Punch","Bane+1"],"picked":"PiercingWail+1","floor":35},{"not_picked":["Backstab+1","Deflect"],"picked":"Well Laid Plans","floor":37},{"not_picked":["Dagger Throw","Flechettes","Slice+1"],"picked":"Singing Bowl","floor":39},{"not_picked":["Poisoned Stab","Blur+1","Grand Finale"],"picked":"Singing Bowl","floor":41},{"not_picked":["Secret Weapon","Magnetism"],"picked":"Impatience","floor":44},{"not_picked":["Leg Sweep","Endless Agony","Deflect+1"],"picked":"Singing Bowl","floor":47}],"player_experience":314663,"relics_obtained":[{"floor":6,"key":"FossilizedHelix"},{"floor":9,"key":"Bird Faced Urn"},{"floor":13,"key":"Singing Bowl"},{"floor":19,"key":"Enchiridion"},{"floor":24,"key":"Meat on the Bone"},{"floor":26,"key":"War Paint"},{"floor":41,"key":"Paper Crane"},{"floor":43,"key":"Regal Pillow"}],"event_choices":[{"damage_healed":0,"gold_gain":75,"player_choice":"Gather Gold","damage_taken":11,"max_hp_gain":0,"max_hp_loss":0,"event_name":"World of Goop","floor":2,"gold_loss":0},{"damage_healed":0,"gold_gain":0,"player_choice":"Entered Light","damage_taken":17,"max_hp_gain":0,"max_hp_loss":0,"event_name":"Shining Light","floor":5,"gold_loss":0,"cards_upgraded":["Strike_G","PiercingWail"]},{"damage_healed":0,"gold_gain":0,"player_choice":"Ignored","damage_taken":0,"max_hp_gain":0,"max_hp_loss":0,"event_name":"Liars Game","floor":8,"gold_loss":0},{"damage_healed":28,"gold_gain":0,"player_choice":"Banana","damage_taken":0,"max_hp_gain":0,"max_hp_loss":0,"event_name":"Big Fish","floor":10,"gold_loss":0},{"damage_healed":0,"gold_gain":0,"player_choice":"Obtained Book","damage_taken":16,"max_hp_gain":0,"max_hp_loss":0,"event_name":"Cursed Tome","floor":19,"gold_loss":0},{"cards_removed":["Strike_G"],"damage_healed":0,"gold_gain":0,"player_choice":"Purged","damage_taken":0,"max_hp_gain":0,"max_hp_loss":0,"event_name":"Purifier","floor":20,"gold_loss":0},{"cards_removed":["Strike_G"],"damage_healed":0,"gold_gain":0,"player_choice":"Offered Basic","damage_taken":0,"max_hp_gain":0,"max_hp_loss":0,"event_name":"Bonfire Elementals","floor":31,"gold_loss":0},{"damage_healed":0,"gold_gain":100,"player_choice":"Pray","damage_taken":0,"max_hp_gain":0,"max_hp_loss":0,"event_name":"Golden Shrine","floor":38,"gold_loss":0},{"damage_healed":0,"gold_gain":0,"player_choice":"Memory 1","damage_taken":0,"max_hp_gain":0,"max_hp_loss":0,"event_name":"SensoryStone","floor":44,"gold_loss":0},{"damage_healed":0,"gold_gain":0,"player_choice":"Ignored","damage_taken":0,"max_hp_gain":0,"max_hp_loss":0,"event_name":"Tomb of Lord Red Mask","floor":45,"gold_loss":0},{"cards_removed":["Strike_G"],"damage_healed":0,"gold_gain":0,"player_choice":"Upgrade and Remove","damage_taken":0,"max_hp_gain":0,"max_hp_loss":0,"event_name":"Designer","floor":48,"gold_loss":90,"cards_upgraded":["Die Die Die"]}],"is_beta":false,"boss_relics":[{"not_picked":["Runic Dome","HoveringKite"],"picked":"Sozu"},{"not_picked":["Runic Pyramid","Calling Bell"],"picked":"Ring of the Serpent"}],"items_purged_floors":[36],"is_endless":false,"potions_floor_spawned":[1,11,16,22,25,29,33,39],"ascension_level":13}