{"gold_per_floor":[359,359,107,122,136,167,167,190,190,190,190,229,229,253,253,253],"floor_reached":16,"playtime":761,"items_purged":["Strike_B"],"score":116,"play_id":"b9ec713d-feb9-4df5-a04a-716d2202b240","local_time":"20190729165419","is_ascension_mode":true,"campfire_choices":[{"floor":7,"key":"REST"},{"floor":13,"key":"REST"},{"data":"Defragment","floor":15,"key":"SMITH"}],"neow_cost":"TEN_PERCENT_HP_LOSS","seed_source_timestamp":10305478517656412,"circlet_count":0,"master_deck":["Strike_B","Strike_B","Defend_B","Defend_B","Defend_B","Defend_B","Zap","Dualcast","Sweeping Beam","Coolheaded","Purity","Defragment+1","Turbo","Steam Power","Go for the Eyes","Chill"],"special_seed":0,"relics":["Cracked Core","Golden Idol","Ginger","Thread and Needle","Incense Burner"],"potions_floor_usage":[],"damage_taken":[{"damage":2.0,"enemies":"Small Slimes","floor":1.0,"turns":3.0},{"damage":8.0,"enemies":"2 Louse","floor":4.0,"turns":3.0},{"damage":1.0,"enemies":"Cultist","floor":5.0,"turns":5.0},{"damage":42,"enemies":"Gremlin Nob","floor":6,"turns":6},{"damage":6,"enemies":"Gremlin Gang","floor":8,"turns":5},{"damage":10,"enemies":"Lagavulin","floor":12,"turns":8},{"damage":0,"enemies":"Blue Slaver","floor":14,"turns":4},{"damage":40,"enemies":"Hexaghost","floor":16,"turns":16}],"seed_played":"-1742496589362745351","potions_obtained":[{"floor":8,"key":"Block Potion"},{"floor":14,"key":"SneckoOil"}],"is_trial":false,"path_per_floor":["M","?","$","M","M","E","R","M","T","?","?","E","R","M","R","B"],"character_chosen":"DEFECT","items_purchased":["Coolheaded","Purity","Defragment"],"campfire_rested":2,"item_purchase_floors":[3,3,3],"current_hp_per_floor":[66,63,63,55,54,12,30,24,24,29,29,19,39,39,39,0],"gold":253,"neow_bonus":"TWO_FIFTY_GOLD","is_prod":false,"is_daily":false,"chose_seed":false,"campfire_upgraded":1,"win_rate":0,"timestamp":1564397659,"path_taken":["M","?","$","M","M","E","R","M","T","?","?","E","R","?","R","BOSS"],"build_version":"2019-07-17","purchased_purges":1,"victory":false,"max_hp_per_floor":[68,63,63,63,63,63,63,63,63,68,68,68,68,68,68,68],"card_choices":[{"not_picked":["Cold Snap","Compile Driver"],"picked":"Sweeping Beam","floor":1.0},{"not_picked":["Reprogram","Barrage"],"picked":"Turbo","floor":4.0},{"not_picked":["Undo","Sunder","Melter"],"picked":"SKIP","floor":5.0},{"not_picked":["Aggregate","BootSequence"],"picked":"Steam Power","floor":6},{"not_picked":["Conserve Battery","Leap","Coolheaded"],"picked":"SKIP","floor":8},{"not_picked":["Consume","Steam"],"picked":"Go for the Eyes","floor":12},{"not_picked":["Static Discharge","Ball Lightning"],"picked":"Chill","floor":14}],"player_experience":1597524,"relics_obtained":[{"floor":6,"key":"Ginger"},{"floor":9,"key":"Thread and Needle"},{"floor":12,"key":"Incense Burner"}],"event_choices":[{"damage_healed":0.0,"max_hp_gain":0.0,"max_hp_loss":5.0,"gold_gain":0.0,"event_name":"Golden Idol","player_choice":"Lose Max HP","floor":2.0,"gold_loss":0.0,"damage_taken":0.0,"relics_obtained":["Golden Idol"]},{"damage_healed":0,"gold_gain":0,"player_choice":"Donut","damage_taken":0,"max_hp_gain":5,"max_hp_loss":0,"event_name":"Big Fish","floor":10,"gold_loss":0},{"cards_removed":["Strike_B"],"damage_healed":0,"gold_gain":0,"player_choice":"Offered Basic","damage_taken":0,"max_hp_gain":0,"max_hp_loss":0,"event_name":"Bonfire Elementals","floor":11,"gold_loss":0}],"is_beta":false,"boss_relics":[],"items_purged_floors":[3],"is_endless":false,"potions_floor_spawned":[8,14],"killed_by":"Hexaghost","ascension_level":1}