{"gold_per_floor":[212,212,15,32,32,58,58,73,97,172,172,172,200,220,220,220],"floor_reached":16,"playtime":740,"items_purged":[],"score":194,"play_id":"6764edb2-0dae-4108-8394-86efbde6a4a2","local_time":"20190709171748","is_ascension_mode":true,"campfire_choices":[{"floor":7,"key":"REST"},{"floor":12,"key":"REST"},{"data":"Neutralize","floor":15,"key":"SMITH"}],"neow_cost":"NONE","seed_source_timestamp":1630459383196021,"circlet_count":0,"master_deck":["AscendersBane","Strike_G","Strike_G","Strike_G","Strike_G","Strike_G","Defend_G","Defend_G","Defend_G","Defend_G","Defend_G","Survivor","Neutralize+1","Deflect","Well Laid Plans","PiercingWail","Dash","Backstab","Wraith Form v2","Cloak And Dagger","Leg Sweep"],"relics":["Ring of the Snake","Omamori","Ancient Tea Set","Meat on the Bone"],"potions_floor_usage":[6,13,16],"damage_taken":[{"damage":7,"enemies":"Small Slimes","floor":1,"turns":5},{"damage":2,"enemies":"Cultist","floor":4,"turns":5},{"damage":38,"enemies":"Gremlin Nob","floor":6,"turns":6},{"damage":6,"enemies":"2 Louse","floor":8,"turns":4},{"damage":31,"enemies":"Lagavulin","floor":13,"turns":12},{"damage":0,"enemies":"Looter","floor":14,"turns":4},{"damage":13,"enemies":"Hexaghost","floor":16,"turns":15}],"seed_played":"-8115700189452494333","potions_obtained":[{"floor":4,"key":"LiquidBronze"},{"floor":6,"key":"SteroidPotion"},{"floor":13,"key":"SpeedPotion"}],"is_trial":false,"path_per_floor":["M","?","$","M","?","E","R","M","T","?","?","R","E","M","R","B"],"character_chosen":"THE_SILENT","items_purchased":["Well Laid Plans","PiercingWail","Poison Potion"],"campfire_rested":2,"item_purchase_floors":[3,3,3],"current_hp_per_floor":[52,57,57,55,45,7,28,22,22,11,11,32,1,13,13,0],"gold":220,"neow_bonus":"HUNDRED_GOLD","is_prod":false,"is_daily":false,"chose_seed":false,"campfire_upgraded":1,"win_rate":0,"timestamp":1562710668,"path_taken":["M","?","$","M","?","E","R","?","T","?","?","R","E","M","R","BOSS"],"build_version":"2019-07-05","purchased_purges":0,"victory":false,"max_hp_per_floor":[66,71,71,71,71,71,71,71,71,71,71,71,71,71,71,71],"card_choices":[{"not_picked":["Prepared","Blur"],"picked":"Deflect","floor":1},{"not_picked":["Sucker Punch","Acrobatics"],"picked":"Dash","floor":4},{"not_picked":["Bane","Heel Hook","Deflect"],"picked":"SKIP","floor":6},{"not_picked":["Blade Dance","Dagger Throw"],"picked":"Backstab","floor":8},{"not_picked":["Backstab","Dodge and Roll"],"picked":"Cloak And Dagger","floor":13},{"not_picked":["Concentrate","Outmaneuver"],"picked":"Leg Sweep","floor":14}],"player_experience":357766,"relics_obtained":[{"floor":6,"key":"Omamori"},{"floor":9,"key":"Ancient Tea Set"},{"floor":13,"key":"Meat on the Bone"}],"event_choices":[{"damage_healed":0,"gold_gain":0,"player_choice":"Donut","damage_taken":0,"max_hp_gain":5,"max_hp_loss":0,"event_name":"Big Fish","floor":2,"gold_loss":0},{"damage_healed":0,"gold_gain":0,"player_choice":"Damaged","damage_taken":10,"max_hp_gain":0,"max_hp_loss":0,"event_name":"Wheel of Change","floor":5,"gold_loss":0},{"damage_healed":0,"gold_gain":75,"player_choice":"Gather Gold","damage_taken":11,"max_hp_gain":0,"max_hp_loss":0,"event_name":"World of Goop","floor":10,"gold_loss":0},{"damage_healed":0,"gold_gain":0,"player_choice":"1 cards matched","damage_taken":0,"max_hp_gain":0,"max_hp_loss":0,"event_name":"Match and Keep!","floor":11,"gold_loss":0,"cards_obtained":["Wraith Form v2"]}],"is_beta":false,"boss_relics":[],"items_purged_floors":[],"is_endless":false,"potions_floor_spawned":[4,6,13],"killed_by":"Hexaghost","ascension_level":16}