{"gold_per_floor":[113,38,3,3,19,19,48,48,128,128,140,140,160,160,160,160],"floor_reached":16,"playtime":589,"items_purged":["Defend_R"],"score":118,"play_id":"726a3428-eaef-4c21-b962-d24d12df823c","local_time":"20190813201022","is_ascension_mode":true,"campfire_choices":[{"data":"Bash","floor":6,"key":"SMITH"},{"floor":8,"key":"REST"},{"data":"Iron Wave","floor":10,"key":"SMITH"},{"data":"Carnage","floor":15,"key":"SMITH"}],"neow_cost":"NONE","seed_source_timestamp":36981660868473,"circlet_count":0,"master_deck":["Strike_R","Strike_R","Strike_R","Strike_R+1","Strike_R","Defend_R","Defend_R","Defend_R+1","Bash+1","True Grit","Sword Boomerang","Iron Wave+1","Carnage+1","Shrug It Off"],"relics":["Burning Blood","Regal Pillow","PreservedInsect","Darkstone Periapt"],"potions_floor_usage":[],"damage_taken":[{"damage":23,"enemies":"Small Slimes","floor":1,"turns":4},{"damage":10,"enemies":"Jaw Worm","floor":5,"turns":5},{"damage":40,"enemies":"3 Sentries","floor":7,"turns":11},{"damage":6,"enemies":"Cultist","floor":11,"turns":3},{"damage":10,"enemies":"Red Slaver","floor":13,"turns":3},{"damage":66,"enemies":"Hexaghost","floor":16,"turns":9}],"seed_played":"7097732113965648840","potions_obtained":[{"floor":5,"key":"FearPotion"},{"floor":11,"key":"Dexterity Potion"},{"floor":13,"key":"Explosive Potion"}],"is_trial":false,"path_per_floor":["M","$","?","?","M","R","E","R","T","R","M","?","M","?","R","B"],"character_chosen":"IRONCLAD","items_purchased":[],"campfire_rested":1,"item_purchase_floors":[],"current_hp_per_floor":[63,63,80,64,60,60,26,65,65,65,65,65,61,66,66,0],"gold":160,"neow_bonus":"RANDOM_COMMON_RELIC","is_prod":false,"is_daily":false,"chose_seed":false,"campfire_upgraded":3,"win_rate":0,"timestamp":1565752222,"path_taken":["M","$","?","?","M","R","E","R","T","R","M","?","?","?","R","BOSS"],"build_version":"2019-07-17","purchased_purges":1,"victory":false,"max_hp_per_floor":[80,80,80,80,80,80,80,80,80,80,80,80,80,85,85,85],"card_choices":[{"not_picked":["Wild Strike","Headbutt"],"picked":"True Grit","floor":1},{"not_picked":["Intimidate","Feel No Pain"],"picked":"Sword Boomerang","floor":5},{"not_picked":["Sword Boomerang","Body Slam"],"picked":"Iron Wave","floor":7},{"not_picked":["Dual Wield","Flex"],"picked":"Carnage","floor":11},{"not_picked":["Entrench","Cleave"],"picked":"Shrug It Off","floor":13}],"player_experience":368755,"relics_obtained":[{"floor":7,"key":"PreservedInsect"},{"floor":9,"key":"Darkstone Periapt"}],"event_choices":[{"damage_healed":20,"gold_gain":0,"player_choice":"Healed","damage_taken":0,"max_hp_gain":0,"max_hp_loss":0,"event_name":"The Cleric","floor":3,"gold_loss":35},{"damage_healed":0,"gold_gain":0,"player_choice":"Entered Light","damage_taken":16,"max_hp_gain":0,"max_hp_loss":0,"event_name":"Shining Light","floor":4,"gold_loss":0,"cards_upgraded":["Defend_R","Strike_R"]},{"damage_healed":0,"gold_gain":0,"player_choice":"Ignored","damage_taken":0,"max_hp_gain":0,"max_hp_loss":0,"event_name":"Liars Game","floor":12,"gold_loss":0},{"damage_healed":0,"gold_gain":0,"player_choice":"Donut","damage_taken":0,"max_hp_gain":5,"max_hp_loss":0,"event_name":"Big Fish","floor":14,"gold_loss":0}],"is_beta":false,"boss_relics":[],"items_purged_floors":[2],"is_endless":false,"potions_floor_spawned":[5,11,13],"killed_by":"Hexaghost","ascension_level":4}