{"gold_per_floor":[127,150,162,187,199,211,240,268,280,292,334,365,390,435,447,459],"floor_reached":16,"playtime":801,"items_purged":[],"score":194,"play_id":"beb17f3d-aec5-46c9-883a-fcc114c92bc0","local_time":"20190719232123","is_ascension_mode":true,"campfire_choices":[{"data":"Armaments","floor":6.0,"key":"SMITH"},{"data":"Inflame","floor":10,"key":"SMITH"},{"data":"Disarm","floor":15,"key":"SMITH"}],"neow_cost":"NONE","seed_source_timestamp":585334589754424,"circlet_count":0,"master_deck":["AscendersBane","Strike_R","Strike_R","Strike_R","Strike_R","Strike_R","Defend_R","Defend_R","Defend_R","Defend_R","Bash","Clothesline","Inflame+1","Armaments+1","Disarm+1","Bludgeon","Pommel Strike","Thunderclap"],"special_seed":0,"relics":["Burning Blood","MawBank","Omamori","Oddly Smooth Stone","Meat on the Bone"],"potions_floor_usage":[11,16],"damage_taken":[{"damage":7.0,"enemies":"Small Slimes","floor":1.0,"turns":3.0},{"damage":0.0,"enemies":"Cultist","floor":2.0,"turns":4.0},{"damage":3.0,"enemies":"2 Louse","floor":4.0,"turns":3.0},{"damage":6.0,"enemies":"2 Fungi Beasts","floor":7.0,"turns":4.0},{"damage":20.0,"enemies":"Large Slime","floor":8.0,"turns":5.0},{"damage":22,"enemies":"3 Sentries","floor":11,"turns":9},{"damage":16,"enemies":"3 Louse","floor":12,"turns":5},{"damage":0,"enemies":"2 Fungi Beasts","floor":13,"turns":5},{"damage":32,"enemies":"Lagavulin","floor":14,"turns":8},{"damage":17,"enemies":"Hexaghost","floor":16,"turns":13}],"seed_played":"5914666249440819219","potions_obtained":[{"floor":1.0,"key":"Swift Potion"},{"floor":2.0,"key":"SkillPotion"},{"floor":3.0,"key":"Block Potion"}],"is_trial":false,"path_per_floor":["M","M","?","M","$","R","M","M","T","R","E","M","M","E","R","B"],"character_chosen":"IRONCLAD","items_purchased":[],"campfire_rested":0,"item_purchase_floors":[],"current_hp_per_floor":[67,73,73,75,75,75,75,61,61,61,45,35,41,15,15,0],"gold":459,"neow_bonus":"RANDOM_COMMON_RELIC","is_prod":false,"is_daily":false,"chose_seed":false,"campfire_upgraded":3,"win_rate":0,"timestamp":1563592883,"path_taken":["M","M","?","M","?","R","M","M","T","R","E","M","M","E","R","BOSS"],"build_version":"2019-07-17","purchased_purges":0,"victory":false,"max_hp_per_floor":[75,75,75,75,75,75,75,75,75,75,75,75,75,75,75,75],"card_choices":[{"not_picked":["Sever Soul","Cleave"],"picked":"Clothesline","floor":1.0},{"not_picked":["Burning Pact","Sword Boomerang"],"picked":"Inflame","floor":2.0},{"not_picked":["Flex","Sword Boomerang"],"picked":"Armaments","floor":4.0},{"not_picked":["Iron Wave","Reckless Charge","Evolve"],"picked":"SKIP","floor":7.0},{"not_picked":["Body Slam","Sever Soul"],"picked":"Disarm","floor":8.0},{"not_picked":["Clash","Intimidate"],"picked":"Bludgeon","floor":11},{"not_picked":["Intimidate","Sword Boomerang","Infernal Blade"],"picked":"SKIP","floor":12},{"not_picked":["Heavy Blade","Armaments"],"picked":"Pommel Strike","floor":13},{"not_picked":["Armaments","Cleave"],"picked":"Thunderclap","floor":14}],"player_experience":708381,"relics_obtained":[{"floor":9.0,"key":"Omamori"},{"floor":11,"key":"Oddly Smooth Stone"},{"floor":14,"key":"Meat on the Bone"}],"event_choices":[{"damage_healed":0.0,"max_hp_gain":0.0,"max_hp_loss":0.0,"gold_gain":0.0,"event_name":"Lab","player_choice":"Got Potions","floor":3.0,"gold_loss":0.0,"damage_taken":0.0}],"is_beta":false,"boss_relics":[],"items_purged_floors":[],"is_endless":false,"potions_floor_spawned":[1,2,4,8],"killed_by":"Hexaghost","ascension_level":14}