{"gold_per_floor":[115,133,147,197,207,220,220,253,280,280,294,6,24,41,41,41],"floor_reached":16,"playtime":816,"items_purged":[],"score":242,"play_id":"ec57fb02-07e9-42b7-83be-c5f0d57d09cd","local_time":"20190819124547","is_ascension_mode":true,"campfire_choices":[{"floor":7,"key":"REST"},{"floor":10,"key":"RECALL"},{"data":"Dramatic Entrance","floor":15,"key":"SMITH"}],"neow_cost":"NONE","seed_source_timestamp":6787676643947,"circlet_count":0,"master_deck":["AscendersBane","Strike_R+1","Strike_R","Strike_R","Strike_R","Strike_R","Defend_R","Defend_R","Defend_R","Defend_R","Bash","Dramatic Entrance+1","Shrug It Off","Headbutt","Iron Wave","Iron Wave+1","Infernal Blade","Iron Wave","Flame Barrier","Mind Blast","Body Slam","Dual Wield","Shrug It Off"],"relics":["Burning Blood","Art of War","Whetstone"],"potions_floor_usage":[8,13,13,16,16],"damage_taken":[{"damage":3,"enemies":"Small Slimes","floor":1,"turns":3},{"damage":4,"enemies":"Cultist","floor":2,"turns":4},{"damage":9,"enemies":"Jaw Worm","floor":3,"turns":3},{"damage":10,"enemies":"Exordium Wildlife","floor":5,"turns":5},{"damage":24,"enemies":"Large Slime","floor":6,"turns":8},{"damage":3,"enemies":"Gremlin Nob","floor":8,"turns":2},{"damage":6,"enemies":"Looter","floor":11,"turns":2},{"damage":15,"enemies":"Exordium Thugs","floor":13,"turns":5},{"damage":0,"enemies":"2 Fungi Beasts","floor":14,"turns":2},{"damage":66,"enemies":"Slime Boss","floor":16,"turns":6}],"seed_played":"-4781488377983903197","potions_obtained":[{"floor":6,"key":"Fire Potion"},{"floor":8,"key":"Energy Potion"},{"floor":11,"key":"EntropicBrew"},{"floor":13,"key":"Explosive Potion"}],"is_trial":false,"path_per_floor":["M","M","M","?","M","M","R","E","T","R","M","$","M","M","R","B"],"character_chosen":"IRONCLAD","items_purchased":["Mind Blast","Whetstone","Body Slam"],"campfire_rested":1,"item_purchase_floors":[12,12,12],"current_hp_per_floor":[71,73,70,63,59,41,63,66,66,66,66,66,57,63,63,0],"gold":41,"neow_bonus":"RANDOM_COLORLESS","is_prod":false,"is_daily":false,"chose_seed":false,"campfire_upgraded":1,"win_rate":0,"timestamp":1566243947,"path_taken":["M","M","M","?","M","?","R","E","T","R","M","$","M","M","R","BOSS"],"build_version":"2019-07-17","purchased_purges":0,"victory":false,"max_hp_per_floor":[75,75,75,75,75,75,75,75,75,75,75,75,75,75,75,75],"card_choices":[{"not_picked":["Clash","Twin Strike"],"picked":"Shrug It Off","floor":1},{"not_picked":["Shockwave","Sever Soul"],"picked":"Headbutt","floor":2},{"not_picked":["Pummel","Headbutt"],"picked":"Iron Wave","floor":3},{"not_picked":["Anger","True Grit"],"picked":"Iron Wave","floor":5},{"not_picked":["Fire Breathing","Clothesline"],"picked":"Infernal Blade","floor":6},{"not_picked":["Feel No Pain","Anger"],"picked":"Iron Wave","floor":8},{"not_picked":["Evolve","Battle Trance"],"picked":"Flame Barrier","floor":11},{"not_picked":["Evolve","Anger"],"picked":"Dual Wield","floor":13},{"not_picked":["Pommel Strike","Heavy Blade"],"picked":"Shrug It Off","floor":14}],"player_experience":698315,"relics_obtained":[{"floor":8,"key":"Art of War"}],"event_choices":[{"damage_healed":0,"gold_gain":50,"player_choice":"Touch","damage_taken":7,"max_hp_gain":0,"max_hp_loss":0,"event_name":"FaceTrader","floor":4,"gold_loss":0}],"is_beta":false,"boss_relics":[],"items_purged_floors":[],"is_endless":false,"potions_floor_spawned":[6,8,11,13],"killed_by":"Slime Boss","ascension_level":17}