{"gold_per_floor":[118,118,118,118,193,193,220,232,232,232,248,280,292,304,304,400,400,418,398,497,58,73,73,89,89,113,113,34,53,53,53,53,158,158,173,187,112,129,144,179,179,212,235,267,281,281,281,15,15,15],"floor_reached":51,"playtime":4048,"items_purged":["Crippling Poison"],"score":972,"play_id":"53ac07ad-3d80-4d6e-bb8d-ba697b84616f","local_time":"20190818160436","is_ascension_mode":true,"campfire_choices":[{"data":"Catalyst","floor":6.0,"key":"SMITH"},{"floor":10.0,"key":"REST"},{"floor":15.0,"key":"REST"},{"floor":23.0,"key":"REST"},{"floor":25.0,"key":"REST"},{"data":"Blur","floor":30.0,"key":"SMITH"},{"data":"Bouncing Flask","floor":32.0,"key":"SMITH"},{"floor":41,"key":"REST"},{"floor":46,"key":"REST"},{"floor":49,"key":"REST"}],"neow_cost":"NONE","seed_source_timestamp":84777329115047,"circlet_count":0,"master_deck":["Defend_G","Defend_G","Defend_G","Defend_G","Defend_G","Survivor","Neutralize","Catalyst+1","Blur+1","Cloak And Dagger","Blade Dance","Well Laid Plans","Cloak And Dagger","Die Die Die","Crippling Poison+1","Storm of Steel+1","Terror+1","Backflip","Footwork","Dodge and Roll","Calculated Gamble","Dodge and Roll","Infinite Blades+1","Bouncing Flask+1","Footwork","Adrenaline","Dodge and Roll+1","Deadly Poison+1","Footwork+1","Deadly Poison+1","Catalyst+1","Noxious Fumes"],"special_seed":0,"relics":["Ring of the Snake","NeowsBlessing","Mummified Hand","Bronze Scales","Question Card","Vajra","Astrolabe","Matryoshka","Potion Belt","Omamori","Philosopher\u0027s Stone","Bottled Tornado","Darkstone Periapt","Lantern","Bag of Preparation","Ancient Tea Set","Oddly Smooth Stone"],"potions_floor_usage":[40,44,45,50],"damage_taken":[{"damage":0.0,"enemies":"Small Slimes","floor":1.0,"turns":1.0},{"damage":0.0,"enemies":"Gremlin Nob","floor":7.0,"turns":1.0},{"damage":0.0,"enemies":"Cultist","floor":8.0,"turns":1.0},{"damage":0.0,"enemies":"2 Louse","floor":11.0,"turns":4.0},{"damage":22.0,"enemies":"3 Sentries","floor":12.0,"turns":14.0},{"damage":0.0,"enemies":"Blue Slaver","floor":13.0,"turns":4.0},{"damage":0.0,"enemies":"Exordium Thugs","floor":14.0,"turns":5.0},{"damage":14.0,"enemies":"Slime Boss","floor":16.0,"turns":8.0},{"damage":4.0,"enemies":"Shell Parasite","floor":18.0,"turns":6.0},{"damage":24.0,"enemies":"2 Thieves","floor":19.0,"turns":4.0},{"damage":0.0,"enemies":"Centurion and Healer","floor":22.0,"turns":5.0},{"damage":22.0,"enemies":"Snake Plant","floor":24.0,"turns":5.0},{"damage":0.0,"enemies":"3 Cultists","floor":29.0,"turns":4.0},{"damage":54.0,"enemies":"Champ","floor":33.0,"turns":16.0},{"damage":0.0,"enemies":"Orb Walker","floor":35.0,"turns":4.0},{"damage":0.0,"enemies":"3 Shapes","floor":36.0,"turns":4.0},{"damage":0.0,"enemies":"3 Darklings","floor":38.0,"turns":6.0},{"damage":15,"enemies":"Transient","floor":39,"turns":5},{"damage":49,"enemies":"Reptomancer","floor":40,"turns":5},{"damage":6,"enemies":"Giant Head","floor":42,"turns":9},{"damage":5,"enemies":"Reptomancer","floor":44,"turns":6},{"damage":10,"enemies":"Spire Growth","floor":45,"turns":5},{"damage":39,"enemies":"Time Eater","floor":50,"turns":10}],"seed_played":"-6586195696301825192","potions_obtained":[{"floor":7.0,"key":"SteroidPotion"},{"floor":13.0,"key":"GhostInAJar"},{"floor":14.0,"key":"PowerPotion"},{"floor":24.0,"key":"Dexterity Potion"},{"floor":29.0,"key":"Block Potion"},{"floor":31.0,"key":"SneckoOil"},{"floor":31.0,"key":"Strength Potion"},{"floor":31.0,"key":"Fire Potion"},{"floor":33.0,"key":"GhostInAJar"},{"floor":35.0,"key":"Regen Potion"},{"floor":39,"key":"Weak Potion"},{"floor":40,"key":"SteroidPotion"},{"floor":45,"key":"GamblersBrew"}],"is_trial":false,"path_per_floor":["M","?","$","?","T","R","E","M","T","R","M","E","M","M","R","B",null,"M","M","?","$","M","R","M","R","T","?","$","M","R","?","R","B",null,"M","M","$","M","M","E","R","E","T","E","M","R","?","$","R","B",null],"character_chosen":"THE_SILENT","items_purchased":["Footwork","Dodge and Roll","Calculated Gamble","Matryoshka","Bouncing Flask","Noxious Fumes","Oddly Smooth Stone","Poison Potion"],"campfire_rested":7,"item_purchase_floors":[21,21,21,21,28,48,48,48],"current_hp_per_floor":[63,63,63,56,56,56,56,56,56,70,70,48,48,48,69,55,66,62,38,38,38,38,59,37,58,58,70,70,70,70,70,70,16,57,57,70,70,70,55,6,27,21,21,16,6,27,45,45,66,27],"gold":15,"neow_bonus":"THREE_ENEMY_KILL","is_prod":false,"is_daily":false,"chose_seed":false,"campfire_upgraded":3,"win_rate":0,"timestamp":1566140676,"path_taken":["M","?","?","?","?","R","E","M","T","R","M","E","M","?","R","BOSS","M","M","?","$","M","R","M","R","T","?","$","?","R","?","R","BOSS","M","M","$","M","?","E","R","E","T","E","M","R","?","$","R","BOSS"],"build_version":"2019-07-17","purchased_purges":1,"victory":true,"max_hp_per_floor":[70,70,70,70,70,70,70,70,70,70,70,70,70,70,70,70,70,70,70,70,70,70,70,70,70,70,70,70,70,70,70,70,70,70,70,70,70,70,70,70,70,70,70,70,70,70,70,70,70,70],"card_choices":[{"not_picked":["Dagger Spray","Backflip"],"picked":"Catalyst","floor":1.0},{"not_picked":["Eviscerate","Reflex"],"picked":"Blur","floor":7.0},{"not_picked":["Backflip","Outmaneuver"],"picked":"Cloak And Dagger","floor":8.0},{"not_picked":["Bane","Storm of Steel","Terror"],"picked":"Blade Dance","floor":11.0},{"not_picked":["Deflect","Well Laid Plans","Prepared"],"picked":"Terror","floor":12.0},{"not_picked":["Sucker Punch","Expertise","Backflip"],"picked":"Well Laid Plans","floor":13.0},{"not_picked":["Flying Knee","Blade Dance","Underhanded Strike"],"picked":"Cloak And Dagger","floor":14.0},{"not_picked":["Doppelganger","Wraith Form v2","Glass Knife"],"picked":"Die Die Die","floor":16.0},{"not_picked":["Dagger Throw","Flechettes","Poisoned Stab"],"picked":"Crippling Poison","floor":18.0},{"not_picked":["Deflect","Flying Knee","Dagger Throw+1"],"picked":"Backflip","floor":19.0},{"not_picked":["Calculated Gamble","Distraction","Tactician+1"],"picked":"Dodge and Roll","floor":22.0},{"not_picked":["Cloak And Dagger","Underhanded Strike","Dodge and Roll"],"picked":"Infinite Blades+1","floor":24.0},{"not_picked":["Slice+1","Infinite Blades","Escape Plan"],"picked":"Footwork","floor":29.0},{"not_picked":["Unload","Malaise","Die Die Die"],"picked":"Adrenaline","floor":33.0},{"not_picked":["Catalyst","Underhanded Strike","Expertise"],"picked":"Dodge and Roll+1","floor":35.0},{"not_picked":["Outmaneuver+1","Acrobatics","Terror+1","Night Terror"],"picked":"SKIP","floor":36.0},{"not_picked":["Sucker Punch","Quick Slash","Poisoned Stab+1"],"picked":"Deadly Poison+1","floor":38.0},{"not_picked":["Dagger Spray","Eviscerate+1","Caltrops+1"],"picked":"Footwork+1","floor":39},{"not_picked":["Underhanded Strike+1","Grand Finale","Footwork"],"picked":"Deadly Poison+1","floor":40},{"not_picked":["Flying Knee","Choke","Underhanded Strike","Reflex+1"],"picked":"SKIP","floor":42},{"not_picked":["Bane","Flying Knee","Accuracy","Riddle With Holes+1"],"picked":"SKIP","floor":44},{"not_picked":["Well Laid Plans+1","Terror+1","Sucker Punch+1"],"picked":"Catalyst+1","floor":45}],"player_experience":417259,"relics_obtained":[{"floor":5.0,"key":"Mummified Hand"},{"floor":7.0,"key":"Bronze Scales"},{"floor":9.0,"key":"Question Card"},{"floor":12.0,"key":"Vajra"},{"floor":26.0,"key":"Potion Belt"},{"floor":26.0,"key":"Omamori"},{"floor":40,"key":"Bottled Tornado"},{"floor":42,"key":"Darkstone Periapt"},{"floor":43,"key":"Lantern"},{"floor":43,"key":"Bag of Preparation"},{"floor":44,"key":"Ancient Tea Set"}],"event_choices":[{"cards_removed":["Strike_G"],"damage_healed":0.0,"max_hp_gain":0.0,"max_hp_loss":0.0,"gold_gain":0.0,"event_name":"Purifier","player_choice":"Purged","floor":2.0,"gold_loss":0.0,"damage_taken":0.0},{"cards_removed":["Strike_G"],"damage_healed":0.0,"max_hp_gain":0.0,"max_hp_loss":0.0,"gold_gain":0.0,"event_name":"Golden Wing","player_choice":"Card Removal","floor":4.0,"gold_loss":0.0,"damage_taken":7.0},{"damage_healed":0.0,"max_hp_gain":0.0,"max_hp_loss":0.0,"gold_gain":99.0,"event_name":"Nest","player_choice":"Stole From Cult","floor":20.0,"gold_loss":0.0,"damage_taken":0.0},{"cards_removed":["Terror"],"damage_healed":12.0,"max_hp_gain":0.0,"max_hp_loss":0.0,"gold_gain":0.0,"event_name":"Bonfire Elementals","player_choice":"Offered Uncommon","floor":27.0,"gold_loss":0.0,"damage_taken":0.0},{"damage_healed":0.0,"max_hp_gain":0.0,"max_hp_loss":0.0,"gold_gain":0.0,"event_name":"Lab","player_choice":"Got Potions","floor":31.0,"gold_loss":0.0,"damage_taken":0.0},{"damage_healed":18,"gold_gain":0,"player_choice":"Writhe","damage_taken":0,"max_hp_gain":0,"max_hp_loss":0,"event_name":"Winding Halls","floor":47,"gold_loss":0,"cards_obtained":["Writhe"]}],"is_beta":false,"boss_relics":[{"not_picked":["Velvet Choker","White Beast Statue"],"picked":"Astrolabe"},{"not_picked":["Runic Dome","HoveringKite"],"picked":"Philosopher\u0027s Stone"}],"items_purged_floors":[37],"is_endless":false,"potions_floor_spawned":[7,13,14,24,29,33,35,39,40,45],"ascension_level":7}