{"gold_per_floor":[214,225,94,107,107,140,160,174,174,207,238,570,582,611,611,611],"floor_reached":16,"playtime":707,"items_purged":[],"score":242,"play_id":"b3e71b6b-e965-4ae8-b7a5-faf664ed97d1","local_time":"20190621194459","is_ascension_mode":true,"campfire_choices":[{"data":"Dark Embrace","floor":15,"key":"SMITH"}],"neow_cost":"NONE","seed_source_timestamp":84128647078668,"circlet_count":0,"master_deck":["Strike_R","Strike_R","Strike_R","Strike_R","Defend_R","Defend_R","Defend_R","Defend_R","Bash","Flame Barrier","Wild Strike","Ghostly Armor","Reckless Charge","Spot Weakness","Uppercut","Dark Embrace+1","Corruption","Immolate"],"relics":["Burning Blood","Blood Vial","WingedGreaves","Pear","Bird Faced Urn","Old Coin","Darkstone Periapt"],"potions_floor_usage":[6,10,11,12,12,12,14],"damage_taken":[{"damage":6,"enemies":"2 Louse","floor":1,"turns":3},{"damage":6,"enemies":"Cultist","floor":2,"turns":6},{"damage":4,"enemies":"Jaw Worm","floor":4,"turns":5},{"damage":25,"enemies":"Gremlin Nob","floor":6,"turns":4},{"damage":2,"enemies":"2 Fungi Beasts","floor":7,"turns":3},{"damage":14,"enemies":"Looter","floor":8,"turns":4},{"damage":12,"enemies":"3 Sentries","floor":10,"turns":7},{"damage":30,"enemies":"Gremlin Nob","floor":11,"turns":4},{"damage":0,"enemies":"Lagavulin","floor":12,"turns":7},{"damage":23,"enemies":"Lots of Slimes","floor":13,"turns":5},{"damage":9,"enemies":"Gremlin Nob","floor":14,"turns":4},{"damage":49,"enemies":"The Guardian","floor":16,"turns":6}],"seed_played":"-2518074641126649938","potions_obtained":[{"floor":1,"key":"Block Potion"},{"floor":6,"key":"EssenceOfSteel"},{"floor":8,"key":"Dexterity Potion"},{"floor":10,"key":"Poison Potion"},{"floor":11,"key":"FearPotion"},{"floor":13,"key":"PowerPotion"}],"is_trial":false,"path_per_floor":["M","M","$","M","?","E","M","M","T","E","E","E","M","E","R","B"],"character_chosen":"IRONCLAD","items_purchased":["Fire Potion","Ghostly Armor"],"campfire_rested":0,"item_purchase_floors":[3,3],"current_hp_per_floor":[72,72,72,74,74,55,61,55,55,61,39,51,38,41,41,0],"gold":611,"neow_bonus":"HUNDRED_GOLD","is_prod":false,"is_daily":false,"chose_seed":false,"campfire_upgraded":1,"win_rate":0,"timestamp":1561164299,"path_taken":["M","M","$","M","?","E","M","M","T","E","E","E","?","E","R","BOSS"],"build_version":"2019-01-23","purchased_purges":0,"victory":false,"max_hp_per_floor":[80,80,80,80,80,80,80,80,80,90,90,90,90,90,90,90],"card_choices":[{"not_picked":["Sentinel","Headbutt"],"picked":"Flame Barrier","floor":1},{"not_picked":["Cleave","Rupture"],"picked":"Wild Strike","floor":2},{"not_picked":["Thunderclap","Sword Boomerang"],"picked":"Reckless Charge","floor":4},{"not_picked":["Inflame","Headbutt"],"picked":"Spot Weakness","floor":6},{"not_picked":["Dropkick","Twin Strike","True Grit"],"picked":"SKIP","floor":7},{"not_picked":["Body Slam","Bloodletting"],"picked":"Uppercut","floor":8},{"not_picked":["Wild Strike","Blood for Blood"],"picked":"Dark Embrace","floor":10},{"not_picked":["Anger","Armaments"],"picked":"Corruption","floor":11},{"not_picked":["Pommel Strike","Clothesline","Bloodletting"],"picked":"SKIP","floor":12},{"not_picked":["Sword Boomerang","Warcry","Iron Wave"],"picked":"SKIP","floor":13},{"not_picked":["Twin Strike","Warcry"],"picked":"Immolate","floor":14}],"player_experience":236649,"relics_obtained":[{"floor":6,"key":"Blood Vial"},{"floor":9,"key":"WingedGreaves"},{"floor":10,"key":"Pear"},{"floor":11,"key":"Bird Faced Urn"},{"floor":12,"key":"Old Coin"},{"floor":14,"key":"Darkstone Periapt"}],"event_choices":[{"cards_removed":["Strike_R"],"damage_healed":0,"gold_gain":0,"player_choice":"Purged","damage_taken":0,"max_hp_gain":0,"max_hp_loss":0,"event_name":"Purifier","floor":5,"gold_loss":0}],"is_beta":false,"boss_relics":[],"items_purged_floors":[],"is_endless":false,"potions_floor_spawned":[1,6,8,10,11,13],"killed_by":"The Guardian","ascension_level":9}