{"gold_per_floor":[112,62,62,137,148,148,178,207,231,107,122,122,137,148,148,250,250,263,283,283,283],"floor_reached":21,"playtime":786,"items_purged":[],"score":206,"play_id":"4030a3ea-2865-42d1-9329-fe75f336471e","local_time":"20190305135643","is_ascension_mode":true,"campfire_choices":[{"data":"Armaments","floor":6,"key":"SMITH"},{"floor":12,"key":"REST"},{"floor":15,"key":"REST"}],"neow_cost":"NONE","seed_source_timestamp":387308790086728,"circlet_count":0,"master_deck":["Strike_R","Strike_R","Strike_R","Strike_R","Defend_R+1","Defend_R","Defend_R+1","Defend_R","Bash","Corruption","Blood for Blood","Armaments+1","Combust","Cleave","Wild Strike","Rampage","Wild Strike","Immolate","Spot Weakness","Seeing Red+1"],"relics":["Burning Blood","Regal Pillow","Odd Mushroom","PreservedInsect","Tiny Chest","Velvet Choker","Bottled Tornado"],"potions_floor_usage":[16,16,16],"damage_taken":[{"damage":0,"enemies":"Small Slimes","floor":1,"turns":3},{"damage":4,"enemies":"Jaw Worm","floor":5,"turns":4},{"damage":30,"enemies":"3 Sentries","floor":7,"turns":10},{"damage":10,"enemies":"The Mushroom Lair","floor":8,"turns":5},{"damage":0,"enemies":"2 Louse","floor":11,"turns":3},{"damage":25,"enemies":"Exordium Thugs","floor":13,"turns":3},{"damage":19,"enemies":"3 Louse","floor":14,"turns":3},{"damage":42,"enemies":"The Guardian","floor":16,"turns":9},{"damage":31,"enemies":"Shell Parasite","floor":18,"turns":5},{"damage":21,"enemies":"Spheric Guardian","floor":19,"turns":5},{"damage":22,"enemies":"Snecko","floor":21,"turns":4}],"seed_played":"-5465771001991380618","potions_obtained":[{"floor":1,"key":"SpeedPotion"},{"floor":5,"key":"SpeedPotion"},{"floor":8,"key":"SkillPotion"},{"floor":13,"key":"Weak Potion"},{"floor":14,"key":"Strength Potion"}],"is_trial":false,"path_per_floor":["M","?","?","?","M","R","E","?","T","$","M","R","M","M","R","B",null,"M","M","T","M"],"character_chosen":"IRONCLAD","items_purchased":["Tiny Chest"],"campfire_rested":2,"item_purchase_floors":[10],"current_hp_per_floor":[80,80,64,53,55,55,31,27,27,27,33,72,53,40,79,43,80,55,40,40,18],"gold":283,"neow_bonus":"THREE_CARDS","is_prod":false,"is_daily":false,"chose_seed":false,"campfire_upgraded":1,"win_rate":0,"timestamp":1551812203,"path_taken":["M","?","?","?","M","R","E","?","T","?","M","R","M","M","R","BOSS","M","M","?","M"],"build_version":"2019-01-23","purchased_purges":0,"victory":false,"max_hp_per_floor":[80,80,80,80,80,80,80,80,80,80,80,80,80,80,80,80,80,80,80,80,80],"card_choices":[{"not_picked":["Rage","Warcry"],"picked":"Corruption","floor":0},{"not_picked":["Twin Strike","Pummel"],"picked":"Blood for Blood","floor":1},{"not_picked":["Corruption","Twin Strike"],"picked":"Armaments","floor":5},{"not_picked":["Clothesline","Clash"],"picked":"Combust","floor":7},{"not_picked":["Searing Blow","Burning Pact"],"picked":"Cleave","floor":8},{"not_picked":["Anger","Headbutt"],"picked":"Wild Strike","floor":11},{"not_picked":["Heavy Blade","Clash"],"picked":"Rampage","floor":13},{"not_picked":["Evolve","Warcry"],"picked":"Wild Strike","floor":14},{"not_picked":["Berserk","Bludgeon"],"picked":"Immolate","floor":16},{"not_picked":["Thunderclap","Twin Strike+1"],"picked":"Spot Weakness","floor":18},{"not_picked":["Thunderclap","Perfected Strike+1"],"picked":"Seeing Red+1","floor":19}],"player_experience":279937,"relics_obtained":[{"floor":7,"key":"Regal Pillow"},{"floor":8,"key":"Odd Mushroom"},{"floor":9,"key":"PreservedInsect"},{"floor":20,"key":"Bottled Tornado"}],"event_choices":[{"cards_removed":["Strike_R"],"damage_healed":0,"gold_gain":0,"player_choice":"Card Removal","damage_taken":0,"max_hp_gain":0,"max_hp_loss":0,"event_name":"The Cleric","floor":2,"gold_loss":50},{"damage_healed":0,"gold_gain":0,"player_choice":"Entered Light","damage_taken":16,"max_hp_gain":0,"max_hp_loss":0,"event_name":"Shining Light","floor":3,"gold_loss":0,"cards_upgraded":["Defend_R","Defend_R"]},{"damage_healed":0,"gold_gain":75,"player_choice":"Gather Gold","damage_taken":11,"max_hp_gain":0,"max_hp_loss":0,"event_name":"World of Goop","floor":4,"gold_loss":0},{"damage_healed":0,"gold_gain":0,"player_choice":"Fought Mushrooms","damage_taken":0,"max_hp_gain":0,"max_hp_loss":0,"event_name":"Mushrooms","floor":8,"gold_loss":0}],"is_beta":false,"boss_relics":[{"not_picked":["Lizard Tail","Black Star"],"picked":"Velvet Choker"}],"items_purged_floors":[],"is_endless":false,"potions_floor_spawned":[1,5,8,13,14],"killed_by":"Snecko","ascension_level":3}