{"gold_per_floor":[211,227,240,92,102,134,134,134,134,134,151,151,151,184,184,284,284,295,210,210,210,60,86,86,100,100,112,130,55,89,102,102,102],"floor_reached":33,"playtime":1604,"items_purged":["Strike_G"],"score":409,"play_id":"22d2800f-a661-401a-8cb2-cfb5075d381d","local_time":"20190311184733","is_ascension_mode":true,"campfire_choices":[{"floor":7,"key":"REST"},{"floor":10,"key":"REST"},{"data":"Footwork","floor":12,"key":"SMITH"},{"data":"Neutralize","floor":15,"key":"SMITH"},{"data":"Dodge and Roll","floor":24,"key":"SMITH"},{"data":"Caltrops","floor":32,"key":"SMITH"}],"neow_cost":"NONE","seed_source_timestamp":918746819523920,"circlet_count":0,"master_deck":["Defend_G","Defend_G","Defend_G","Defend_G","Defend_G","Survivor","Neutralize+1","Flying Knee","Crippling Poison","Backstab","Footwork+1","Dodge and Roll+1","Caltrops+1","Deadly Poison","Bite","Bite","Bite","Bite","Backflip","Infinite Blades","Escape Plan","Corpse Explosion","All Out Attack","Escape Plan+1","Cloak And Dagger"],"relics":["Ring of the Snake","FossilizedHelix","Blue Candle","Ninja Scroll","Unceasing Top","Cursed Key","Anchor","Smiling Mask","Bag of Marbles"],"potions_floor_usage":[14,14,14,18,23,23,33],"damage_taken":[{"damage":4,"enemies":"Small Slimes","floor":1,"turns":4},{"damage":0,"enemies":"Cultist","floor":2,"turns":4},{"damage":5,"enemies":"2 Louse","floor":3,"turns":3},{"damage":12,"enemies":"Exordium Thugs","floor":5,"turns":6},{"damage":42,"enemies":"Lagavulin","floor":6,"turns":12},{"damage":0,"enemies":"Blue Slaver","floor":11,"turns":3},{"damage":23,"enemies":"Gremlin Nob","floor":14,"turns":5},{"damage":28,"enemies":"The Guardian","floor":16,"turns":17},{"damage":0,"enemies":"Chosen","floor":18,"turns":8},{"damage":13,"enemies":"Book of Stabbing","floor":23,"turns":5},{"damage":0,"enemies":"3 Byrds","floor":25,"turns":3},{"damage":0,"enemies":"Centurion and Healer","floor":27,"turns":5},{"damage":12,"enemies":"Snake Plant","floor":28,"turns":5},{"damage":0,"enemies":"Slavers","floor":30,"turns":2},{"damage":12,"enemies":"Snecko","floor":31,"turns":5},{"damage":100,"enemies":"Champ","floor":33,"turns":17}],"seed_played":"8180953653187183599","potions_obtained":[{"floor":1,"key":"SneckoOil"},{"floor":2,"key":"EntropicBrew"},{"floor":11,"key":"PowerPotion"},{"floor":25,"key":"FairyPotion"},{"floor":28,"key":"Swift Potion"}],"is_trial":false,"path_per_floor":["M","M","M","$","M","E","R","?","T","R","M","R","?","E","R","B",null,"M","?","?","?","$","E","R","M","T","M","M","?","E","M","R","B"],"character_chosen":"THE_SILENT","items_purchased":["Footwork","Infinite Blades","Escape Plan"],"campfire_rested":2,"item_purchase_floors":[4,22,22],"current_hp_per_floor":[66,66,61,61,49,7,28,28,28,49,49,49,80,57,57,29,80,80,80,56,56,56,47,47,51,51,56,48,48,48,42,42,0],"gold":102,"neow_bonus":"HUNDRED_GOLD","is_prod":false,"is_daily":false,"chose_seed":false,"campfire_upgraded":4,"win_rate":0,"timestamp":1552344453,"path_taken":["M","M","M","$","M","E","R","?","T","R","?","R","?","E","R","BOSS","M","?","?","?","$","E","R","?","T","M","M","?","E","M","R","BOSS"],"build_version":"2019-01-23","purchased_purges":1,"victory":false,"max_hp_per_floor":[70,70,70,70,70,70,70,70,70,70,70,70,80,80,80,80,80,80,80,56,56,56,56,56,56,56,56,56,56,56,56,56,56],"card_choices":[{"not_picked":["Outmaneuver","Masterful Stab"],"picked":"Flying Knee","floor":1},{"not_picked":["Quick Slash","Backflip"],"picked":"Crippling Poison","floor":2},{"not_picked":["Poisoned Stab","Dagger Throw"],"picked":"Backstab","floor":3},{"not_picked":["Slice","Acrobatics"],"picked":"Endless Agony","floor":5},{"not_picked":["Deadly Poison","Sucker Punch"],"picked":"Corpse Explosion","floor":6},{"not_picked":["Outmaneuver","Prepared"],"picked":"Dodge and Roll","floor":11},{"not_picked":["Catalyst","Deflect"],"picked":"Caltrops","floor":14},{"not_picked":["Grand Finale","Bullet Time"],"picked":"Night Terror","floor":16},{"not_picked":["Choke","Blade Dance"],"picked":"Deadly Poison","floor":18},{"not_picked":["Grand Finale","Flying Knee+1"],"picked":"Corpse Explosion","floor":23},{"not_picked":["Quick Slash","Accuracy"],"picked":"All Out Attack","floor":25},{"not_picked":["Dodge and Roll","Setup"],"picked":"Escape Plan+1","floor":27},{"not_picked":["Riddle With Holes+1","Dagger Spray","Poisoned Stab"],"picked":"SKIP","floor":28},{"not_picked":["Bullet Time","Eviscerate"],"picked":"Cloak And Dagger","floor":30},{"not_picked":["Quick Slash","Underhanded Strike","Deadly Poison"],"picked":"SKIP","floor":31}],"player_experience":324114,"relics_obtained":[{"floor":6,"key":"FossilizedHelix"},{"floor":9,"key":"Ninja Scroll"},{"floor":14,"key":"Unceasing Top"},{"floor":23,"key":"Smiling Mask"},{"floor":30,"key":"Bag of Marbles"}],"event_choices":[{"cards_removed":["Endless Agony"],"damage_healed":0,"gold_gain":0,"player_choice":"Gave Card","damage_taken":0,"relics_obtained":["Blue Candle"],"max_hp_gain":0,"max_hp_loss":0,"event_name":"WeMeetAgain","floor":8,"gold_loss":0},{"cards_removed":["Corpse Explosion"],"damage_healed":21,"gold_gain":0,"player_choice":"Offered Rare","damage_taken":0,"max_hp_gain":10,"max_hp_loss":0,"event_name":"Bonfire Elementals","floor":13,"gold_loss":0},{"damage_healed":0,"gold_gain":0,"player_choice":"Obtained Relic","damage_taken":0,"relics_obtained":["Anchor"],"max_hp_gain":0,"max_hp_loss":0,"event_name":"Addict","floor":19,"gold_loss":85},{"damage_healed":0,"gold_gain":0,"player_choice":"Became a vampire","damage_taken":0,"max_hp_gain":0,"max_hp_loss":24,"event_name":"Vampires","floor":20,"gold_loss":0,"cards_obtained":["Bite","Bite","Bite","Bite","Bite"]},{"damage_healed":0,"gold_gain":0,"cards_transformed":["Night Terror"],"player_choice":"Transformed","damage_taken":0,"max_hp_gain":0,"max_hp_loss":0,"event_name":"Transmorgrifier","floor":21,"gold_loss":0,"cards_obtained":["Backflip"]},{"cards_removed":["Bite"],"damage_healed":0,"gold_gain":0,"player_choice":"Gave Gold","damage_taken":0,"max_hp_gain":0,"max_hp_loss":0,"event_name":"Beggar","floor":29,"gold_loss":75}],"is_beta":false,"boss_relics":[{"not_picked":["Velvet Choker","Runic Pyramid"],"picked":"Cursed Key"}],"items_purged_floors":[4],"is_endless":false,"potions_floor_spawned":[1,2,11,14,16,25,28],"killed_by":"Champ","ascension_level":4}