{"gold_per_floor":[117,131,131,150,120,120,148,148,148,148,163,163,176,22,22,94,94,105,30,30,41,41,67,67,95,95,107,127,127,127,139,139,217,217,230,250,350,367,367,396,396,421,447,482,492,492,492,502,502,502,502,502,8,43,43],"floor_reached":56,"playtime":3163,"items_purged":["Strike_G","Flying Knee"],"score":2195,"play_id":"b48d416d-25bb-4b48-b2a6-e0bffd7eba91","local_time":"20190720001438","is_ascension_mode":true,"campfire_choices":[{"data":"Neutralize","floor":6,"key":"SMITH"},{"floor":12,"key":"REST"},{"data":"Noxious Fumes","floor":15,"key":"SMITH"},{"data":"Footwork","floor":29,"key":"SMITH"},{"floor":32,"key":"REST"},{"data":"A Thousand Cuts","floor":41,"key":"SMITH"},{"floor":46,"key":"REST"},{"floor":49,"key":"RECALL"},{"floor":52,"key":"REST"}],"neow_cost":"NONE","seed_source_timestamp":605911876609946,"circlet_count":0,"master_deck":["AscendersBane","Survivor","Neutralize+1","PiercingWail","PiercingWail","Dagger Spray+1","A Thousand Cuts","Noxious Fumes+1","After Image","Corpse Explosion","Blur","Burst","Backflip","Adrenaline","Noxious Fumes","Footwork+1","Deflect","Dodge and Roll+1","Crippling Poison","Blur","PiercingWail","Cloak And Dagger","A Thousand Cuts+1","PiercingWail","Caltrops","Deflect","Infinite Blades+1","Blur","Backflip+1","Footwork+1","Adrenaline","Infinite Blades+1","Deflect","Dodge and Roll"],"relics":["Ring of the Snake","NeowsBlessing","Mummified Hand","Pocketwatch","Darkstone Periapt","Ornamental Fan","Pandora\u0027s Box","Whetstone","Molten Egg 2","Prayer Wheel","Philosopher\u0027s Stone","Mango","Potion Belt","Smiling Mask","Bag of Preparation","Snake Skull","Strawberry","Centennial Puzzle"],"potions_floor_usage":[10,16,23,40,50,50,55,55,55],"damage_taken":[{"damage":0,"enemies":"Jaw Worm","floor":1,"turns":1},{"damage":0,"enemies":"Cultist","floor":2,"turns":1},{"damage":0,"enemies":"Small Slimes","floor":4,"turns":2},{"damage":3,"enemies":"Looter","floor":5,"turns":4},{"damage":42,"enemies":"Lagavulin","floor":7,"turns":9},{"damage":0,"enemies":"3 Sentries","floor":10,"turns":2},{"damage":11,"enemies":"Lots of Slimes","floor":11,"turns":6},{"damage":2,"enemies":"2 Fungi Beasts","floor":13,"turns":3},{"damage":0,"enemies":"The Guardian","floor":16,"turns":12},{"damage":0,"enemies":"Shell Parasite","floor":18,"turns":4},{"damage":0,"enemies":"Spheric Guardian","floor":21,"turns":5},{"damage":26,"enemies":"Slavers","floor":23,"turns":4},{"damage":20,"enemies":"Book of Stabbing","floor":25,"turns":8},{"damage":0,"enemies":"Cultist and Chosen","floor":27,"turns":5},{"damage":5,"enemies":"Centurion and Healer","floor":28,"turns":6},{"damage":0,"enemies":"Snecko","floor":31,"turns":8},{"damage":7,"enemies":"Automaton","floor":33,"turns":9},{"damage":1,"enemies":"3 Shapes","floor":35,"turns":2},{"damage":1,"enemies":"Orb Walker","floor":36,"turns":5},{"damage":1,"enemies":"Mind Bloom Boss Battle","floor":37,"turns":8},{"damage":10,"enemies":"Maw","floor":38,"turns":9},{"damage":0,"enemies":"Reptomancer","floor":40,"turns":7},{"damage":0,"enemies":"Nemesis","floor":42,"turns":7},{"damage":23,"enemies":"Giant Head","floor":44,"turns":10},{"damage":15,"enemies":"Writhing Mass","floor":45,"turns":6},{"damage":6,"enemies":"Jaw Worm Horde","floor":48,"turns":3},{"damage":15,"enemies":"Time Eater","floor":50,"turns":15},{"damage":14,"enemies":"Shield and Spear","floor":54,"turns":6},{"damage":53,"enemies":"The Heart","floor":55,"turns":13}],"seed_played":"-4055516208971328732","potions_obtained":[{"floor":4,"key":"SmokeBomb"},{"floor":7,"key":"SteroidPotion"},{"floor":13,"key":"EssenceOfSteel"},{"floor":23,"key":"SteroidPotion"},{"floor":27,"key":"Swift Potion"},{"floor":40,"key":"AttackPotion"},{"floor":44,"key":"PowerPotion"},{"floor":45,"key":"Energy Potion"},{"floor":48,"key":"EssenceOfSteel"}],"is_trial":false,"path_per_floor":["M","M","?","M","M","R","E","T","T","E","M","R","M","$","R","B",null,"M","?","?","M","$","E","?","E","T","M","M","R","?","M","R","B",null,"M","M","?","M","?","E","R","E","T","E","M","R","?","M","R","B",null,"R","$","E","B",null],"character_chosen":"THE_SILENT","items_purchased":["Noxious Fumes","Snake Skull","Dexterity Potion","Strawberry","Dodge and Roll","AttackPotion"],"campfire_rested":4,"item_purchase_floors":[14,53,53,53,53,53],"current_hp_per_floor":[59,59,59,59,56,56,14,14,14,14,3,22,20,20,20,20,55,55,55,55,55,55,29,76,56,56,56,51,51,37,37,61,54,74,73,72,85,75,75,75,75,75,75,52,37,65,65,59,59,44,82,95,102,88,35],"gold":43,"neow_bonus":"THREE_ENEMY_KILL","is_prod":false,"is_daily":false,"chose_seed":false,"campfire_upgraded":4,"win_rate":0,"timestamp":1563596078,"path_taken":["M","M","?","M","?","R","E","?","T","E","M","R","M","$","R","BOSS","M","?","?","M","$","E","?","E","T","M","?","R","?","M","R","BOSS","M","M","?","M","?","E","R","E","T","E","?","R","?","?","R","BOSS","R","$","E","BOSS"],"build_version":"2019-07-17","purchased_purges":2,"victory":true,"max_hp_per_floor":[66,66,66,66,66,66,66,66,66,66,66,66,66,66,66,66,66,66,66,66,66,66,66,76,76,76,76,76,76,81,81,81,81,81,81,81,95,95,95,95,95,95,95,95,95,95,95,95,95,95,95,95,102,102,102],"card_choices":[{"not_picked":["Tactician","Deadly Poison"],"picked":"PiercingWail","floor":1},{"not_picked":["Quick Slash","Tactician"],"picked":"Backstab","floor":2},{"not_picked":["Predator","Dagger Throw"],"picked":"Flying Knee","floor":4},{"not_picked":["Backflip","Accuracy"],"picked":"PiercingWail","floor":5},{"not_picked":["Flying Knee","Riddle With Holes","Reflex"],"picked":"SKIP","floor":7},{"not_picked":["Backflip","Cloak And Dagger"],"picked":"Dagger Spray","floor":11},{"not_picked":["Outmaneuver","Backflip"],"picked":"A Thousand Cuts","floor":13},{"not_picked":["Corpse Explosion","A Thousand Cuts"],"picked":"After Image","floor":16},{"not_picked":["Bane","Expertise","Dagger Spray"],"picked":"SKIP","floor":18},{"not_picked":["Cloak And Dagger","Bane+1"],"picked":"Deflect","floor":21},{"not_picked":["All Out Attack","Caltrops"],"picked":"Dodge and Roll+1","floor":23},{"not_picked":["Setup","Terror"],"picked":"Crippling Poison","floor":25},{"not_picked":["Underhanded Strike+1","Flying Knee+1"],"picked":"Blur","floor":27},{"not_picked":["Terror","Accuracy","Concentrate"],"picked":"SKIP","floor":27},{"not_picked":["All Out Attack+1","Deadly Poison"],"picked":"PiercingWail","floor":28},{"not_picked":["Glass Knife+1","Calculated Gamble","Poisoned Stab+1"],"picked":"SKIP","floor":28},{"not_picked":["Deadly Poison","Flying Knee+1"],"picked":"Cloak And Dagger","floor":31},{"not_picked":["Reflex","Deadly Poison","Dagger Throw+1"],"picked":"SKIP","floor":31},{"not_picked":["Venomology","Burst"],"picked":"A Thousand Cuts","floor":33},{"not_picked":["Setup","Flechettes+1"],"picked":"PiercingWail","floor":35},{"not_picked":["Dagger Throw+1","Prepared","Flying Knee+1"],"picked":"SKIP","floor":35},{"not_picked":["Underhanded Strike+1","Skewer+1"],"picked":"Caltrops","floor":36},{"not_picked":["Flying Knee+1","Venomology"],"picked":"Deflect","floor":36},{"not_picked":["Slice+1","Reflex","Flying Knee+1"],"picked":"SKIP","floor":38},{"not_picked":["PiercingWail+1","Outmaneuver","Cloak And Dagger"],"picked":"SKIP","floor":38},{"not_picked":["Prepared","Flying Knee+1"],"picked":"Infinite Blades+1","floor":40},{"not_picked":["Blade Dance","Prepared"],"picked":"Blur","floor":42},{"not_picked":["Slice+1","Flying Knee+1"],"picked":"Backflip+1","floor":44},{"not_picked":["Blade Dance","Deflect+1"],"picked":"Footwork+1","floor":45},{"not_picked":["Setup","Underhanded Strike+1","Night Terror"],"picked":"SKIP","floor":45},{"not_picked":["Corpse Explosion","Bane+1"],"picked":"Infinite Blades+1","floor":48},{"not_picked":["Predator+1","Outmaneuver"],"picked":"Deflect","floor":48},{"not_picked":["Dagger Throw+1","Slice+1","Cloak And Dagger"],"picked":"SKIP","floor":54}],"player_experience":709182,"relics_obtained":[{"floor":7,"key":"Pocketwatch"},{"floor":8,"key":"Darkstone Periapt"},{"floor":9,"key":"Ornamental Fan"},{"floor":23,"key":"Whetstone"},{"floor":25,"key":"Molten Egg 2"},{"floor":26,"key":"Prayer Wheel"},{"floor":37,"key":"Mango"},{"floor":40,"key":"Potion Belt"},{"floor":42,"key":"Smiling Mask"},{"floor":44,"key":"Bag of Preparation"},{"floor":54,"key":"Centennial Puzzle"}],"event_choices":[{"cards_removed":["Backstab"],"damage_healed":0,"gold_gain":0,"player_choice":"Gave Card","damage_taken":0,"relics_obtained":["Mummified Hand"],"max_hp_gain":0,"max_hp_loss":0,"event_name":"WeMeetAgain","floor":3,"gold_loss":0},{"cards_removed":["Finisher"],"damage_healed":0,"gold_gain":0,"player_choice":"Gave Gold","damage_taken":0,"max_hp_gain":0,"max_hp_loss":0,"event_name":"Beggar","floor":19,"gold_loss":75},{"damage_healed":0,"gold_gain":0,"player_choice":"Read","damage_taken":0,"max_hp_gain":0,"max_hp_loss":0,"event_name":"The Library","floor":20,"gold_loss":0,"cards_obtained":["Footwork"]},{"cards_removed":["Grand Finale"],"damage_healed":37,"gold_gain":0,"player_choice":"Offered Rare","damage_taken":0,"max_hp_gain":10,"max_hp_loss":0,"event_name":"Bonfire Elementals","floor":24,"gold_loss":0},{"damage_healed":0,"gold_gain":0,"player_choice":"Shed Blood","damage_taken":19,"max_hp_gain":5,"max_hp_loss":0,"event_name":"Forgotten Altar","floor":30,"gold_loss":0},{"damage_healed":0,"gold_gain":0,"player_choice":"Fight","damage_taken":0,"max_hp_gain":0,"max_hp_loss":0,"event_name":"MindBloom","floor":37,"gold_loss":0},{"cards_removed":["Envenom"],"damage_healed":0,"gold_gain":0,"player_choice":"Purged","damage_taken":0,"max_hp_gain":0,"max_hp_loss":0,"event_name":"Purifier","floor":39,"gold_loss":0},{"damage_healed":0,"gold_gain":0,"player_choice":"1 cards matched","damage_taken":0,"max_hp_gain":0,"max_hp_loss":0,"event_name":"Match and Keep!","floor":47,"gold_loss":0,"cards_obtained":["Adrenaline"]}],"is_beta":false,"boss_relics":[{"not_picked":["Orrery","White Beast Statue"],"picked":"Pandora\u0027s Box"},{"not_picked":["Ring of the Serpent","Black Star"],"picked":"Philosopher\u0027s Stone"}],"items_purged_floors":[14,53],"is_endless":false,"potions_floor_spawned":[4,7,10,13,23,27,33,38,40,44,45,48,54],"ascension_level":14}