{"gold_per_floor":[14,31,50,50,0,0,34,34,61,80,42,42,117,150,150,150],"floor_reached":16,"playtime":841,"items_purged":[],"score":119,"play_id":"664584ea-8c98-4e5d-b649-4dc8c0bde261","local_time":"20190114183653","is_ascension_mode":true,"campfire_choices":[{"floor":6,"key":"REST"},{"floor":8,"key":"REST"},{"floor":12,"key":"REST"},{"data":"Dagger Throw","floor":15,"key":"SMITH"}],"neow_cost":"NO_GOLD","seed_source_timestamp":520893041855240,"circlet_count":0,"master_deck":["Defend_G","Defend_G","Defend_G","Defend_G","Defend_G","Strike_G","Strike_G","Strike_G","Strike_G","Survivor","Neutralize","Finesse","Madness","Deflect","Tactician","Dagger Throw+1","Caltrops","Slice","Footwork","Flying Knee"],"relics":["Ring of the Snake","Golden Idol","Art of War","Oddly Smooth Stone","Pear"],"potions_floor_usage":[7,16,16,16],"damage_taken":[{"damage":1,"enemies":"2 Louse","floor":1,"turns":3},{"damage":9,"enemies":"Small Slimes","floor":2,"turns":4},{"damage":21,"enemies":"Jaw Worm","floor":3,"turns":9},{"damage":44,"enemies":"Gremlin Nob","floor":7,"turns":7},{"damage":0,"enemies":"Looter","floor":10,"turns":4},{"damage":12,"enemies":"3 Sentries","floor":14,"turns":10},{"damage":40,"enemies":"Slime Boss","floor":16,"turns":9}],"seed_played":"-3060134250050268834","potions_obtained":[{"floor":1,"key":"Weak Potion"},{"floor":2,"key":"Dexterity Potion"},{"floor":10,"key":"GamblersBrew"},{"floor":14,"key":"SkillPotion"}],"is_trial":false,"path_per_floor":["M","M","M","?","?","R","E","R","T","M","$","R","?","E","R","B"],"character_chosen":"THE_SILENT","items_purchased":["Footwork"],"campfire_rested":3,"item_purchase_floors":[11],"current_hp_per_floor":[69,60,39,39,39,58,14,33,33,33,33,52,41,39,39,0],"gold":150,"neow_bonus":"RANDOM_COLORLESS_2","is_prod":false,"is_daily":false,"chose_seed":false,"campfire_upgraded":1,"win_rate":0,"timestamp":1547509013,"path_taken":["M","M","M","?","?","R","E","R","T","M","$","R","?","E","R","BOSS"],"build_version":"2019-01-10","purchased_purges":0,"victory":false,"max_hp_per_floor":[70,70,70,65,65,65,65,65,65,65,65,65,65,75,75,75],"card_choices":[{"not_picked":["Setup","Distraction"],"picked":"Deflect","floor":1},{"not_picked":["Dagger Spray","Concentrate"],"picked":"Tactician","floor":2},{"not_picked":["Underhanded Strike","Outmaneuver"],"picked":"Dagger Throw","floor":3},{"not_picked":["Dagger Spray","Underhanded Strike"],"picked":"Caltrops","floor":7},{"not_picked":["Blade Dance","Underhanded Strike"],"picked":"Slice","floor":10},{"not_picked":["Dagger Spray","Cloak And Dagger"],"picked":"Flying Knee","floor":14}],"player_experience":265880,"relics_obtained":[{"floor":7,"key":"Art of War"},{"floor":9,"key":"Oddly Smooth Stone"},{"floor":14,"key":"Pear"}],"event_choices":[{"damage_healed":0,"gold_gain":0,"player_choice":"Lose Max HP","damage_taken":0,"relics_obtained":["Golden Idol"],"max_hp_gain":0,"max_hp_loss":5,"event_name":"Golden Idol","floor":4,"gold_loss":0},{"cards_removed":["Strike_G"],"damage_healed":0,"gold_gain":0,"player_choice":"Card Removal","damage_taken":0,"max_hp_gain":0,"max_hp_loss":0,"event_name":"The Cleric","floor":5,"gold_loss":50},{"damage_healed":0,"gold_gain":75,"player_choice":"Gather Gold","damage_taken":11,"max_hp_gain":0,"max_hp_loss":0,"event_name":"World of Goop","floor":13,"gold_loss":0}],"is_beta":false,"boss_relics":[],"items_purged_floors":[],"is_endless":false,"potions_floor_spawned":[1,2,10,14],"killed_by":"Slime Boss","ascension_level":2}