{"gold_per_floor":[110,120,120,120,136,136,200,173,200,200,218,250,250,269,269,343,343,322,16,26,36,36,55,55,88,88,88],"floor_reached":27,"playtime":2274,"items_purged":[],"score":490,"play_id":"Baalorlord-0b59658f","local_time":"20190803161224","is_ascension_mode":true,"campfire_choices":[{"data":"Bash","floor":6,"key":"SMITH"},{"floor":10,"key":"REST"},{"floor":13,"key":"REST"},{"data":"Disarm","floor":15,"key":"SMITH"},{"floor":24,"key":"REST"}],"neow_cost":"NONE","seed_source_timestamp":33937384072000,"circlet_count":0,"master_deck":["AscendersBane","Strike_R","Defend_R","Defend_R","Defend_R+1","Defend_R+1","Bash+1","Feel No Pain","Clothesline","Demon Form","Intimidate","Shrug It Off","Disarm+1","Exhume","Headbutt","Berserk","Pommel Strike+1","Uppercut+1","Carnage+1","Havoc+1","Pommel Strike","Cleave","Anger","Infernal Blade"],"relics":["Black Star","CultistMask","Pen Nib","Tiny Chest","War Paint","Darkstone Periapt","Blue Candle","Astrolabe","Mummified Hand","Omamori","WingedGreaves","Mercury Hourglass"],"potions_floor_usage":[7,11,18,20,21],"damage_taken":[{"damage":2,"enemies":"2 Louse","floor":1,"turns":5},{"damage":14,"enemies":"Jaw Worm","floor":2,"turns":4},{"damage":4,"enemies":"Cultist","floor":5,"turns":4},{"damage":15,"enemies":"Lagavulin","floor":7,"turns":6},{"damage":17,"enemies":"Exordium Thugs","floor":8,"turns":4},{"damage":5,"enemies":"Lots of Slimes","floor":11,"turns":8},{"damage":17,"enemies":"3 Sentries","floor":12,"turns":12},{"damage":8,"enemies":"Blue Slaver","floor":14,"turns":6},{"damage":12,"enemies":"The Guardian","floor":16,"turns":17},{"damage":19,"enemies":"2 Thieves","floor":18,"turns":4},{"damage":14,"enemies":"3 Byrds","floor":20,"turns":7},{"damage":17,"enemies":"Cultist and Chosen","floor":21,"turns":9},{"damage":12,"enemies":"Snecko","floor":23,"turns":4},{"damage":34,"enemies":"Gremlin Leader","floor":25,"turns":8},{"damage":1,"enemies":"Slavers","floor":27,"turns":1}],"seed_played":"-199064633603980754","potions_obtained":[{"floor":1,"key":"Dexterity Potion"},{"floor":2,"key":"Weak Potion"},{"floor":8,"key":"GamblersBrew"},{"floor":16,"key":"Regen Potion"},{"floor":20,"key":"GamblersBrew"}],"is_trial":false,"path_per_floor":["M","M","?","?","M","R","E","M","T","R","M","E","R","M","R","B",null,"M","$","M","M","?","M","R","E","T","E"],"character_chosen":"IRONCLAD","items_purchased":["Mummified Hand","Pommel Strike"],"campfire_rested":3,"item_purchase_floors":[19,19],"current_hp_per_floor":[66,52,52,52,48,48,33,16,16,38,33,16,38,30,30,18,61,56,56,42,25,25,13,35,1,1,0],"gold":88,"neow_bonus":"BOSS_RELIC","is_prod":false,"is_daily":false,"chose_seed":false,"campfire_upgraded":2,"win_rate":0,"timestamp":1564863144,"path_taken":["M","M","?","?","?","R","E","M","T","R","M","E","R","M","R","BOSS","M","$","M","M","?","?","R","E","T","E"],"build_version":"2019-07-17","purchased_purges":0,"victory":false,"max_hp_per_floor":[75,75,75,75,75,75,75,75,75,75,75,75,75,75,75,75,75,75,75,75,75,75,75,75,75,75,75],"card_choices":[{"not_picked":["Flame Barrier","Rupture"],"picked":"Feel No Pain","floor":1},{"not_picked":["Power Through","Battle Trance"],"picked":"Clothesline","floor":2},{"not_picked":["Clothesline","Sever Soul"],"picked":"Perfected Strike","floor":5},{"not_picked":["Clothesline","Warcry"],"picked":"Intimidate","floor":7},{"not_picked":["Headbutt","Inflame"],"picked":"Shrug It Off","floor":8},{"not_picked":["Searing Blow","Thunderclap"],"picked":"Disarm","floor":11},{"not_picked":["Limit Break","Dropkick"],"picked":"Exhume","floor":12},{"not_picked":["Body Slam","Iron Wave"],"picked":"Headbutt","floor":14},{"not_picked":["Juggernaut","Barricade"],"picked":"Berserk","floor":16},{"not_picked":["Reckless Charge","Armaments"],"picked":"Havoc+1","floor":18},{"not_picked":["Heavy Blade","Clash+1","Sever Soul"],"picked":"SKIP","floor":20},{"not_picked":["Power Through","Armaments"],"picked":"Cleave","floor":21},{"not_picked":["Fire Breathing","Perfected Strike"],"picked":"Anger","floor":23},{"not_picked":["Reckless Charge","Burning Pact"],"picked":"Infernal Blade","floor":25}],"player_experience":2335739,"relics_obtained":[{"floor":7,"key":"Pen Nib"},{"floor":7,"key":"Tiny Chest"},{"floor":9,"key":"War Paint"},{"floor":12,"key":"Darkstone Periapt"},{"floor":12,"key":"Blue Candle"},{"floor":25,"key":"Omamori"},{"floor":25,"key":"WingedGreaves"},{"floor":26,"key":"Mercury Hourglass"}],"event_choices":[{"damage_healed":0,"gold_gain":0,"cards_transformed":["Strike_R"],"player_choice":"Change","damage_taken":0,"max_hp_gain":0,"max_hp_loss":0,"event_name":"Living Wall","floor":3,"gold_loss":0,"cards_obtained":["Demon Form"]},{"damage_healed":0,"gold_gain":0,"player_choice":"Trade","damage_taken":0,"relics_obtained":["CultistMask"],"max_hp_gain":0,"max_hp_loss":0,"event_name":"FaceTrader","floor":4,"gold_loss":0},{"cards_removed":["Strike_R"],"damage_healed":0,"gold_gain":0,"player_choice":"Purged","damage_taken":0,"max_hp_gain":0,"max_hp_loss":0,"event_name":"Purifier","floor":22,"gold_loss":0}],"is_beta":false,"boss_relics":[{"not_picked":["White Beast Statue","Runic Cube"],"picked":"Astrolabe"}],"items_purged_floors":[],"is_endless":false,"potions_floor_spawned":[1,2,5,8,16,20],"killed_by":"Slavers","ascension_level":20}