{"gold_per_floor":[109,72,22,34,34,34,54,54,54,54,70,97,64,64,64,162,162,174,174,12,32,32,32,132,149,149,165,165,175,189,189,189,288,288,301,354,354,366,152,152,171,171,171,184,203,203,220,234,234,234,234,234,13,39,39],"floor_reached":55,"playtime":12323,"items_purged":["Strike_B"],"score":696,"play_id":"1ee76b96-c8e5-4463-8d56-d76ca21dc73e","local_time":"20190705011725","is_ascension_mode":false,"campfire_choices":[{"data":"Zap","floor":6.0,"key":"SMITH"},{"data":"Dualcast","floor":8.0,"key":"SMITH"},{"data":"Leap","floor":10.0,"key":"SMITH"},{"floor":15.0,"key":"RECALL"},{"floor":28.0,"key":"REST"},{"floor":32.0,"key":"REST"},{"floor":40.0,"key":"REST"},{"floor":42.0,"key":"REST"},{"floor":46.0,"key":"REST"},{"floor":49.0,"key":"REST"},{"floor":52.0,"key":"REST"}],"neow_cost":"NONE","seed_source_timestamp":0,"circlet_count":0,"master_deck":["Strike_B","Defend_B","Defend_B","Defend_B","Defend_B","Zap+1","Dualcast+1","Machine Learning+1","Hello World","Leap+1","Doom and Gloom","Seek","Redo+1","Flash of Steel","Conserve Battery+1","Fusion","Lockon","Conserve Battery","Stack+1","Self Repair+1","Hologram","Lockon+1","BootSequence+1","Undo+1","Electrodynamics","Hologram","Apotheosis","Go for the Eyes","Heatsinks+1"],"special_seed":0,"relics":["Cracked Core","StoneCalendar","Pocketwatch","Pen Nib","Fusion Hammer","Bottled Flame","FossilizedHelix","Bottled Lightning","Busted Crown","Prayer Wheel","ClockworkSouvenir","Question Card","Bottled Tornado"],"potions_floor_usage":[55],"damage_taken":[{"damage":0.0,"enemies":"Small Slimes","floor":1.0,"turns":4.0},{"damage":6.0,"enemies":"Jaw Worm","floor":4.0,"turns":4.0},{"damage":0.0,"enemies":"Cultist","floor":7.0,"turns":3.0},{"damage":7.0,"enemies":"3 Louse","floor":11.0,"turns":3.0},{"damage":12.0,"enemies":"Gremlin Nob","floor":12.0,"turns":4.0},{"damage":6.0,"enemies":"The Guardian","floor":16.0,"turns":8.0},{"damage":2.0,"enemies":"Shell Parasite","floor":18.0,"turns":4.0},{"damage":0.0,"enemies":"3 Byrds","floor":21.0,"turns":3.0},{"damage":21.0,"enemies":"Colosseum Slavers","floor":24.0,"turns":4.0},{"damage":11.0,"enemies":"Colosseum Nobs","floor":24.0,"turns":4.0},{"damage":0.0,"enemies":"Cultist and Chosen","floor":25.0,"turns":5.0},{"damage":0.0,"enemies":"Chosen and Byrds","floor":27.0,"turns":7.0},{"damage":9.0,"enemies":"Shelled Parasite and Fungi","floor":29.0,"turns":4.0},{"damage":9.0,"enemies":"Centurion and Healer","floor":30.0,"turns":7.0},{"damage":0.0,"enemies":"Snake Plant","floor":31.0,"turns":1.0},{"damage":0.0,"enemies":"Collector","floor":33.0,"turns":10.0},{"damage":0.0,"enemies":"3 Shapes","floor":35.0,"turns":4.0},{"damage":54.0,"enemies":"2 Orb Walkers","floor":36.0,"turns":6.0},{"damage":7.0,"enemies":"3 Darklings","floor":38.0,"turns":7.0},{"damage":10.0,"enemies":"Writhing Mass","floor":41.0,"turns":6.0},{"damage":0.0,"enemies":"Maw","floor":44.0,"turns":7.0},{"damage":17.0,"enemies":"Jaw Worm Horde","floor":45.0,"turns":4.0},{"damage":8.0,"enemies":"3 Darklings","floor":47.0,"turns":6.0},{"damage":7.0,"enemies":"Sphere and 2 Shapes","floor":48.0,"turns":5.0},{"damage":18.0,"enemies":"Awakened One","floor":50.0,"turns":14.0},{"damage":64.0,"enemies":"Shield and Spear","floor":54.0,"turns":8.0},{"damage":49,"enemies":"The Heart","floor":55,"turns":8}],"seed_played":"5141763782767223237","potions_obtained":[{"floor":7.0,"key":"GamblersBrew"},{"floor":16.0,"key":"Dexterity Potion"},{"floor":18.0,"key":"Weak Potion"},{"floor":21.0,"key":"Poison Potion"},{"floor":27.0,"key":"SmokeBomb"},{"floor":30.0,"key":"Dexterity Potion"},{"floor":35.0,"key":"Energy Potion"},{"floor":44.0,"key":"PowerPotion"},{"floor":45.0,"key":"Swift Potion"},{"floor":48.0,"key":"EntropicBrew"},{"floor":54.0,"key":"Fire Potion"}],"is_trial":false,"path_per_floor":["M","$","?","M","?","R","M","R","T","R","M","E","?","?","R","B",null,"M","T","$","M","?","$","?","M","T","M","R","M","M","M","R","B",null,"M","?","?","M","$","R","M","R","T","M","M","R","M","M","R","B",null,"R","$","E","B"],"character_chosen":"DEFECT","items_purchased":["Hello World","Flash of Steel","ClockworkSouvenir","Hologram","Apotheosis","Go for the Eyes"],"campfire_rested":7,"item_purchase_floors":[2,20,39,39,53,53],"current_hp_per_floor":[75,75,75,69,69,69,69,69,69,69,62,50,50,50,50,44,75,73,73,73,73,59,59,27,27,27,27,51,42,33,33,57,57,80,80,26,26,19,19,43,43,67,67,77,70,80,80,80,80,72,80,80,80,35,0],"gold":39,"neow_bonus":"TRANSFORM_CARD","is_prod":false,"is_daily":false,"chose_seed":false,"campfire_upgraded":3,"win_rate":0,"timestamp":1562282245,"path_taken":["M","$","?","M","?","R","?","R","T","R","M","E","?","?","R","BOSS","M","?","$","M","?","$","?","?","T","M","R","M","M","M","R","BOSS","M","?","?","M","$","R","M","R","T","M","M","R","M","M","R","BOSS","R","$","E","BOSS"],"build_version":"2019-01-23","purchased_purges":1,"victory":false,"max_hp_per_floor":[75,75,75,75,75,75,75,75,75,75,75,75,75,75,75,75,75,75,75,75,75,80,80,80,80,80,80,80,80,80,80,80,80,80,80,80,80,80,80,80,80,80,80,80,80,80,80,80,80,80,80,80,80,80,80],"card_choices":[{"not_picked":["Ball Lightning","Turbo","Gash"],"picked":"SKIP","floor":1.0},{"not_picked":["Hello World","Reprogram","Double Energy"],"picked":"SKIP","floor":4.0},{"not_picked":["Ball Lightning","Redo"],"picked":"Leap","floor":7.0},{"not_picked":["Beam Cell","Go for the Eyes"],"picked":"Doom and Gloom","floor":11.0},{"not_picked":["Redo","Coolheaded"],"picked":"Seek","floor":12.0},{"not_picked":["Heatsinks","Cold Snap"],"picked":"Redo+1","floor":18.0},{"not_picked":["Steam+1","Leap+1"],"picked":"Conserve Battery+1","floor":21.0},{"not_picked":["Reprogram","Blizzard"],"picked":"Fusion","floor":25.0},{"not_picked":["Compile Driver+1","Blizzard"],"picked":"Lockon","floor":27.0},{"not_picked":["Barrage+1","Turbo"],"picked":"Conserve Battery","floor":29.0},{"not_picked":["Scrape+1","Streamline","Thunder Strike"],"picked":"SKIP","floor":30.0},{"not_picked":["Ball Lightning"],"picked":"SKIP","floor":35.0},{"not_picked":[],"picked":"Stack+1","floor":36.0},{"not_picked":[],"picked":"Self Repair+1","floor":38.0},{"not_picked":["Turbo"],"picked":"SKIP","floor":38.0},{"not_picked":["Stack"],"picked":"SKIP","floor":41.0},{"not_picked":["Storm+1"],"picked":"SKIP","floor":41.0},{"not_picked":["Sweeping Beam+1"],"picked":"Lockon+1","floor":44.0},{"not_picked":["Turbo+1","Leap"],"picked":"SKIP","floor":44.0},{"not_picked":["Turbo+1","Undo"],"picked":"SKIP","floor":45.0},{"not_picked":["Aggregate","Cold Snap"],"picked":"SKIP","floor":45.0},{"not_picked":["Force Field"],"picked":"BootSequence+1","floor":47.0},{"not_picked":["Steam+1"],"picked":"Undo+1","floor":47.0},{"not_picked":["Static Discharge+1"],"picked":"Electrodynamics","floor":48.0},{"not_picked":["Streamline+1"],"picked":"Hologram","floor":48.0},{"not_picked":["Turbo"],"picked":"Heatsinks+1","floor":54.0}],"player_experience":113057,"relics_obtained":[{"floor":9.0,"key":"StoneCalendar"},{"floor":12.0,"key":"Pocketwatch"},{"floor":19.0,"key":"Bottled Flame"},{"floor":24.0,"key":"FossilizedHelix"},{"floor":24.0,"key":"Bottled Lightning"},{"floor":36.0,"key":"Prayer Wheel"},{"floor":43.0,"key":"Question Card"},{"floor":54.0,"key":"Bottled Tornado"}],"event_choices":[{"cards_removed":["Strike_B"],"damage_healed":0.0,"max_hp_gain":0.0,"max_hp_loss":0.0,"gold_gain":0.0,"event_name":"The Cleric","player_choice":"Card Removal","floor":3.0,"gold_loss":50.0,"damage_taken":0.0},{"damage_healed":0.0,"max_hp_gain":0.0,"max_hp_loss":0.0,"gold_gain":0.0,"event_name":"Upgrade Shrine","player_choice":"Upgraded","floor":5.0,"gold_loss":0.0,"damage_taken":0.0,"cards_upgraded":["Machine Learning"]},{"damage_healed":0.0,"max_hp_gain":0.0,"max_hp_loss":0.0,"gold_gain":0.0,"event_name":"World of Goop","player_choice":"Left Gold","floor":13.0,"gold_loss":33.0,"damage_taken":0.0},{"damage_healed":0.0,"max_hp_gain":0.0,"max_hp_loss":0.0,"gold_gain":0.0,"event_name":"WeMeetAgain","player_choice":"Gave Potion","floor":14.0,"gold_loss":0.0,"damage_taken":0.0,"relics_obtained":["Pen Nib"]},{"damage_healed":0.0,"max_hp_gain":5.0,"max_hp_loss":0.0,"gold_gain":0.0,"event_name":"Forgotten Altar","player_choice":"Shed Blood","floor":22.0,"gold_loss":0.0,"damage_taken":19.0},{"damage_healed":0.0,"max_hp_gain":0.0,"max_hp_loss":0.0,"gold_gain":0.0,"event_name":"Colosseum","player_choice":"Fight","floor":24.0,"gold_loss":0.0,"damage_taken":0.0},{"damage_healed":0.0,"max_hp_gain":0.0,"max_hp_loss":0.0,"gold_gain":0.0,"event_name":"Colosseum","player_choice":"Fought Nobs","floor":24.0,"gold_loss":0.0,"damage_taken":0.0},{"damage_healed":0.0,"max_hp_gain":0.0,"max_hp_loss":0.0,"gold_gain":0.0,"event_name":"Mysterious Sphere","player_choice":"Fight","floor":36.0,"gold_loss":0.0,"damage_taken":0.0},{"damage_healed":0.0,"max_hp_gain":0.0,"max_hp_loss":0.0,"gold_gain":0.0,"event_name":"Tomb of Lord Red Mask","player_choice":"Ignored","floor":37.0,"gold_loss":0.0,"damage_taken":0.0}],"is_beta":false,"boss_relics":[{"not_picked":["Astrolabe","Tiny House"],"picked":"Fusion Hammer"},{"not_picked":["Calling Bell","Eternal Feather"],"picked":"Busted Crown"}],"items_purged_floors":[20],"is_endless":false,"potions_floor_spawned":[7,16,18,21,27,30,31,35,44,45,48,54],"killed_by":"The Heart","ascension_level":0}