{"gold_per_floor":[110,123,133,144,157,188,188,222,222,257,269,269,269,283,283,357,357,377,357,121,135,50,50,81,81,81,81,96,96,96,109,109,109],"floor_reached":33,"playtime":1542,"items_purged":[],"score":502,"play_id":"34081d93-ce44-4e36-806d-3d30dfcf52b4","local_time":"20190630012159","is_ascension_mode":true,"campfire_choices":[{"data":"Whirlwind","floor":7.0,"key":"SMITH"},{"floor":15.0,"key":"REST"},{"data":"Dark Embrace","floor":23.0,"key":"SMITH"},{"data":"Inflame","floor":25.0,"key":"SMITH"},{"floor":29.0,"key":"REST"},{"data":"Metallicize","floor":32,"key":"SMITH"}],"neow_cost":"NONE","seed_source_timestamp":794575372710271,"circlet_count":0,"master_deck":["AscendersBane","Strike_R","Strike_R","Strike_R","Strike_R","Strike_R","Defend_R","Defend_R","Defend_R","Defend_R","Bash","Armaments+1","Whirlwind+1","Carnage","Offering","Ghostly Armor","Wild Strike","Fiend Fire","Evolve","Anger+1","Perfected Strike+1","Dark Embrace+1","Rage","Metallicize+1","Perfected Strike+1","Clothesline+1","True Grit","Inflame+1","True Grit+1","Iron Wave+1","Rampage+1","Immolate+1","Inflame+1","Headbutt+1","Dark Embrace"],"special_seed":0,"relics":["Burning Blood","Potion Belt","Ornamental Fan","Pantograph","Molten Egg 2","Orrery","Pen Nib","Anchor","Red Skull","Bottled Lightning","Matryoshka"],"potions_floor_usage":[33],"damage_taken":[{"damage":1.0,"enemies":"Cultist","floor":1.0,"turns":4.0},{"damage":2.0,"enemies":"2 Louse","floor":2.0,"turns":4.0},{"damage":9.0,"enemies":"Jaw Worm","floor":3.0,"turns":6.0},{"damage":11.0,"enemies":"Looter","floor":4.0,"turns":4.0},{"damage":0.0,"enemies":"Exordium Wildlife","floor":5.0,"turns":3.0},{"damage":25.0,"enemies":"Gremlin Nob","floor":6.0,"turns":4.0},{"damage":31.0,"enemies":"3 Sentries","floor":8.0,"turns":5.0},{"damage":26.0,"enemies":"Lagavulin","floor":10.0,"turns":4.0},{"damage":11.0,"enemies":"Blue Slaver","floor":11.0,"turns":4.0},{"damage":0.0,"enemies":"Gremlin Gang","floor":14.0,"turns":1.0},{"damage":52.0,"enemies":"The Guardian","floor":16.0,"turns":12.0},{"damage":26.0,"enemies":"Spheric Guardian","floor":18.0,"turns":5.0},{"damage":18.0,"enemies":"2 Thieves","floor":19.0,"turns":4.0},{"damage":6.0,"enemies":"Snake Plant","floor":21.0,"turns":4.0},{"damage":21.0,"enemies":"Slavers","floor":24.0,"turns":4.0},{"damage":24.0,"enemies":"Snecko","floor":28.0,"turns":3.0},{"damage":6.0,"enemies":"Cultist and Chosen","floor":31.0,"turns":3.0},{"damage":66,"enemies":"Champ","floor":33,"turns":12}],"seed_played":"9148316734639825169","potions_obtained":[{"floor":2.0,"key":"Block Potion"},{"floor":4.0,"key":"PowerPotion"},{"floor":6.0,"key":"Swift Potion"},{"floor":11.0,"key":"SpeedPotion"},{"floor":16.0,"key":"SkillPotion"},{"floor":18.0,"key":"SpeedPotion"},{"floor":28.0,"key":"Explosive Potion"},{"floor":31.0,"key":"SneckoOil"}],"is_trial":false,"path_per_floor":["M","M","M","M","M","E","R","E","T","E","M","?","?","M","R","B",null,"M","M","$","M","?","R","E","R","T","?","M","R","?","M","R","B"],"character_chosen":"IRONCLAD","items_purchased":["Iron Wave+1","Pen Nib","Rampage+1"],"campfire_rested":2,"item_purchase_floors":[20,20,20],"current_hp_per_floor":[85,88,85,80,86,67,67,42,42,22,17,17,17,23,49,28,73,53,41,41,41,41,41,26,26,26,26,8,34,34,34,34,0],"gold":109,"neow_bonus":"TEN_PERCENT_HP_BONUS","is_prod":false,"is_daily":false,"chose_seed":false,"campfire_upgraded":4,"win_rate":0,"timestamp":1561875719,"path_taken":["M","M","?","M","M","E","R","E","T","E","?","?","?","M","R","BOSS","M","M","$","M","?","R","E","R","T","?","?","R","?","?","R","BOSS"],"build_version":"2019-01-23","purchased_purges":0,"victory":false,"max_hp_per_floor":[88,88,88,88,88,88,88,88,88,88,88,88,88,88,88,88,88,88,88,88,88,88,88,88,88,88,88,88,88,88,88,88,88],"card_choices":[{"not_picked":["Burning Pact","Wild Strike"],"picked":"Armaments","floor":1.0},{"not_picked":["Body Slam","Perfected Strike"],"picked":"Whirlwind","floor":2.0},{"not_picked":["Armaments","Sever Soul"],"picked":"Carnage","floor":3.0},{"not_picked":["Thunderclap","Iron Wave"],"picked":"Offering","floor":4.0},{"not_picked":["Blood for Blood","Cleave"],"picked":"Ghostly Armor","floor":5.0},{"not_picked":["Clash","Power Through"],"picked":"Wild Strike","floor":6.0},{"not_picked":["Havoc","Warcry"],"picked":"Fiend Fire","floor":8.0},{"not_picked":["Power Through","Infernal Blade"],"picked":"Evolve","floor":10.0},{"not_picked":["Sentinel","Clash+1"],"picked":"Anger+1","floor":11.0},{"not_picked":["Clash+1","Offering"],"picked":"Perfected Strike+1","floor":14.0},{"not_picked":["Brutality","Berserk"],"picked":"Dark Embrace","floor":16.0},{"not_picked":["Pummel+1","Sever Soul+1"],"picked":"Rage","floor":17.0},{"not_picked":["True Grit","Clothesline+1"],"picked":"Metallicize","floor":17.0},{"not_picked":["Armaments","Twin Strike+1"],"picked":"Perfected Strike+1","floor":17.0},{"not_picked":["Warcry","Wild Strike+1"],"picked":"Clothesline+1","floor":17.0},{"not_picked":["Fiend Fire+1","Clothesline+1"],"picked":"True Grit","floor":17.0},{"not_picked":["Pommel Strike+1","Iron Wave+1"],"picked":"Inflame+1","floor":18.0},{"not_picked":["Second Wind","Rage"],"picked":"True Grit+1","floor":19.0},{"not_picked":["True Grit","Anger+1"],"picked":"Immolate+1","floor":21.0},{"not_picked":["Armaments+1","Flame Barrier"],"picked":"Inflame","floor":24.0},{"not_picked":["Twin Strike+1","Fire Breathing"],"picked":"Headbutt+1","floor":28.0},{"not_picked":["True Grit","Clash+1"],"picked":"Dark Embrace","floor":31.0}],"player_experience":312084,"relics_obtained":[{"floor":6.0,"key":"Potion Belt"},{"floor":8.0,"key":"Ornamental Fan"},{"floor":9.0,"key":"Pantograph"},{"floor":10.0,"key":"Molten Egg 2"},{"floor":24.0,"key":"Red Skull"},{"floor":26.0,"key":"Bottled Lightning"}],"event_choices":[{"damage_healed":0.0,"max_hp_gain":0.0,"max_hp_loss":0.0,"gold_gain":0.0,"event_name":"Golden Idol","player_choice":"Ignored","floor":12.0,"gold_loss":0.0,"damage_taken":0.0},{"damage_healed":0.0,"max_hp_gain":0.0,"max_hp_loss":0.0,"gold_gain":0.0,"event_name":"Living Wall","player_choice":"Grow","floor":13.0,"gold_loss":0.0,"damage_taken":0.0,"cards_upgraded":["Armaments"]},{"damage_healed":0.0,"max_hp_gain":0.0,"max_hp_loss":0.0,"gold_gain":0.0,"event_name":"Addict","player_choice":"Obtained Relic","floor":22.0,"gold_loss":85.0,"damage_taken":0.0,"relics_obtained":["Anchor"]},{"damage_healed":0.0,"max_hp_gain":0.0,"max_hp_loss":0.0,"gold_gain":0.0,"event_name":"Beggar","player_choice":"Ignored","floor":27.0,"gold_loss":0.0,"damage_taken":0.0},{"damage_healed":0.0,"max_hp_gain":0.0,"max_hp_loss":0.0,"gold_gain":0.0,"event_name":"WeMeetAgain","player_choice":"Gave Potion","floor":30.0,"gold_loss":0.0,"damage_taken":0.0,"relics_obtained":["Matryoshka"]}],"is_beta":false,"boss_relics":[{"not_picked":["Runic Cube","Pandora\u0027s Box"],"picked":"Orrery"}],"items_purged_floors":[],"is_endless":false,"potions_floor_spawned":[2,4,6,11,16,18,28,31],"killed_by":"Champ","ascension_level":13}