{"gold_per_floor":[211,0,12,32,32,66,66,86,86,51,80,80,91,109,109,109],"floor_reached":16,"playtime":820,"items_purged":[],"score":204,"play_id":"bf129725-7be0-4d20-864e-c9b77a543cb5","local_time":"20190818071616","is_ascension_mode":true,"campfire_choices":[{"floor":7.0,"key":"REST"},{"floor":12.0,"key":"REST"},{"data":"Venomology","floor":15,"key":"SMITH"}],"neow_cost":"NONE","seed_source_timestamp":103705823734100,"circlet_count":0,"master_deck":["AscendersBane","Strike_G","Strike_G","Strike_G","Strike_G","Strike_G","Defend_G","Defend_G","Defend_G","Defend_G","Defend_G","Survivor","Neutralize","Endless Agony","Skewer","Venomology+1","PiercingWail","Infinite Blades","Well Laid Plans","Backstab"],"special_seed":0,"relics":["Ring of the Snake","Membership Card","Pantograph","Mummified Hand","Darkstone Periapt","Odd Mushroom"],"potions_floor_usage":[16,16],"damage_taken":[{"damage":3.0,"enemies":"Cultist","floor":1.0,"turns":5.0},{"damage":2.0,"enemies":"Small Slimes","floor":3.0,"turns":3.0},{"damage":1.0,"enemies":"2 Louse","floor":4.0,"turns":3.0},{"damage":46.0,"enemies":"Gremlin Nob","floor":6.0,"turns":5.0},{"damage":8.0,"enemies":"Looter","floor":8.0,"turns":3.0},{"damage":10.0,"enemies":"The Mushroom Lair","floor":11.0,"turns":4.0},{"damage":4,"enemies":"Exordium Wildlife","floor":13,"turns":5},{"damage":2,"enemies":"Blue Slaver","floor":14,"turns":3},{"damage":39,"enemies":"Hexaghost","floor":16,"turns":11}],"seed_played":"-1940154158306443505","potions_obtained":[{"floor":3.0,"key":"AttackPotion"},{"floor":4.0,"key":"SmokeBomb"},{"floor":6.0,"key":"SkillPotion"},{"floor":8.0,"key":"Block Potion"}],"is_trial":false,"path_per_floor":["M","$","M","M","?","E","R","M","T","?","?","R","M","M","R","B"],"character_chosen":"THE_SILENT","items_purchased":["Membership Card"],"campfire_rested":2,"item_purchase_floors":[2],"current_hp_per_floor":[56,56,54,53,48,2,21,13,13,29,19,38,34,32,32,18],"gold":109,"neow_bonus":"HUNDRED_GOLD","is_prod":false,"is_daily":false,"chose_seed":false,"campfire_upgraded":1,"win_rate":0,"timestamp":1566105376,"path_taken":["M","$","?","M","?","E","R","M","T","?","?","R","M","M","R","BOSS"],"build_version":"2019-07-17","purchased_purges":0,"victory":false,"max_hp_per_floor":[66,66,66,66,66,66,66,66,66,66,66,66,66,66,66,66],"card_choices":[{"not_picked":["Underhanded Strike","Flying Knee"],"picked":"Endless Agony","floor":1.0},{"not_picked":["Dash","Escape Plan"],"picked":"Skewer","floor":3.0},{"not_picked":["Flying Knee","Bane","Prepared"],"picked":"SKIP","floor":4.0},{"not_picked":["Slice","Calculated Gamble"],"picked":"Venomology","floor":6.0},{"not_picked":["Cloak And Dagger","Backflip"],"picked":"PiercingWail","floor":8.0},{"not_picked":["PiercingWail","Poisoned Stab"],"picked":"Infinite Blades","floor":11.0},{"not_picked":["Deadly Poison","Acrobatics"],"picked":"Well Laid Plans","floor":13},{"not_picked":["Eviscerate","Sucker Punch"],"picked":"Backstab","floor":14}],"player_experience":1110669,"relics_obtained":[{"floor":6.0,"key":"Mummified Hand"},{"floor":9.0,"key":"Darkstone Periapt"},{"floor":11.0,"key":"Odd Mushroom"}],"event_choices":[{"damage_healed":0.0,"max_hp_gain":0.0,"max_hp_loss":0.0,"gold_gain":0.0,"event_name":"Scrap Ooze","player_choice":"Success","floor":5.0,"gold_loss":0.0,"damage_taken":5.0,"relics_obtained":["Pantograph"]},{"damage_healed":16.0,"max_hp_gain":0.0,"max_hp_loss":0.0,"gold_gain":0.0,"event_name":"The Cleric","player_choice":"Healed","floor":10.0,"gold_loss":35.0,"damage_taken":0.0},{"damage_healed":0.0,"max_hp_gain":0.0,"max_hp_loss":0.0,"gold_gain":0.0,"event_name":"Mushrooms","player_choice":"Fought Mushrooms","floor":11.0,"gold_loss":0.0,"damage_taken":0.0}],"is_beta":false,"boss_relics":[],"items_purged_floors":[],"is_endless":false,"potions_floor_spawned":[3,4,6,8],"killed_by":"Hexaghost","ascension_level":20}