{"gold_per_floor":[110,55,86,23,36,36,51,51,131,231,231,50,77,91,91,190,190,209,229,104,104,29,29,42,42,42,42,42,60,72,100,100,205,205,217,227,278,278,59,59,20,38,65,75,75,91,106,106,106,106],"floor_reached":51,"playtime":5332,"items_purged":["Strike_G","Strike_G","Defend_G","Defend_G"],"score":706,"play_id":"78d5bf5d-b206-4839-be0b-a4442e6ffad4","local_time":"20190725103946","is_ascension_mode":true,"campfire_choices":[{"data":"Acrobatics","floor":6,"key":"SMITH"},{"data":"Footwork","floor":8,"key":"SMITH"},{"data":"Neutralize","floor":11,"key":"SMITH"},{"data":"Blur","floor":15,"key":"SMITH"},{"data":"Deflect","floor":23,"key":"SMITH"},{"data":"Well Laid Plans","floor":28,"key":"SMITH"},{"data":"Acrobatics","floor":32,"key":"SMITH"},{"data":"Envenom","floor":40,"key":"SMITH"},{"floor":45,"key":"REST"},{"data":"Dagger Throw","floor":49,"key":"SMITH"}],"neow_cost":"NONE","seed_source_timestamp":133557938697790,"circlet_count":0,"master_deck":["Strike_G","Strike_G","Strike_G","Defend_G","Defend_G","Defend_G","Survivor+1","Neutralize+1","Deflect+1","Acrobatics+1","Footwork+1","Blur+1","Well Laid Plans+1","Adrenaline+1","Deflect+1","Backflip+1","Acrobatics+1","Envenom+1","Escape Plan","Escape Plan+1","Poisoned Stab+1","Decay","Blur","Calculated Gamble","Parasite","Dagger Throw+1","Concentrate+1"],"relics":["Ring of the Serpent","Boot","MawBank","Mercury Hourglass","Incense Burner","Philosopher\u0027s Stone","War Paint","Enchiridion","Shuriken","Red Mask","Ice Cream","Pen Nib"],"potions_floor_usage":[37,37,37],"damage_taken":[{"damage":0,"enemies":"Cultist","floor":1,"turns":3},{"damage":0,"enemies":"2 Louse","floor":3,"turns":2},{"damage":0,"enemies":"Small Slimes","floor":5,"turns":4},{"damage":0,"enemies":"Blue Slaver","floor":7,"turns":5},{"damage":0,"enemies":"3 Sentries","floor":13,"turns":10},{"damage":4,"enemies":"3 Louse","floor":14,"turns":4},{"damage":40,"enemies":"Slime Boss","floor":16,"turns":22},{"damage":0,"enemies":"Shell Parasite","floor":18,"turns":11},{"damage":1,"enemies":"Chosen","floor":19,"turns":11},{"damage":0,"enemies":"Sentry and Sphere","floor":24,"turns":12},{"damage":1,"enemies":"Chosen and Byrds","floor":29,"turns":10},{"damage":0,"enemies":"Centurion and Healer","floor":30,"turns":10},{"damage":0,"enemies":"Masked Bandits","floor":31,"turns":5},{"damage":0,"enemies":"Collector","floor":33,"turns":15},{"damage":0,"enemies":"3 Darklings","floor":35,"turns":18},{"damage":7,"enemies":"3 Shapes","floor":36,"turns":5},{"damage":18,"enemies":"2 Orb Walkers","floor":37,"turns":10},{"damage":0,"enemies":"Transient","floor":42,"turns":5},{"damage":3,"enemies":"Sphere and 2 Shapes","floor":44,"turns":6},{"damage":0,"enemies":"Writhing Mass","floor":46,"turns":7},{"damage":0,"enemies":"Spire Growth","floor":47,"turns":6},{"damage":10,"enemies":"Awakened One","floor":50,"turns":14}],"seed_played":"3807886953385596060","potions_obtained":[{"floor":3,"key":"Strength Potion"},{"floor":16,"key":"Weak Potion"},{"floor":18,"key":"Swift Potion"},{"floor":24,"key":"EntropicBrew"},{"floor":46,"key":"Swift Potion"}],"is_trial":false,"path_per_floor":["M","?","M","$","M","R","M","R","T","?","R","$","E","M","R","B",null,"M","M","$","?","?","R","M","?","T","$","R","M","M","?","R","B",null,"M","M","?","?","$","R","$","M","T","M","R","M","M","?","R","B",null],"character_chosen":"THE_SILENT","items_purchased":["Blur","Blur","Calculated Gamble"],"campfire_rested":1,"item_purchase_floors":[12,39,41],"current_hp_per_floor":[70,70,70,70,70,70,70,70,70,70,70,70,70,66,66,26,70,70,69,69,69,69,69,69,53,53,53,53,52,52,52,52,52,70,70,63,45,45,45,45,45,45,45,42,63,63,63,63,63,53],"gold":106,"neow_bonus":"RANDOM_COMMON_RELIC","is_prod":false,"is_daily":false,"chose_seed":false,"campfire_upgraded":9,"win_rate":0,"timestamp":1564076386,"path_taken":["M","?","M","$","M","R","?","R","T","?","R","$","E","?","R","BOSS","M","M","$","?","?","R","M","?","T","?","R","M","?","?","R","BOSS","M","M","?","?","$","R","$","M","T","?","R","M","M","?","R","BOSS"],"build_version":"2019-07-17","purchased_purges":4,"victory":true,"max_hp_per_floor":[70,70,70,70,70,70,70,70,70,70,70,70,70,70,70,70,70,70,70,70,70,70,70,70,70,70,70,70,70,70,70,70,70,70,70,70,70,70,70,70,70,70,70,70,70,70,70,66,66,66],"card_choices":[{"not_picked":["Outmaneuver","PiercingWail"],"picked":"Deflect","floor":1},{"not_picked":["PiercingWail","Flying Knee"],"picked":"Acrobatics","floor":3},{"not_picked":["Predator","Slice","Dagger Throw"],"picked":"SKIP","floor":5},{"not_picked":["Predator","Slice"],"picked":"Footwork","floor":7},{"not_picked":["Reflex","Storm of Steel","Bane"],"picked":"SKIP","floor":13},{"not_picked":["Prepared","Reflex"],"picked":"Well Laid Plans","floor":14},{"not_picked":["Corpse Explosion","A Thousand Cuts"],"picked":"Adrenaline","floor":16},{"not_picked":["Concentrate","Catalyst"],"picked":"Deflect+1","floor":18},{"not_picked":["Dagger Spray","Concentrate+1"],"picked":"Backflip+1","floor":19},{"not_picked":["Outmaneuver","Flying Knee","Crippling Poison+1"],"picked":"SKIP","floor":24},{"not_picked":["Setup","Slice"],"picked":"Acrobatics","floor":29},{"not_picked":["Dodge and Roll","Acrobatics","Slice"],"picked":"SKIP","floor":30},{"not_picked":["Unload","A Thousand Cuts"],"picked":"Envenom","floor":33},{"not_picked":["Sucker Punch","Slice"],"picked":"Escape Plan","floor":35},{"not_picked":["Bouncing Flask+1","Dagger Throw+1"],"picked":"Escape Plan+1","floor":36},{"not_picked":["Well Laid Plans","Dagger Throw+1"],"picked":"Poisoned Stab+1","floor":37},{"not_picked":["Sucker Punch+1","PiercingWail","Expertise"],"picked":"SKIP","floor":42},{"not_picked":["Blade Dance","Bane+1","Quick Slash"],"picked":"SKIP","floor":44},{"not_picked":["Prepared","Riddle With Holes+1"],"picked":"Dagger Throw","floor":46},{"not_picked":["Grand Finale","Endless Agony+1"],"picked":"Concentrate+1","floor":47}],"player_experience":202982,"relics_obtained":[{"floor":9,"key":"Mercury Hourglass"},{"floor":13,"key":"Incense Burner"},{"floor":25,"key":"Enchiridion"},{"floor":26,"key":"Shuriken"},{"floor":31,"key":"Red Mask"},{"floor":37,"key":"Ice Cream"},{"floor":43,"key":"Pen Nib"}],"event_choices":[{"damage_healed":0,"gold_gain":0,"player_choice":"Paid Gold","damage_taken":0,"relics_obtained":["MawBank"],"max_hp_gain":0,"max_hp_loss":0,"event_name":"WeMeetAgain","floor":2,"gold_loss":55},{"damage_healed":0,"gold_gain":100,"player_choice":"Pray","damage_taken":0,"max_hp_gain":0,"max_hp_loss":0,"event_name":"Golden Shrine","floor":10,"gold_loss":0},{"damage_healed":0,"gold_gain":0,"player_choice":"Opened","damage_taken":0,"relics_obtained":["War Paint"],"max_hp_gain":0,"max_hp_loss":0,"event_name":"The Mausoleum","floor":21,"gold_loss":0,"cards_obtained":["Writhe"]},{"cards_removed":["Writhe"],"damage_healed":0,"gold_gain":0,"player_choice":"Gave Gold","damage_taken":0,"max_hp_gain":0,"max_hp_loss":0,"event_name":"Beggar","floor":22,"gold_loss":75},{"damage_healed":0,"gold_gain":0,"player_choice":"Obtained Book","damage_taken":16,"max_hp_gain":0,"max_hp_loss":0,"event_name":"Cursed Tome","floor":25,"gold_loss":0},{"damage_healed":0,"gold_gain":0,"player_choice":"Fought Bandits","damage_taken":0,"max_hp_gain":0,"max_hp_loss":0,"event_name":"Masked Bandits","floor":31,"gold_loss":0},{"damage_healed":0,"gold_gain":0,"player_choice":"Fight","damage_taken":0,"max_hp_gain":0,"max_hp_loss":0,"event_name":"Mysterious Sphere","floor":37,"gold_loss":0},{"damage_healed":0,"gold_gain":0,"player_choice":"Cursed","damage_taken":0,"max_hp_gain":0,"max_hp_loss":0,"event_name":"Wheel of Change","floor":38,"gold_loss":0,"cards_obtained":["Decay"]},{"damage_healed":0,"gold_gain":0,"player_choice":"Max HP","damage_taken":0,"max_hp_gain":0,"max_hp_loss":4,"event_name":"Winding Halls","floor":48,"gold_loss":0}],"is_beta":false,"boss_relics":[{"not_picked":["Runic Dome","WristBlade"],"picked":"Philosopher\u0027s Stone"},{"not_picked":["Pandora\u0027s Box","HoveringKite"],"picked":"Ring of the Serpent"}],"items_purged_floors":[4,12,20,39],"is_endless":false,"potions_floor_spawned":[3,16,18,24,29,42,44,46,47],"ascension_level":1}