{"gold_per_floor":[364,377,45,63,74,99,99,131,131,131,153,124,155,174,174,272,272,285,285,285,304,176,210,210,238,264,293,311,323,323,340,340,435,435,448,6,6,6,6,32,32,50,76,176,196,226,226,243,243,243],"floor_reached":51,"playtime":3223,"items_purged":["Strike_B","Strike_B"],"score":898,"play_id":"a18142a2-9cc0-4c0b-a601-9b3f6b1c4386","local_time":"20190729162047","is_ascension_mode":true,"campfire_choices":[{"data":"Defragment","floor":7,"key":"SMITH"},{"data":"Biased Cognition","floor":10,"key":"SMITH"},{"data":"Lockon","floor":15,"key":"SMITH"},{"data":"Loop","floor":24,"key":"SMITH"},{"data":"Coolheaded","floor":30,"key":"SMITH"},{"data":"Force Field","floor":32,"key":"SMITH"},{"data":"Meteor Strike","floor":41,"key":"SMITH"},{"data":"Defragment","floor":47,"key":"SMITH"},{"data":"Force Field","floor":49,"key":"SMITH"}],"neow_cost":"CURSE","seed_source_timestamp":10301030991551562,"circlet_count":0,"master_deck":["Strike_B","Strike_B","Defend_B","Defend_B","Defend_B+1","Zap","Dualcast","Parasite","Defragment+1","Lockon+1","Doom and Gloom+1","Static Discharge","Sweeping Beam","Cold Snap","Biased Cognition+1","Defragment+1","Creative AI","Steam+1","Necronomicurse","Force Field+1","Coolheaded+1","Loop+1","White Noise+1","Coolheaded+1","Meteor Strike+1","Sunder+1","Bandage Up","Hologram+1","Force Field+1","Force Field+1"],"relics":["Cracked Core","DataDisk","Meat on the Bone","Art of War","Matryoshka","Odd Mushroom","Gambling Chip","Coffee Dripper","Necronomicon","Strawberry","Ice Cream","Darkstone Periapt","Bag of Preparation","Turnip","Inserter","Membership Card","PreservedInsect","Lantern","Dream Catcher","Oddly Smooth Stone","War Paint","Nunchaku","Happy Flower"],"potions_floor_usage":[6,11,11,21,23],"damage_taken":[{"damage":1,"enemies":"Jaw Worm","floor":1,"turns":4},{"damage":0,"enemies":"2 Louse","floor":2,"turns":3},{"damage":0,"enemies":"Cultist","floor":4,"turns":2},{"damage":3,"enemies":"Red Slaver","floor":5,"turns":3},{"damage":21,"enemies":"3 Sentries","floor":6,"turns":7},{"damage":21,"enemies":"Lagavulin","floor":8,"turns":7},{"damage":9,"enemies":"The Mushroom Lair","floor":11,"turns":2},{"damage":10,"enemies":"Gremlin Nob","floor":13,"turns":4},{"damage":0,"enemies":"Large Slime","floor":14,"turns":4},{"damage":0,"enemies":"Slime Boss","floor":16,"turns":8},{"damage":14,"enemies":"Shell Parasite","floor":18,"turns":3},{"damage":14,"enemies":"2 Thieves","floor":21,"turns":3},{"damage":6,"enemies":"Book of Stabbing","floor":23,"turns":4},{"damage":15,"enemies":"Gremlin Leader","floor":25,"turns":5},{"damage":3,"enemies":"Book of Stabbing","floor":27,"turns":4},{"damage":13,"enemies":"Centurion and Healer","floor":28,"turns":4},{"damage":13,"enemies":"Sentry and Sphere","floor":29,"turns":4},{"damage":2,"enemies":"Shelled Parasite and Fungi","floor":31,"turns":3},{"damage":34,"enemies":"Collector","floor":33,"turns":11},{"damage":10,"enemies":"Orb Walker","floor":35,"turns":3},{"damage":1,"enemies":"Giant Head","floor":40,"turns":7},{"damage":0,"enemies":"3 Shapes","floor":42,"turns":3},{"damage":12,"enemies":"Mind Bloom Boss Battle","floor":44,"turns":6},{"damage":2,"enemies":"Transient","floor":45,"turns":5},{"damage":20,"enemies":"Nemesis","floor":46,"turns":5},{"damage":3,"enemies":"Sphere and 2 Shapes","floor":48,"turns":4},{"damage":11,"enemies":"Time Eater","floor":50,"turns":8}],"seed_played":"-5352201438981476175","potions_obtained":[{"floor":2,"key":"Fire Potion"},{"floor":4,"key":"Dexterity Potion"},{"floor":6,"key":"Explosive Potion"},{"floor":18,"key":"SpeedPotion"},{"floor":25,"key":"Dexterity Potion"},{"floor":33,"key":"Weak Potion"},{"floor":42,"key":"Block Potion"}],"is_trial":false,"path_per_floor":["M","M","$","M","M","E","R","E","T","R","?","?","E","M","R","B",null,"M","?","?","M","$","E","R","E","T","E","M","M","R","M","R","B",null,"M","$","?","?","?","E","R","M","T","?","M","E","R","M","R","B",null],"character_chosen":"DEFECT","items_purchased":["DataDisk","Doom and Gloom","Static Discharge","FocusPotion","Coolheaded","Membership Card","PreservedInsect","Lantern","Bandage Up"],"campfire_rested":0,"item_purchase_floors":[3,3,3,3,22,36,36,36,36],"current_hp_per_floor":[74,74,74,74,71,50,50,41,41,41,44,44,46,46,46,46,75,61,45,45,43,43,56,56,53,53,50,49,48,48,46,46,24,82,72,72,72,72,72,75,75,75,75,66,68,52,52,53,53,46],"gold":243,"neow_bonus":"TWO_FIFTY_GOLD","is_prod":false,"is_daily":false,"chose_seed":false,"campfire_upgraded":9,"win_rate":0,"timestamp":1564395647,"path_taken":["M","M","$","M","M","E","R","E","T","R","?","?","E","M","R","BOSS","M","?","?","M","$","E","R","E","T","E","M","M","R","?","R","BOSS","M","$","?","?","?","E","R","?","T","?","M","E","R","M","R","BOSS"],"build_version":"2019-07-17","purchased_purges":2,"victory":true,"max_hp_per_floor":[75,75,75,75,75,75,75,75,75,75,75,75,75,75,75,75,75,75,75,75,75,75,82,82,82,82,82,82,82,82,82,82,82,82,82,82,78,78,78,78,78,78,78,78,78,78,78,78,78,78],"card_choices":[{"not_picked":["BootSequence","Turbo"],"picked":"Defragment","floor":1},{"not_picked":["Redo","Skim"],"picked":"Lockon","floor":2},{"not_picked":["Hello World","Leap"],"picked":"Sweeping Beam","floor":4},{"not_picked":["Static Discharge","Force Field"],"picked":"Cold Snap","floor":5},{"not_picked":["Static Discharge","Cold Snap","Sunder"],"picked":"SKIP","floor":6},{"not_picked":["Gash","Leap"],"picked":"Biased Cognition","floor":8},{"not_picked":["White Noise","Sweeping Beam"],"picked":"Defragment","floor":11},{"not_picked":["Chaos","Recycle","Double Energy"],"picked":"SKIP","floor":13},{"not_picked":["Streamline","BootSequence","Sweeping Beam"],"picked":"SKIP","floor":14},{"not_picked":["Thunder Strike","Rainbow"],"picked":"Creative AI","floor":16},{"not_picked":["Fusion","Rebound"],"picked":"Steam","floor":18},{"not_picked":["Melter","Turbo"],"picked":"Force Field","floor":21},{"not_picked":["Cold Snap+1","Streamline"],"picked":"Loop","floor":23},{"not_picked":["Hello World+1","Compile Driver"],"picked":"White Noise+1","floor":25},{"not_picked":["FTL","Conserve Battery+1","Thunder Strike"],"picked":"SKIP","floor":27},{"not_picked":["Heatsinks","Steam Power","Ball Lightning"],"picked":"SKIP","floor":28},{"not_picked":["Cold Snap","Chaos","Coolheaded+1"],"picked":"SKIP","floor":29},{"not_picked":["BootSequence","Stack"],"picked":"Coolheaded+1","floor":31},{"not_picked":["Amplify","Reboot"],"picked":"Meteor Strike","floor":33},{"not_picked":["Sweeping Beam+1","Compile Driver+1"],"picked":"Sunder+1","floor":35},{"not_picked":["Turbo+1","Reboot"],"picked":"Hologram+1","floor":40},{"not_picked":["Beam Cell+1","Gash+1"],"picked":"Force Field+1","floor":42},{"not_picked":["Ball Lightning","Sweeping Beam","Hologram+1"],"picked":"SKIP","floor":45},{"not_picked":["Capacitor","Sunder"],"picked":"Force Field","floor":46},{"not_picked":["Turbo+1","Sweeping Beam","Cold Snap+1"],"picked":"SKIP","floor":48}],"player_experience":1594301,"relics_obtained":[{"floor":6,"key":"Meat on the Bone"},{"floor":8,"key":"Art of War"},{"floor":9,"key":"Matryoshka"},{"floor":11,"key":"Odd Mushroom"},{"floor":13,"key":"Gambling Chip"},{"floor":19,"key":"Necronomicon"},{"floor":23,"key":"Strawberry"},{"floor":25,"key":"Ice Cream"},{"floor":26,"key":"Darkstone Periapt"},{"floor":26,"key":"Bag of Preparation"},{"floor":27,"key":"Turnip"},{"floor":40,"key":"Dream Catcher"},{"floor":43,"key":"Oddly Smooth Stone"},{"floor":43,"key":"War Paint"},{"floor":44,"key":"Nunchaku"},{"floor":46,"key":"Happy Flower"}],"event_choices":[{"damage_healed":0,"gold_gain":0,"player_choice":"Fought Mushrooms","damage_taken":0,"max_hp_gain":0,"max_hp_loss":0,"event_name":"Mushrooms","floor":11,"gold_loss":0},{"damage_healed":0,"gold_gain":0,"player_choice":"Left Gold","damage_taken":0,"max_hp_gain":0,"max_hp_loss":0,"event_name":"World of Goop","floor":12,"gold_loss":29},{"damage_healed":0,"gold_gain":0,"player_choice":"Obtained Book","damage_taken":16,"max_hp_gain":0,"max_hp_loss":0,"event_name":"Cursed Tome","floor":19,"gold_loss":0},{"damage_healed":0,"gold_gain":0,"player_choice":"Upgraded","damage_taken":0,"max_hp_gain":0,"max_hp_loss":0,"event_name":"Upgrade Shrine","floor":20,"gold_loss":0,"cards_upgraded":["Doom and Gloom"]},{"damage_healed":0,"gold_gain":0,"player_choice":"Max HP","damage_taken":0,"max_hp_gain":0,"max_hp_loss":4,"event_name":"Winding Halls","floor":37,"gold_loss":0},{"cards_removed":["Defend_B"],"damage_healed":0,"gold_gain":0,"player_choice":"Removed Skill","damage_taken":0,"max_hp_gain":0,"max_hp_loss":0,"event_name":"Falling","floor":38,"gold_loss":0},{"damage_healed":0,"gold_gain":0,"player_choice":"Ignored","damage_taken":0,"max_hp_gain":0,"max_hp_loss":0,"event_name":"Mysterious Sphere","floor":39,"gold_loss":0},{"damage_healed":0,"gold_gain":0,"player_choice":"Fight","damage_taken":0,"max_hp_gain":0,"max_hp_loss":0,"event_name":"MindBloom","floor":44,"gold_loss":0}],"is_beta":false,"boss_relics":[{"not_picked":["Ectoplasm","Black Star"],"picked":"Coffee Dripper"},{"not_picked":["White Beast Statue","Astrolabe"],"picked":"Inserter"}],"items_purged_floors":[22,36],"is_endless":false,"potions_floor_spawned":[2,4,5,6,18,25,33,42,48],"ascension_level":1}