{"gold_per_floor":[10,24,24,38,54,54,88,88,88,108,108,126,139,139,139,238,238,250,270,284,284,384,413,73,73,73,73,102,121,136,148,148,248,248,265,278,1277,1237,1249,1249,292,308,308,2,2],"floor_reached":45,"playtime":4724,"items_purged":["Defend_R"],"score":559,"play_id":"2d9f6085-2bc1-4b5d-a045-5f30bd4e7ec5","local_time":"20190720101741","is_ascension_mode":false,"campfire_choices":[{"data":"Flame Barrier","floor":6,"key":"SMITH"},{"data":"Battle Trance","floor":8,"key":"SMITH"},{"data":"Pommel Strike","floor":15,"key":"SMITH"},{"data":"1","floor":25,"key":"LIFT"},{"data":"2","floor":27,"key":"LIFT"},{"data":"3","floor":32,"key":"LIFT"},{"floor":40,"key":"REST"}],"neow_cost":"NO_GOLD","seed_source_timestamp":770040560514543,"circlet_count":0,"master_deck":["Bash","Whirlwind","Dual Wield+1","Pommel Strike+1","Sever Soul","Flame Barrier+1","Battle Trance+1","Metallicize","Armaments","Disarm","Pommel Strike+1","Juggernaut","Pommel Strike+1","Power Through","Uppercut+1","Seeing Red","Flame Barrier","Feel No Pain+1","Pummel","Armaments","Pommel Strike+1","Demon Form","Flame Barrier+1","Corruption+1","Body Slam+1","Burning Pact+1","Shockwave+1","Normality","Normality","Parasite","Dual Wield+1","Spot Weakness","Juggernaut","Corruption","Seeing Red"],"relics":["Burning Blood","StoneCalendar","Pocketwatch","Empty Cage","Enchiridion","Girya","Bag of Marbles","Pear","Matryoshka","Astrolabe","Mercury Hourglass","Ancient Tea Set","TheAbacus","Ornamental Fan","Mango","Lantern"],"potions_floor_usage":[4,7,13,16,23,28,33,33,39,45],"damage_taken":[{"damage":10,"enemies":"Jaw Worm","floor":1,"turns":4},{"damage":6,"enemies":"Cultist","floor":2,"turns":3},{"damage":0,"enemies":"2 Louse","floor":4,"turns":1},{"damage":16,"enemies":"Red Slaver","floor":5,"turns":3},{"damage":28,"enemies":"Lagavulin","floor":7,"turns":7},{"damage":10,"enemies":"Large Slime","floor":10,"turns":5},{"damage":2,"enemies":"Blue Slaver","floor":12,"turns":4},{"damage":12,"enemies":"Exordium Thugs","floor":13,"turns":4},{"damage":7,"enemies":"Hexaghost","floor":16,"turns":9},{"damage":19,"enemies":"Spheric Guardian","floor":18,"turns":5},{"damage":17,"enemies":"Shell Parasite","floor":19,"turns":6},{"damage":22,"enemies":"Shelled Parasite and Fungi","floor":20,"turns":7},{"damage":15,"enemies":"Gremlin Leader","floor":23,"turns":7},{"damage":12,"enemies":"Book of Stabbing","floor":28,"turns":7},{"damage":17,"enemies":"3 Cultists","floor":29,"turns":7},{"damage":13,"enemies":"Snake Plant","floor":30,"turns":4},{"damage":1,"enemies":"Snecko","floor":31,"turns":4},{"damage":32,"enemies":"Automaton","floor":33,"turns":9},{"damage":43,"enemies":"3 Darklings","floor":35,"turns":5},{"damage":15,"enemies":"Orb Walker","floor":36,"turns":4},{"damage":36,"enemies":"Writhing Mass","floor":39,"turns":7},{"damage":18,"enemies":"Sphere and 2 Shapes","floor":42,"turns":4},{"damage":55,"enemies":"Nemesis","floor":45,"turns":4}],"seed_played":"390972388824784579","potions_obtained":[{"floor":3,"key":"Fruit Juice"},{"floor":3,"key":"Poison Potion"},{"floor":3,"key":"Explosive Potion"},{"floor":7,"key":"Swift Potion"},{"floor":12,"key":"Dexterity Potion"},{"floor":13,"key":"SkillPotion"},{"floor":23,"key":"FairyPotion"},{"floor":30,"key":"Energy Potion"},{"floor":31,"key":"Dexterity Potion"},{"floor":33,"key":"Fire Potion"},{"floor":36,"key":"LiquidBronze"}],"is_trial":false,"path_per_floor":["M","M","?","M","M","R","E","R","T","M","?","M","M","?","R","B",null,"M","M","M","?","?","E","$","R","T","R","E","M","M","M","R","B",null,"M","M","?","?","M","R","$","M","T","$","E"],"character_chosen":"IRONCLAD","items_purchased":["Bag of Marbles","Seeing Red","Flame Barrier","Regen Potion","Spot Weakness","Mercury Hourglass","Ancient Tea Set","TheAbacus","Juggernaut","LiquidBronze","SteroidPotion","Corruption","Lantern","Seeing Red"],"campfire_rested":1,"item_purchase_floors":[24,24,24,24,41,41,41,41,41,41,41,44,44,44],"current_hp_per_floor":[76,76,76,85,75,75,53,53,53,49,49,53,47,40,40,39,85,72,61,45,29,29,20,20,20,30,30,39,28,21,26,26,15,95,58,49,49,49,19,47,47,35,49,49,0],"gold":2,"neow_bonus":"TRANSFORM_TWO_CARDS","is_prod":false,"is_daily":false,"chose_seed":false,"campfire_upgraded":3,"win_rate":0.0,"timestamp":1563635861,"path_taken":["M","M","?","M","?","R","E","R","T","M","?","M","?","?","R","BOSS","M","M","M","?","?","E","$","R","T","R","E","M","M","?","R","BOSS","M","M","?","?","M","R","$","M","T","$","E"],"build_version":"2019-07-17","purchased_purges":1,"victory":false,"max_hp_per_floor":[80,80,80,85,85,85,85,85,85,85,85,85,85,85,85,85,85,85,85,85,85,85,85,85,85,95,95,95,95,95,95,95,95,95,95,95,95,95,95,95,95,95,109,109,109],"card_choices":[{"not_picked":["Iron Wave","Reckless Charge"],"picked":"Pommel Strike","floor":1},{"not_picked":["Sword Boomerang","Blood for Blood"],"picked":"Sever Soul","floor":2},{"not_picked":["Headbutt","Body Slam"],"picked":"Flame Barrier","floor":4},{"not_picked":["Sword Boomerang","Warcry"],"picked":"Battle Trance","floor":5},{"not_picked":["Sword Boomerang","Fire Breathing"],"picked":"Metallicize","floor":7},{"not_picked":["Cleave","Blood for Blood"],"picked":"Armaments","floor":10},{"not_picked":["Armaments","Anger"],"picked":"Disarm","floor":12},{"not_picked":["True Grit","Sword Boomerang"],"picked":"Pommel Strike","floor":13},{"not_picked":["Dark Embrace","Barricade"],"picked":"Juggernaut","floor":16},{"not_picked":["Warcry","Cleave"],"picked":"Pommel Strike+1","floor":18},{"not_picked":["Perfected Strike","Inflame"],"picked":"Power Through","floor":19},{"not_picked":["Cleave","Heavy Blade","Clash"],"picked":"SKIP","floor":20},{"not_picked":["Headbutt","Impervious"],"picked":"Uppercut+1","floor":23},{"not_picked":["Brutality","Infernal Blade"],"picked":"Feel No Pain+1","floor":28},{"not_picked":["Dual Wield","Clothesline"],"picked":"Pummel","floor":29},{"not_picked":["Anger","Shockwave"],"picked":"Armaments","floor":30},{"not_picked":["Hemokinesis","Anger+1"],"picked":"Pommel Strike","floor":31},{"not_picked":["Impervious","Double Tap"],"picked":"Demon Form","floor":33},{"not_picked":["Flex","Twin Strike"],"picked":"Burning Pact+1","floor":35},{"not_picked":["Cleave+1","Clash"],"picked":"Shockwave+1","floor":36},{"not_picked":["Rampage","Clothesline+1"],"picked":"Dual Wield+1","floor":39},{"not_picked":["Second Wind","Anger+1","True Grit"],"picked":"SKIP","floor":42}],"player_experience":18205,"relics_obtained":[{"floor":7,"key":"StoneCalendar"},{"floor":9,"key":"Pocketwatch"},{"floor":21,"key":"Enchiridion"},{"floor":23,"key":"Girya"},{"floor":26,"key":"Pear"},{"floor":28,"key":"Matryoshka"},{"floor":43,"key":"Ornamental Fan"},{"floor":43,"key":"Mango"}],"event_choices":[{"damage_healed":0,"gold_gain":0,"player_choice":"Got Potions","damage_taken":0,"max_hp_gain":0,"max_hp_loss":0,"event_name":"Lab","floor":3,"gold_loss":0},{"damage_healed":0,"gold_gain":0,"player_choice":"Upgraded","damage_taken":0,"max_hp_gain":0,"max_hp_loss":0,"event_name":"Upgrade Shrine","floor":11,"gold_loss":0,"cards_upgraded":["Pommel Strike"]},{"cards_removed":["Defend_R"],"damage_healed":0,"gold_gain":0,"player_choice":"Card Removal","damage_taken":7,"max_hp_gain":0,"max_hp_loss":0,"event_name":"Golden Wing","floor":14,"gold_loss":0},{"damage_healed":0,"gold_gain":0,"player_choice":"Obtained Book","damage_taken":16,"max_hp_gain":0,"max_hp_loss":0,"event_name":"Cursed Tome","floor":21,"gold_loss":0},{"damage_healed":0,"gold_gain":100,"player_choice":"Pray","damage_taken":0,"max_hp_gain":0,"max_hp_loss":0,"event_name":"Golden Shrine","floor":22,"gold_loss":0},{"damage_healed":0,"gold_gain":999,"player_choice":"Gold","damage_taken":0,"max_hp_gain":0,"max_hp_loss":0,"event_name":"MindBloom","floor":37,"gold_loss":0,"cards_obtained":["Normality","Normality"]},{"damage_healed":0,"gold_gain":0,"player_choice":"Upgraded Two","damage_taken":0,"max_hp_gain":0,"max_hp_loss":0,"event_name":"Designer","floor":38,"gold_loss":40,"cards_upgraded":["Dual Wield","Pommel Strike"]}],"is_beta":false,"boss_relics":[{"not_picked":["Coffee Dripper","Busted Crown"],"picked":"Empty Cage"},{"not_picked":["Sozu","Cursed Key"],"picked":"Astrolabe"}],"items_purged_floors":[41],"is_endless":false,"potions_floor_spawned":[7,12,13,23,30,31,33,36,42],"killed_by":"Nemesis","ascension_level":0}