{"gold_per_floor":[115,126,136,16,16,43,28,59,83,93,127,147,147,158,158,254,254,271,288,303,303,80,108,121,121,121,121,121,21,52,72,72,172,172,191,209,309,36,47,79,79,110,110,0,0,0,29,29,29,29,29,29,29,64,64],"floor_reached":56,"playtime":19844,"items_purged":["Strike_G","Strike_G","Strike_G"],"score":1374,"play_id":"fb0b3a4c-7cc1-402a-9c85-013e1e076de0","local_time":"20190818033758","is_ascension_mode":true,"campfire_choices":[{"floor":13.0,"key":"REST"},{"data":"Deadly Poison","floor":15.0,"key":"SMITH"},{"data":"Catalyst","floor":25.0,"key":"SMITH"},{"data":"Deadly Poison","floor":28.0,"key":"SMITH"},{"floor":32.0,"key":"REST"},{"data":"Acrobatics","floor":41.0,"key":"SMITH"},{"data":"Footwork","floor":46.0,"key":"SMITH"},{"floor":49.0,"key":"RECALL"},{"data":"A Thousand Cuts","floor":52.0,"key":"SMITH"}],"neow_cost":"NONE","seed_source_timestamp":0,"circlet_count":0,"master_deck":["Strike_G","Strike_G","Defend_G","Defend_G","Defend_G","Defend_G","Survivor+1","Neutralize","Blade Dance","Predator","Deadly Poison+1","Footwork+1","Prepared","Well Laid Plans","Dramatic Entrance","Catalyst+1","Skewer","Bullet Time","Acrobatics+1","Deadly Poison+1","Dodge and Roll+1","Tools of the Trade","Backflip","Bouncing Flask","PiercingWail+1","Dodge and Roll","Underhanded Strike","Envenom","Deadly Poison+1","Escape Plan+1","Acrobatics+1","A Thousand Cuts+1","Dash+1"],"special_seed":0,"relics":["Ring of the Snake","NeowsBlessing","Anchor","Bag of Preparation","Bag of Marbles","Centennial Puzzle","Sozu","Happy Flower","Unceasing Top","Meat on the Bone","Letter Opener","Eternal Feather","Torii","Bronze Scales","War Paint","Bottled Flame","Red Mask","FossilizedHelix","Pen Nib"],"potions_floor_usage":[],"damage_taken":[{"damage":0.0,"enemies":"Small Slimes","floor":1.0,"turns":1.0},{"damage":0.0,"enemies":"Cultist","floor":2.0,"turns":1.0},{"damage":0.0,"enemies":"2 Louse","floor":3.0,"turns":1.0},{"damage":10.0,"enemies":"3 Sentries","floor":6.0,"turns":9.0},{"damage":0.0,"enemies":"Exordium Thugs","floor":7.0,"turns":4.0},{"damage":12.0,"enemies":"Gremlin Nob","floor":8.0,"turns":5.0},{"damage":0.0,"enemies":"Blue Slaver","floor":10.0,"turns":2.0},{"damage":17.0,"enemies":"Lagavulin","floor":11.0,"turns":6.0},{"damage":0.0,"enemies":"3 Louse","floor":12.0,"turns":1.0},{"damage":1.0,"enemies":"Exordium Thugs","floor":14.0,"turns":4.0},{"damage":5.0,"enemies":"The Guardian","floor":16.0,"turns":9.0},{"damage":0.0,"enemies":"3 Byrds","floor":18.0,"turns":4.0},{"damage":1.0,"enemies":"Spheric Guardian","floor":19.0,"turns":3.0},{"damage":3.0,"enemies":"Centurion and Healer","floor":20.0,"turns":5.0},{"damage":0.0,"enemies":"Gremlin Leader","floor":23.0,"turns":6.0},{"damage":0.0,"enemies":"Shelled Parasite and Fungi","floor":24.0,"turns":5.0},{"damage":0.0,"enemies":"Slavers","floor":30.0,"turns":6.0},{"damage":12.0,"enemies":"Snake Plant","floor":31.0,"turns":3.0},{"damage":25.0,"enemies":"Automaton","floor":33.0,"turns":11.0},{"damage":3.0,"enemies":"Orb Walker","floor":35.0,"turns":3.0},{"damage":0.0,"enemies":"3 Shapes","floor":36.0,"turns":2.0},{"damage":2.0,"enemies":"Mind Bloom Boss Battle","floor":37.0,"turns":7.0},{"damage":1.0,"enemies":"Maw","floor":39.0,"turns":5.0},{"damage":34.0,"enemies":"Reptomancer","floor":40.0,"turns":3.0},{"damage":0.0,"enemies":"Giant Head","floor":42.0,"turns":7.0},{"damage":1.0,"enemies":"Nemesis","floor":47.0,"turns":5.0},{"damage":36.0,"enemies":"Awakened One","floor":50.0,"turns":13.0},{"damage":23.0,"enemies":"Shield and Spear","floor":54.0,"turns":7.0},{"damage":23,"enemies":"The Heart","floor":55,"turns":7}],"seed_played":"-6991249979384277971","potions_obtained":[{"floor":1.0,"key":"GhostInAJar"},{"floor":3.0,"key":"SpeedPotion"},{"floor":7.0,"key":"Dexterity Potion"},{"floor":11.0,"key":"GhostInAJar"},{"floor":12.0,"key":"Fire Potion"},{"floor":14.0,"key":"FearPotion"},{"floor":16.0,"key":"SkillPotion"}],"is_trial":false,"path_per_floor":["M","M","M","$","?","E","M","E","T","M","E","M","R","M","R","B",null,"M","M","M","?","$","E","M","R","T","?","R","$","E","M","R","B",null,"M","M","?","$","M","E","R","E","T","?","$","R","E","?","R","B",null,"R","$","E","B",null],"character_chosen":"THE_SILENT","items_purchased":["Footwork","Prepared","Happy Flower","Bronze Scales"],"campfire_rested":2,"item_purchase_floors":[4,4,22,38],"current_hp_per_floor":[70,70,70,70,70,60,60,48,48,48,31,31,52,51,51,46,70,70,69,66,66,66,66,66,66,66,53,53,53,53,41,63,38,75,72,72,70,70,69,47,65,65,65,65,65,75,74,74,75,39,75,75,75,52,41],"gold":64,"neow_bonus":"THREE_ENEMY_KILL","is_prod":false,"is_daily":false,"chose_seed":false,"campfire_upgraded":6,"win_rate":1,"timestamp":1566088678,"path_taken":["M","M","M","$","?","E","M","E","T","?","E","M","R","?","R","BOSS","M","M","M","?","$","E","M","R","T","?","R","$","E","M","R","BOSS","M","M","?","$","M","E","R","E","T","?","$","R","E","?","R","BOSS","R","$","E","BOSS"],"build_version":"2019-07-17","purchased_purges":3,"victory":true,"max_hp_per_floor":[70,70,70,70,70,70,70,70,70,70,70,70,70,70,70,70,70,70,70,70,70,70,70,70,70,70,75,75,75,75,75,75,75,75,75,75,75,75,75,75,75,75,75,75,75,75,75,75,75,75,75,75,75,75,75],"card_choices":[{"not_picked":["Sucker Punch","Underhanded Strike"],"picked":"Blade Dance","floor":1.0},{"not_picked":["PiercingWail","Acrobatics"],"picked":"Predator","floor":2.0},{"not_picked":["Dagger Spray","PiercingWail"],"picked":"Deadly Poison","floor":3.0},{"not_picked":["Flying Knee","Sucker Punch","Blade Dance"],"picked":"SKIP","floor":6.0},{"not_picked":["Escape Plan","Slice"],"picked":"Catalyst","floor":7.0},{"not_picked":["Masterful Stab","Tactician"],"picked":"Skewer","floor":8.0},{"not_picked":["Deadly Poison","Quick Slash"],"picked":"Bullet Time","floor":10.0},{"not_picked":["Catalyst","Dagger Spray"],"picked":"Acrobatics","floor":11.0},{"not_picked":["Choke","Flying Knee"],"picked":"Deadly Poison","floor":12.0},{"not_picked":["Caltrops","Slice"],"picked":"Dodge and Roll","floor":14.0},{"not_picked":["Glass Knife","Die Die Die"],"picked":"Tools of the Trade","floor":16.0},{"not_picked":["Dash","Bane"],"picked":"Backflip","floor":18.0},{"not_picked":["Dagger Throw","Dagger Spray"],"picked":"Bouncing Flask","floor":19.0},{"not_picked":["Quick Slash","Backflip"],"picked":"PiercingWail+1","floor":20.0},{"not_picked":["Deflect","Outmaneuver+1"],"picked":"Dodge and Roll","floor":23.0},{"not_picked":["Tactician","Outmaneuver+1","Die Die Die"],"picked":"SKIP","floor":24.0},{"not_picked":["Dagger Spray+1","Endless Agony","Die Die Die"],"picked":"SKIP","floor":30.0},{"not_picked":["Choke","Backstab"],"picked":"Underhanded Strike","floor":31.0},{"not_picked":["Adrenaline","Unload"],"picked":"Envenom","floor":33.0},{"not_picked":["Sucker Punch+1","Dagger Spray+1","Caltrops"],"picked":"SKIP","floor":35.0},{"not_picked":["Eviscerate+1","Endless Agony"],"picked":"Deadly Poison+1","floor":36.0},{"not_picked":["Blade Dance+1","Underhanded Strike+1"],"picked":"Escape Plan+1","floor":37.0},{"not_picked":["Prepared+1","Catalyst"],"picked":"Acrobatics+1","floor":39.0},{"not_picked":["Quick Slash","Infinite Blades","Sucker Punch+1"],"picked":"SKIP","floor":40.0},{"not_picked":["Quick Slash","Infinite Blades","Sucker Punch+1"],"picked":"SKIP","floor":40.0},{"not_picked":["Slice+1","Deflect","Reflex+1"],"picked":"SKIP","floor":42.0},{"not_picked":["Deflect","Quick Slash+1"],"picked":"A Thousand Cuts","floor":47.0},{"not_picked":["Blade Dance","Dodge and Roll+1"],"picked":"Dash+1","floor":54.0}],"player_experience":95848,"relics_obtained":[{"floor":6.0,"key":"Anchor"},{"floor":8.0,"key":"Bag of Preparation"},{"floor":9.0,"key":"Bag of Marbles"},{"floor":11.0,"key":"Centennial Puzzle"},{"floor":23.0,"key":"Unceasing Top"},{"floor":26.0,"key":"Meat on the Bone"},{"floor":30.0,"key":"Letter Opener"},{"floor":37.0,"key":"Torii"},{"floor":40.0,"key":"War Paint"},{"floor":42.0,"key":"Bottled Flame"},{"floor":47.0,"key":"FossilizedHelix"},{"floor":54.0,"key":"Pen Nib"}],"event_choices":[{"damage_healed":0.0,"max_hp_gain":0.0,"max_hp_loss":0.0,"gold_gain":0.0,"event_name":"Match and Keep!","player_choice":"2 cards matched","floor":5.0,"gold_loss":0.0,"damage_taken":0.0,"cards_obtained":["Well Laid Plans","Dramatic Entrance"]},{"damage_healed":0.0,"max_hp_gain":0.0,"max_hp_loss":0.0,"gold_gain":0.0,"event_name":"Match and Keep!","player_choice":"2 cards matched","floor":5.0,"gold_loss":0.0,"damage_taken":0.0,"cards_obtained":["Well Laid Plans","Dramatic Entrance"]},{"damage_healed":0.0,"max_hp_gain":0.0,"max_hp_loss":0.0,"gold_gain":0.0,"event_name":"Ghosts","player_choice":"Ignored","floor":21.0,"gold_loss":0.0,"damage_taken":0.0},{"damage_healed":0.0,"max_hp_gain":5.0,"max_hp_loss":0.0,"gold_gain":0.0,"event_name":"Forgotten Altar","player_choice":"Shed Blood","floor":27.0,"gold_loss":0.0,"damage_taken":18.0},{"damage_healed":0.0,"max_hp_gain":0.0,"max_hp_loss":0.0,"gold_gain":0.0,"event_name":"MindBloom","player_choice":"Fight","floor":37.0,"gold_loss":0.0,"damage_taken":0.0},{"damage_healed":0.0,"max_hp_gain":0.0,"max_hp_loss":0.0,"gold_gain":0.0,"event_name":"Tomb of Lord Red Mask","player_choice":"Paid","floor":44.0,"gold_loss":110.0,"damage_taken":0.0,"relics_obtained":["Red Mask"]},{"cards_removed":["Defend_G"],"damage_healed":0.0,"max_hp_gain":0.0,"max_hp_loss":0.0,"gold_gain":0.0,"event_name":"Falling","player_choice":"Removed Skill","floor":48.0,"gold_loss":0.0,"damage_taken":0.0}],"is_beta":false,"boss_relics":[{"not_picked":["Astrolabe","Philosopher\u0027s Stone"],"picked":"Sozu"},{"not_picked":["Calling Bell","Velvet Choker"],"picked":"Eternal Feather"}],"items_purged_floors":[22,29,38],"is_endless":false,"potions_floor_spawned":[1,3,7,11,12,14,16,18,19,30,33,35,37,39,47],"ascension_level":1}