{"gold_per_floor":[118,138,151,16,31,31,56,56,80,80,114,135,150,170,170,266,266,287,287,6,6,6,6,26,26,52,52,327,3,16,30,30,109,109,125,25,25,25,70,70,84,64,87,87,87,97,97,97,97,97],"floor_reached":51,"playtime":7005,"items_purged":["Regret","Parasite"],"score":1465,"play_id":"c20fccaf-f701-490a-b282-b94bde855e08","local_time":"20190731194556","is_ascension_mode":true,"campfire_choices":[{"data":"Zap","floor":6.0,"key":"SMITH"},{"floor":8.0,"key":"REST"},{"floor":15.0,"key":"REST"},{"data":"Double Energy","floor":23.0,"key":"SMITH"},{"data":"Hologram","floor":25.0,"key":"SMITH"},{"data":"Turbo","floor":32.0,"key":"SMITH"},{"data":"Stack","floor":40.0,"key":"SMITH"},{"floor":49,"key":"REST"}],"neow_cost":"NONE","seed_source_timestamp":0,"circlet_count":0,"master_deck":["AscendersBane","Strike_B","Strike_B","Strike_B","Defend_B","Defend_B","Defend_B","Defend_B","Zap+1","Dualcast","Coolheaded","Conserve Battery","Rebound","Static Discharge","Compile Driver","Sweeping Beam","Core Surge","Glacier","Undo","Blizzard","Turbo+1","Double Energy+1","Defragment+1","Hologram+1","Stack+1","Reinforced Body","Machine Learning+1","Barrage+1","Capacitor+1","Pain","Leap","Parasite"],"special_seed":0,"relics":["White Beast Statue","Anchor","Orichalcum","Bloody Idol","Juzu Bracelet","Cursed Key","Pen Nib","Frozen Egg 2","Nilry\u0027s Codex","Oddly Smooth Stone","Gremlin Horn","Lizard Tail","Incense Burner","Strawberry","Shuriken"],"potions_floor_usage":[46,50,50],"damage_taken":[{"damage":3.0,"enemies":"2 Louse","floor":1.0,"turns":3.0},{"damage":4.0,"enemies":"Jaw Worm","floor":2.0,"turns":5.0},{"damage":0.0,"enemies":"Cultist","floor":3.0,"turns":5.0},{"damage":6.0,"enemies":"Looter","floor":5.0,"turns":4.0},{"damage":18.0,"enemies":"3 Sentries","floor":7.0,"turns":6.0},{"damage":24.0,"enemies":"Lagavulin","floor":11.0,"turns":12.0},{"damage":0.0,"enemies":"Large Slime","floor":12.0,"turns":8.0},{"damage":0.0,"enemies":"Lots of Slimes","floor":13.0,"turns":2.0},{"damage":0.0,"enemies":"Blue Slaver","floor":14.0,"turns":5.0},{"damage":27.0,"enemies":"Hexaghost","floor":16.0,"turns":12.0},{"damage":3.0,"enemies":"Shell Parasite","floor":18.0,"turns":9.0},{"damage":0.0,"enemies":"Spheric Guardian","floor":24.0,"turns":9.0},{"damage":4.0,"enemies":"Chosen and Byrds","floor":30.0,"turns":9.0},{"damage":2.0,"enemies":"Centurion and Healer","floor":31.0,"turns":9.0},{"damage":13.0,"enemies":"Champ","floor":33.0,"turns":15.0},{"damage":7.0,"enemies":"Orb Walker","floor":35.0,"turns":7.0},{"damage":37.0,"enemies":"2 Orb Walkers","floor":39.0,"turns":9.0},{"damage":16.0,"enemies":"3 Shapes","floor":41.0,"turns":8.0},{"damage":48,"enemies":"Jaw Worm Horde","floor":46,"turns":10},{"damage":29,"enemies":"Time Eater","floor":50,"turns":14}],"seed_played":"6918060765698013784","potions_obtained":[{"floor":1.0,"key":"Block Potion"},{"floor":2.0,"key":"AttackPotion"},{"floor":5.0,"key":"Fire Potion"},{"floor":7.0,"key":"AttackPotion"},{"floor":11.0,"key":"Explosive Potion"},{"floor":12.0,"key":"LiquidBronze"},{"floor":13.0,"key":"LiquidBronze"},{"floor":14.0,"key":"Weak Potion"},{"floor":16.0,"key":"Ancient Potion"},{"floor":18.0,"key":"Weak Potion"},{"floor":24.0,"key":"Block Potion"},{"floor":30.0,"key":"Weak Potion"},{"floor":31.0,"key":"FearPotion"},{"floor":33.0,"key":"SkillPotion"},{"floor":35.0,"key":"GamblersBrew"},{"floor":39.0,"key":"SteroidPotion"},{"floor":41.0,"key":"Ancient Potion"},{"floor":42.0,"key":"EssenceOfSteel"},{"floor":46,"key":"FocusPotion"}],"is_trial":false,"path_per_floor":["M","M","M","$","M","R","E","R","T","?","E","M","M","M","R","B",null,"M","?","$","?","?","R","M","R","T","$","?","$","M","M","R","B",null,"M","$","?","?","?","R","M","?","T","?","?","M","T","$","R","B",null],"character_chosen":"DEFECT","items_purchased":["Static Discharge","Compile Driver","Sweeping Beam","Frozen Egg 2","Defragment+1","Gremlin Horn"],"campfire_rested":3,"item_purchase_floors":[4,4,4,20,20,29],"current_hp_per_floor":[61,57,57,57,51,51,33,54,54,37,13,13,13,13,34,7,55,52,52,52,52,36,36,41,41,46,46,51,51,52,55,55,47,65,63,63,78,78,46,46,35,35,47,47,47,45,45,45,69,40],"gold":97,"neow_bonus":"BOSS_RELIC","is_prod":false,"is_daily":false,"chose_seed":false,"campfire_upgraded":5,"win_rate":0,"timestamp":1564627556,"path_taken":["M","M","M","$","M","R","E","R","T","?","E","M","M","M","R","BOSS","M","?","?","?","?","R","M","R","T","$","?","$","M","M","R","BOSS","M","?","?","?","?","R","M","?","T","?","?","M","?","$","R","BOSS"],"build_version":"2019-07-17","purchased_purges":2,"victory":true,"max_hp_per_floor":[71,71,71,71,71,71,71,71,71,71,71,71,71,71,71,71,71,71,71,71,71,71,71,71,71,71,71,71,71,71,71,71,71,71,71,68,78,78,78,78,78,78,85,85,81,81,81,81,81,81],"card_choices":[{"not_picked":["Redo","Consume"],"picked":"Coolheaded","floor":1.0},{"not_picked":["Blizzard","Beam Cell"],"picked":"Conserve Battery","floor":2.0},{"not_picked":["Steam Power","Force Field"],"picked":"Rebound","floor":3.0},{"not_picked":["Coolheaded","Ball Lightning"],"picked":"Core Surge","floor":5.0},{"not_picked":["Auto Shields","Hello World"],"picked":"Glacier","floor":7.0},{"not_picked":["Rebound","Coolheaded"],"picked":"Undo","floor":11.0},{"not_picked":["Reprogram","Ball Lightning"],"picked":"Blizzard","floor":12.0},{"not_picked":["Doom and Gloom","Stack"],"picked":"Turbo","floor":13.0},{"not_picked":["Chaos","Static Discharge"],"picked":"Double Energy","floor":14.0},{"not_picked":["Fission","Meteor Strike"],"picked":"Multi-Cast","floor":16.0},{"not_picked":["Barrage","Auto Shields","Turbo"],"picked":"SKIP","floor":18.0},{"not_picked":["Compile Driver","Cold Snap+1"],"picked":"Hologram","floor":24.0},{"not_picked":["Undo","Turbo"],"picked":"Stack","floor":30.0},{"not_picked":["Recycle","Gash"],"picked":"Reinforced Body","floor":31.0},{"not_picked":["Core Surge","Fission"],"picked":"Machine Learning+1","floor":33.0},{"not_picked":["Blizzard","Sweeping Beam"],"picked":"Barrage+1","floor":35.0},{"not_picked":["Rebound","Cold Snap"],"picked":"Capacitor+1","floor":41.0},{"not_picked":["Sweeping Beam","Ball Lightning+1"],"picked":"Leap","floor":46}],"player_experience":434088,"relics_obtained":[{"floor":7.0,"key":"Anchor"},{"floor":9.0,"key":"Orichalcum"},{"floor":11.0,"key":"Juzu Bracelet"},{"floor":19.0,"key":"Pen Nib"},{"floor":22.0,"key":"Nilry\u0027s Codex"},{"floor":26.0,"key":"Oddly Smooth Stone"},{"floor":39.0,"key":"Incense Burner"},{"floor":43.0,"key":"Strawberry"},{"floor":47,"key":"Shuriken"}],"event_choices":[{"damage_healed":0.0,"max_hp_gain":0.0,"max_hp_loss":0.0,"gold_gain":0.0,"event_name":"Golden Idol","player_choice":"Take Damage","floor":10.0,"gold_loss":0.0,"damage_taken":17.0,"relics_obtained":["Golden Idol"]},{"damage_healed":0.0,"max_hp_gain":0.0,"max_hp_loss":0.0,"gold_gain":0.0,"event_name":"Wheel of Change","player_choice":"Relic","floor":19.0,"gold_loss":0.0,"damage_taken":0.0},{"damage_healed":0.0,"max_hp_gain":0.0,"max_hp_loss":0.0,"gold_gain":0.0,"event_name":"Forgotten Altar","player_choice":"Gave Idol","floor":21.0,"relics_lost":["Golden Idol"],"gold_loss":0.0,"damage_taken":0.0,"relics_obtained":["Bloody Idol"]},{"damage_healed":0.0,"max_hp_gain":0.0,"max_hp_loss":0.0,"gold_gain":0.0,"event_name":"Cursed Tome","player_choice":"Obtained Book","floor":22.0,"gold_loss":0.0,"damage_taken":16.0},{"damage_healed":0.0,"max_hp_gain":0.0,"max_hp_loss":0.0,"gold_gain":275.0,"event_name":"Golden Shrine","player_choice":"Desecrate","floor":28.0,"gold_loss":0.0,"damage_taken":0.0,"cards_obtained":["Regret"]},{"cards_removed":["Multi-Cast"],"damage_healed":5.0,"max_hp_gain":10.0,"max_hp_loss":0.0,"gold_gain":0.0,"event_name":"Bonfire Elementals","player_choice":"Offered Rare","floor":37.0,"gold_loss":0.0,"damage_taken":0.0},{"cards_removed":["Strike_B"],"damage_healed":0.0,"max_hp_gain":0.0,"max_hp_loss":0.0,"gold_gain":0.0,"event_name":"Falling","player_choice":"Removed Attack","floor":38.0,"gold_loss":0.0,"damage_taken":0.0},{"damage_healed":0.0,"max_hp_gain":0.0,"max_hp_loss":0.0,"gold_gain":0.0,"event_name":"Mysterious Sphere","player_choice":"Fight","floor":39.0,"gold_loss":0.0,"damage_taken":0.0},{"damage_healed":0.0,"max_hp_gain":0.0,"max_hp_loss":0.0,"gold_gain":0.0,"event_name":"The Woman in Blue","player_choice":"Bought 1 Potion","floor":42.0,"gold_loss":0.0,"damage_taken":0.0},{"damage_healed":0.0,"max_hp_gain":0.0,"max_hp_loss":0.0,"gold_gain":0.0,"event_name":"SensoryStone","player_choice":"Memory 1","floor":44.0,"gold_loss":0.0,"damage_taken":0.0},{"damage_healed":0.0,"max_hp_gain":0.0,"max_hp_loss":4.0,"gold_gain":0.0,"event_name":"Winding Halls","player_choice":"Max HP","floor":45.0,"gold_loss":0.0,"damage_taken":0.0}],"is_beta":false,"boss_relics":[{"not_picked":["Pandora\u0027s Box","Velvet Choker"],"picked":"Cursed Key"},{"not_picked":["Eternal Feather","Busted Crown"],"picked":"Lizard Tail"}],"items_purged_floors":[29,36],"is_endless":false,"potions_floor_spawned":[1,2,3,5,7,11,12,13,14,16,18,24,30,31,33,35,39,41,46],"ascension_level":14}