{"gold_per_floor":[109,126,126,151,33,66,120,120,120,164,164,179,179,193,193,193],"floor_reached":16,"playtime":634,"items_purged":["Injury"],"score":320,"play_id":"d06bacf7-2a43-4615-916b-3e9b4e75cb1b","local_time":"20190819071135","is_ascension_mode":true,"campfire_choices":[{"data":"Neutralize","floor":8.0,"key":"SMITH"},{"floor":11.0,"key":"REST"},{"floor":15,"key":"REST"}],"neow_cost":"NONE","seed_source_timestamp":190336198152600,"circlet_count":0,"master_deck":["AscendersBane","Strike_G","Strike_G","Strike_G","Strike_G","Defend_G","Defend_G","Defend_G","Defend_G","Defend_G","Survivor","Neutralize+1","Dagger Spray","Escape Plan","PiercingWail","All Out Attack","Bullet Time","Caltrops","Backflip","PiercingWail"],"special_seed":0,"relics":["Ring of the Snake","Golden Idol","Vajra","Tiny Chest","Mummified Hand","Art of War"],"potions_floor_usage":[16,16],"damage_taken":[{"damage":0.0,"enemies":"Cultist","floor":1.0,"turns":4.0},{"damage":6.0,"enemies":"2 Louse","floor":2.0,"turns":3.0},{"damage":2.0,"enemies":"Jaw Worm","floor":4.0,"turns":6.0},{"damage":5.0,"enemies":"3 Sentries","floor":6.0,"turns":7.0},{"damage":59.0,"enemies":"Lagavulin","floor":10.0,"turns":9.0},{"damage":4.0,"enemies":"Gremlin Gang","floor":12.0,"turns":4.0},{"damage":0,"enemies":"Looter","floor":14,"turns":3},{"damage":38,"enemies":"Slime Boss","floor":16,"turns":11}],"seed_played":"1513738901834125796","potions_obtained":[{"floor":0.0,"key":"FearPotion"},{"floor":0.0,"key":"Regen Potion"},{"floor":0.0,"key":"Fire Potion"},{"floor":10.0,"key":"Ancient Potion"},{"floor":14,"key":"EssenceOfSteel"}],"is_trial":false,"path_per_floor":["M","M","?","M","$","E","T","R","T","E","R","M","?","M","R","B"],"character_chosen":"THE_SILENT","items_purchased":["All Out Attack"],"campfire_rested":2,"item_purchase_floors":[5],"current_hp_per_floor":[59,53,53,51,51,61,61,61,61,2,21,17,17,17,36,0],"gold":193,"neow_bonus":"THREE_SMALL_POTIONS","is_prod":false,"is_daily":false,"chose_seed":false,"campfire_upgraded":1,"win_rate":0,"timestamp":1566191495,"path_taken":["M","?","?","M","$","E","?","R","T","E","R","?","?","?","R","BOSS"],"build_version":"2019-07-17","purchased_purges":1,"victory":false,"max_hp_per_floor":[66,66,66,66,66,66,66,66,66,66,66,66,66,66,66,66],"card_choices":[{"not_picked":["Underhanded Strike","Prepared"],"picked":"Dagger Spray","floor":1.0},{"not_picked":["Underhanded Strike","Quick Slash"],"picked":"Escape Plan","floor":2.0},{"not_picked":["Calculated Gamble","Outmaneuver"],"picked":"PiercingWail","floor":4.0},{"not_picked":["Deflect","Cloak And Dagger"],"picked":"Bullet Time","floor":6.0},{"not_picked":["Blade Dance","Skewer"],"picked":"Caltrops","floor":10.0},{"not_picked":["Deflect","Prepared"],"picked":"Backflip","floor":12.0},{"not_picked":["Quick Slash","Prepared","Poisoned Stab"],"picked":"SKIP","floor":14}],"player_experience":1145543,"relics_obtained":[{"floor":6.0,"key":"Vajra"},{"floor":7.0,"key":"Tiny Chest"},{"floor":9.0,"key":"Mummified Hand"},{"floor":10.0,"key":"Art of War"}],"event_choices":[{"damage_healed":0.0,"max_hp_gain":0.0,"max_hp_loss":0.0,"gold_gain":0.0,"event_name":"Golden Idol","player_choice":"Take Wound","floor":3.0,"gold_loss":0.0,"damage_taken":0.0,"relics_obtained":["Golden Idol"],"cards_obtained":["Injury"]},{"damage_healed":0,"gold_gain":0,"cards_transformed":["Strike_G"],"player_choice":"Transformed","damage_taken":0,"max_hp_gain":0,"max_hp_loss":0,"event_name":"Transmorgrifier","floor":13,"gold_loss":0,"cards_obtained":["PiercingWail"]}],"is_beta":false,"boss_relics":[],"items_purged_floors":[5],"is_endless":false,"potions_floor_spawned":[2,4,10,14],"killed_by":"Slime Boss","ascension_level":20}