{"gold_per_floor":[110,127,139,152,20,48,113,144,170,170,170,170,185,202,202,279,279,257,270,86,98,98,98,131,143,155,29,61,61,79,90,90,90],"floor_reached":33,"playtime":1703,"items_purged":["Decay"],"score":549,"play_id":"c9636f96-0a87-4d81-838c-39da444be4dd","local_time":"20190716212404","is_ascension_mode":true,"campfire_choices":[{"data":"Noxious Fumes","floor":10,"key":"SMITH"},{"data":"Neutralize","floor":12,"key":"SMITH"},{"data":"Dodge and Roll","floor":15,"key":"SMITH"},{"floor":23,"key":"REST"},{"data":"Catalyst","floor":25,"key":"SMITH"},{"floor":32,"key":"REST"}],"neow_cost":"NONE","seed_source_timestamp":596798141906918,"circlet_count":0,"master_deck":["AscendersBane","Strike_G","Strike_G","Strike_G","Strike_G","Strike_G","Defend_G","Defend_G","Defend_G","Defend_G","Defend_G","Survivor","Neutralize+1","Sucker Punch","Noxious Fumes+1","Leg Sweep","Dagger Throw","Well Laid Plans","Predator","Poisoned Stab","Dodge and Roll+1","PiercingWail","PiercingWail","Die Die Die","Catalyst+1","Backflip","Backflip","Backflip","Bouncing Flask","Adrenaline","Malaise","Cloak And Dagger"],"relics":["Ring of the Snake","NeowsBlessing","Boot","Strawberry","Happy Flower","Anchor","Velvet Choker","MawBank","Ninja Scroll","Bag of Marbles"],"potions_floor_usage":[6,7,8,24,24,28,33,33],"damage_taken":[{"damage":0,"enemies":"Small Slimes","floor":1,"turns":1},{"damage":0,"enemies":"Cultist","floor":2,"turns":1},{"damage":0,"enemies":"Jaw Worm","floor":3,"turns":1},{"damage":3,"enemies":"Exordium Thugs","floor":4,"turns":6},{"damage":10,"enemies":"Lagavulin","floor":6,"turns":9},{"damage":12,"enemies":"Gremlin Nob","floor":7,"turns":4},{"damage":18,"enemies":"Gremlin Nob","floor":8,"turns":6},{"damage":0,"enemies":"3 Louse","floor":13,"turns":3},{"damage":6,"enemies":"Large Slime","floor":14,"turns":5},{"damage":12,"enemies":"Hexaghost","floor":16,"turns":12},{"damage":5,"enemies":"2 Thieves","floor":18,"turns":4},{"damage":8,"enemies":"Spheric Guardian","floor":19,"turns":5},{"damage":7,"enemies":"Centurion and Healer","floor":21,"turns":8},{"damage":20,"enemies":"Slavers","floor":24,"turns":6},{"damage":15,"enemies":"Book of Stabbing","floor":28,"turns":7},{"damage":0,"enemies":"Snake Plant","floor":30,"turns":5},{"damage":0,"enemies":"3 Cultists","floor":31,"turns":5},{"damage":29,"enemies":"Collector","floor":33,"turns":8}],"seed_played":"-5544542687553462064","potions_obtained":[{"floor":3,"key":"Ancient Potion"},{"floor":4,"key":"Energy Potion"},{"floor":6,"key":"SkillPotion"},{"floor":16,"key":"Strength Potion"},{"floor":21,"key":"AttackPotion"},{"floor":24,"key":"Weak Potion"},{"floor":28,"key":"SneckoOil"},{"floor":31,"key":"Dexterity Potion"}],"is_trial":false,"path_per_floor":["M","M","M","M","$","E","?","E","T","R","?","R","M","M","R","B",null,"M","M","$","M","?","R","E","R","T","$","E","$","M","M","R","B"],"character_chosen":"THE_SILENT","items_purchased":["Well Laid Plans","Predator","Weak Potion","Backflip","Adrenaline","SpeedPotion"],"campfire_rested":2,"item_purchase_floors":[5,5,20,20,27,27],"current_hp_per_floor":[59,59,59,56,56,46,41,23,23,23,23,23,23,17,17,5,56,51,43,43,36,15,38,18,18,18,18,3,3,3,3,26,0],"gold":90,"neow_bonus":"THREE_ENEMY_KILL","is_prod":false,"is_daily":false,"chose_seed":false,"campfire_upgraded":4,"win_rate":0,"timestamp":1563330244,"path_taken":["M","M","M","M","$","E","?","E","T","R","?","R","?","M","R","BOSS","M","M","?","M","?","R","E","R","T","?","E","$","M","?","R","BOSS"],"build_version":"2019-07-05","purchased_purges":1,"victory":false,"max_hp_per_floor":[66,66,66,66,66,66,73,73,73,73,73,73,73,73,73,73,73,73,73,73,73,78,78,78,78,78,78,78,78,78,78,78,78],"card_choices":[{"not_picked":["Finisher","Slice"],"picked":"Sucker Punch","floor":1},{"not_picked":["Concentrate","Blade Dance"],"picked":"Noxious Fumes","floor":2},{"not_picked":["Calculated Gamble","Blade Dance"],"picked":"Leg Sweep","floor":3},{"not_picked":["Leg Sweep","Flying Knee"],"picked":"Dagger Throw","floor":4},{"not_picked":["Quick Slash","Leg Sweep"],"picked":"Poisoned Stab","floor":6},{"not_picked":["Endless Agony","Sucker Punch"],"picked":"Dodge and Roll","floor":7},{"not_picked":["Calculated Gamble","Backflip"],"picked":"PiercingWail","floor":8},{"not_picked":["Blade Dance","Slice"],"picked":"PiercingWail","floor":13},{"not_picked":["Riddle With Holes","Slice","Underhanded Strike"],"picked":"SKIP","floor":14},{"not_picked":["Bullet Time","Unload"],"picked":"Die Die Die","floor":16},{"not_picked":["Backflip","Calculated Gamble"],"picked":"Catalyst","floor":18},{"not_picked":["Calculated Gamble","Prepared+1"],"picked":"Backflip","floor":19},{"not_picked":["Dagger Throw","Deadly Poison"],"picked":"Backflip","floor":21},{"not_picked":["Endless Agony","Poisoned Stab"],"picked":"Bouncing Flask","floor":24},{"not_picked":["Accuracy","Masterful Stab"],"picked":"Malaise","floor":28},{"not_picked":["Sucker Punch","Concentrate","Quick Slash"],"picked":"SKIP","floor":30},{"not_picked":["Finisher","Flying Knee"],"picked":"Cloak And Dagger","floor":31}],"player_experience":382750,"relics_obtained":[{"floor":6,"key":"Boot"},{"floor":7,"key":"Strawberry"},{"floor":8,"key":"Happy Flower"},{"floor":9,"key":"Anchor"},{"floor":24,"key":"MawBank"},{"floor":26,"key":"Ninja Scroll"},{"floor":28,"key":"Bag of Marbles"}],"event_choices":[{"damage_healed":0,"gold_gain":0,"player_choice":"Searched \u00272\u0027 times","damage_taken":0,"max_hp_gain":0,"max_hp_loss":0,"event_name":"Dead Adventurer","floor":7,"gold_loss":0},{"damage_healed":0,"gold_gain":0,"player_choice":"Cursed","damage_taken":0,"max_hp_gain":0,"max_hp_loss":0,"event_name":"Wheel of Change","floor":11,"gold_loss":0,"cards_obtained":["Decay"]},{"damage_healed":0,"gold_gain":0,"player_choice":"Shed Blood","damage_taken":26,"max_hp_gain":5,"max_hp_loss":0,"event_name":"Forgotten Altar","floor":22,"gold_loss":0}],"is_beta":false,"boss_relics":[{"not_picked":["Lizard Tail","Calling Bell"],"picked":"Velvet Choker"}],"items_purged_floors":[20],"is_endless":false,"potions_floor_spawned":[3,4,6,16,21,24,28,31],"killed_by":"Collector","ascension_level":17}