{"gold_per_floor":[119,194,369,381,18,49,49,64,64,64,77,108,108,124,124,196,196,208,307,307,322,10,39,58,91,91,91,101,111,137,137,137,212,212,226,236,66,66,82,82,108,123,146,146,174,3,15,15],"floor_reached":48,"playtime":1980,"items_purged":["Doubt","Strike_R","Decay"],"score":1105,"play_id":"defa8fa2-2498-4811-8dc6-bf4af443f5d9","local_time":"20190718231835","is_ascension_mode":true,"campfire_choices":[{"data":"Clothesline","floor":7,"key":"SMITH"},{"data":"Bash","floor":10,"key":"SMITH"},{"data":"Offering","floor":15,"key":"SMITH"},{"data":"True Grit","floor":27,"key":"SMITH"},{"floor":32,"key":"REST"},{"data":"True Grit","floor":40,"key":"SMITH"}],"neow_cost":"NONE","seed_source_timestamp":517345958396528,"circlet_count":0,"master_deck":["AscendersBane","Strike_R","Strike_R","Strike_R","Defend_R","Defend_R","Defend_R","Defend_R","Bash+1","Clothesline+1","Heavy Blade","Feel No Pain","Spot Weakness","True Grit+1","Offering+1","Clothesline+1","Juggernaut+1","Cleave+1","Impervious","Rupture+1","True Grit+1","Shockwave+1","Power Through","Feed+1","Metallicize+1","Dark Embrace+1","Corruption+1","Ghostly Armor+1","Feel No Pain+1","Battle Trance","Immolate+1","Body Slam+1","Body Slam+1"],"relics":["Burning Blood","NeowsBlessing","Mummified Hand","Frozen Egg 2","Molten Egg 2","Potion Belt","Mark of Pain","Centennial Puzzle","Blood Vial","Mango","Orichalcum","Pantograph","Question Card","Coffee Dripper","Bottled Flame","Mercury Hourglass"],"potions_floor_usage":[16,21,23,23,25,30,39,48],"damage_taken":[{"damage":0,"enemies":"Small Slimes","floor":1,"turns":1},{"damage":0,"enemies":"2 Louse","floor":4,"turns":1},{"damage":0,"enemies":"Gremlin Nob","floor":6,"turns":1},{"damage":0,"enemies":"Cultist","floor":8,"turns":3},{"damage":6,"enemies":"3 Louse","floor":11,"turns":3},{"damage":31,"enemies":"3 Sentries","floor":12,"turns":8},{"damage":7,"enemies":"Blue Slaver","floor":14,"turns":3},{"damage":40,"enemies":"Hexaghost","floor":16,"turns":10},{"damage":17,"enemies":"Spheric Guardian","floor":18,"turns":3},{"damage":17,"enemies":"Shell Parasite","floor":21,"turns":5},{"damage":6,"enemies":"Book of Stabbing","floor":23,"turns":4},{"damage":24,"enemies":"3 Cultists","floor":24,"turns":4},{"damage":44,"enemies":"Slavers","floor":25,"turns":5},{"damage":10,"enemies":"Shelled Parasite and Fungi","floor":28,"turns":2},{"damage":7,"enemies":"Snecko","floor":29,"turns":3},{"damage":36,"enemies":"Gremlin Leader","floor":30,"turns":7},{"damage":39,"enemies":"Automaton","floor":33,"turns":10},{"damage":31,"enemies":"3 Darklings","floor":35,"turns":4},{"damage":8,"enemies":"Orb Walker","floor":36,"turns":4},{"damage":6,"enemies":"Spire Growth","floor":39,"turns":4},{"damage":9,"enemies":"Giant Head","floor":41,"turns":8},{"damage":6,"enemies":"Transient","floor":42,"turns":5},{"damage":30,"enemies":"Nemesis","floor":45,"turns":7},{"damage":9,"enemies":"Writhing Mass","floor":47,"turns":4},{"damage":44,"enemies":"Reptomancer","floor":48,"turns":4}],"seed_played":"-3357888120107503991","potions_obtained":[{"floor":8,"key":"Weak Potion"},{"floor":11,"key":"Poison Potion"},{"floor":14,"key":"Regen Potion"},{"floor":16,"key":"SpeedPotion"},{"floor":20,"key":"PowerPotion"},{"floor":20,"key":"Regen Potion"},{"floor":23,"key":"Strength Potion"},{"floor":24,"key":"Dexterity Potion"},{"floor":25,"key":"Poison Potion"},{"floor":28,"key":"Energy Potion"},{"floor":29,"key":"BloodPotion"},{"floor":36,"key":"Poison Potion"},{"floor":45,"key":"PowerPotion"}],"is_trial":false,"path_per_floor":["M","?","?","M","$","E","R","M","T","R","M","E","?","M","R","B",null,"M","?","?","M","$","E","M","E","T","R","M","M","E","?","R","B",null,"M","M","$","?","M","R","E","M","T","?","E","$","M","E"],"character_chosen":"IRONCLAD","items_purchased":["Mummified Hand","Feel No Pain","Centennial Puzzle","Impervious","Feel No Pain+1","Body Slam+1"],"campfire_rested":1,"item_purchase_floors":[5,5,22,22,37,46],"current_hp_per_floor":[74,63,63,69,69,75,75,75,75,75,75,50,50,49,49,15,60,49,49,49,38,38,50,34,26,26,26,24,25,19,19,45,39,77,54,54,54,54,60,60,63,65,65,60,42,42,41,0],"gold":15,"neow_bonus":"THREE_ENEMY_KILL","is_prod":false,"is_daily":false,"chose_seed":false,"campfire_upgraded":5,"win_rate":0,"timestamp":1563506315,"path_taken":["M","?","?","M","$","E","R","M","T","R","M","E","?","?","R","BOSS","M","?","?","M","$","E","M","E","T","R","M","?","E","?","R","BOSS","M","M","$","?","M","R","E","?","T","?","E","$","M","E"],"build_version":"2019-07-17","purchased_purges":3,"victory":false,"max_hp_per_floor":[75,75,75,75,75,75,75,75,75,75,75,75,75,75,75,75,75,75,75,75,75,75,75,75,89,89,89,89,89,89,89,89,89,89,89,89,89,89,93,93,97,97,97,97,101,101,101,101],"card_choices":[{"not_picked":["Flex","Warcry"],"picked":"Clothesline","floor":1},{"not_picked":["Iron Wave","Rupture"],"picked":"Heavy Blade","floor":4},{"not_picked":["Dual Wield","Ghostly Armor","Evolve"],"picked":"SKIP","floor":6},{"not_picked":["Metallicize+1","Pummel"],"picked":"Spot Weakness","floor":8},{"not_picked":["Perfected Strike+1","Feel No Pain+1"],"picked":"True Grit","floor":11},{"not_picked":["Anger+1","Fire Breathing+1"],"picked":"Offering","floor":12},{"not_picked":["Body Slam+1","Twin Strike+1"],"picked":"Clothesline+1","floor":14},{"not_picked":["Fiend Fire+1","Berserk+1"],"picked":"Juggernaut+1","floor":16},{"not_picked":["Perfected Strike+1","Iron Wave+1"],"picked":"Cleave+1","floor":18},{"not_picked":["Iron Wave+1","Perfected Strike+1","Hemokinesis+1"],"picked":"SKIP","floor":21},{"not_picked":["Dual Wield","Twin Strike+1"],"picked":"Rupture+1","floor":23},{"not_picked":["Headbutt+1","Perfected Strike+1"],"picked":"True Grit","floor":24},{"not_picked":["Uppercut+1","Iron Wave+1"],"picked":"Shockwave+1","floor":25},{"not_picked":["Dropkick+1","Wild Strike+1"],"picked":"Power Through","floor":28},{"not_picked":["Reckless Charge+1","Wild Strike+1"],"picked":"Feed+1","floor":29},{"not_picked":["Clash+1","Disarm"],"picked":"Metallicize+1","floor":30},{"not_picked":["Fiend Fire+1","Berserk+1","Immolate+1"],"picked":"Dark Embrace+1","floor":33},{"not_picked":["Heavy Blade+1","Spot Weakness","Burning Pact"],"picked":"Corruption+1","floor":35},{"not_picked":["Wild Strike+1","Pommel Strike+1","Twin Strike+1"],"picked":"Ghostly Armor+1","floor":36},{"not_picked":["Cleave+1","Evolve+1","True Grit"],"picked":"Battle Trance","floor":39},{"not_picked":["Heavy Blade+1","Havoc","Dropkick+1"],"picked":"Immolate+1","floor":41},{"not_picked":["Iron Wave+1","Infernal Blade","Pummel+1","Second Wind+1"],"picked":"SKIP","floor":42},{"not_picked":["Shrug It Off","Rupture+1","Perfected Strike+1"],"picked":"Body Slam+1","floor":45},{"not_picked":["Rampage+1","Pummel+1","Sword Boomerang+1","Flex"],"picked":"SKIP","floor":47}],"player_experience":704496,"relics_obtained":[{"floor":6,"key":"Frozen Egg 2"},{"floor":9,"key":"Molten Egg 2"},{"floor":12,"key":"Potion Belt"},{"floor":23,"key":"Blood Vial"},{"floor":25,"key":"Mango"},{"floor":26,"key":"Orichalcum"},{"floor":30,"key":"Pantograph"},{"floor":41,"key":"Bottled Flame"},{"floor":45,"key":"Mercury Hourglass"}],"event_choices":[{"damage_healed":0,"gold_gain":75,"player_choice":"Gather Gold","damage_taken":11,"max_hp_gain":0,"max_hp_loss":0,"event_name":"World of Goop","floor":2,"gold_loss":0},{"damage_healed":0,"gold_gain":175,"player_choice":"AGREE","damage_taken":0,"max_hp_gain":0,"max_hp_loss":0,"event_name":"Liars Game","floor":3,"gold_loss":0,"cards_obtained":["Doubt"]},{"cards_removed":["Strike_R"],"damage_healed":0,"gold_gain":0,"player_choice":"Purged","damage_taken":0,"max_hp_gain":0,"max_hp_loss":0,"event_name":"Purifier","floor":13,"gold_loss":0},{"damage_healed":0,"gold_gain":99,"player_choice":"Stole From Cult","damage_taken":0,"max_hp_gain":0,"max_hp_loss":0,"event_name":"Nest","floor":19,"gold_loss":0},{"damage_healed":0,"gold_gain":0,"player_choice":"Got Potions","damage_taken":0,"max_hp_gain":0,"max_hp_loss":0,"event_name":"Lab","floor":20,"gold_loss":0},{"damage_healed":0,"gold_gain":0,"player_choice":"Opened","damage_taken":0,"relics_obtained":["Question Card"],"max_hp_gain":0,"max_hp_loss":0,"event_name":"The Mausoleum","floor":31,"gold_loss":0},{"damage_healed":0,"gold_gain":0,"player_choice":"Cursed","damage_taken":0,"max_hp_gain":0,"max_hp_loss":0,"event_name":"Wheel of Change","floor":38,"gold_loss":0,"cards_obtained":["Decay"]},{"damage_healed":0,"gold_gain":0,"player_choice":"Memory 2","damage_taken":5,"max_hp_gain":0,"max_hp_loss":0,"event_name":"SensoryStone","floor":44,"gold_loss":0}],"is_beta":false,"boss_relics":[{"not_picked":["Tiny House","Calling Bell"],"picked":"Mark of Pain"},{"not_picked":["Orrery","Black Star"],"picked":"Coffee Dripper"}],"items_purged_floors":[5,37,46],"is_endless":false,"potions_floor_spawned":[8,11,14,16,23,24,25,28,29,36,45,47],"killed_by":"Reptomancer","ascension_level":14}