{"gold_per_floor":[109,4,15,33,33,60,72,115,150,193,170,244,256,287,299,388,400,423,453,491,175,175,175,175,203,203,229,229,239,164,184,184,258,258,269,281,292,292,302,302,331,348,372,390,390,404,429,444,444,444,444,444,444,107,140,140],"floor_reached":57,"playtime":6515,"items_purged":["Strike_R","Defend_R+1"],"score":3219,"play_id":"Baalorlord-f1556aae","local_time":"20190713170431","is_ascension_mode":true,"campfire_choices":[{"data":"Body Slam","floor":7,"key":"SMITH"},{"data":"Barricade","floor":13,"key":"SMITH"},{"data":"Clothesline","floor":15,"key":"SMITH"},{"data":"Battle Trance","floor":23,"key":"SMITH"},{"data":"Feed","floor":28,"key":"SMITH"},{"data":"Bash","floor":32,"key":"PURGE"},{"floor":40,"key":"RECALL"},{"data":"Strike_R+1","floor":45,"key":"PURGE"},{"data":"Power Through","floor":49,"key":"SMITH"},{"data":"Defend_R+1","floor":53,"key":"PURGE"}],"neow_cost":"NONE","seed_source_timestamp":456402632080600,"circlet_count":0,"master_deck":["AscendersBane","Defend_R+1","Defend_R+1","Shrug It Off","Cleave","Body Slam+1","Shrug It Off","Clothesline+1","Headbutt","Barricade+1","Feed+1","Battle Trance+1","Power Through+1","Panache+1","Pummel","Shrug It Off+1","Shrug It Off+1","Shockwave+1","Exhume+1","Inflame+1","Evolve+1","Exhume+1","Headbutt+1","True Grit+1","Ghostly Armor+1","Entrench+1","Second Wind+1","Burning Pact+1","Shrug It Off+1","Disarm+1"],"relics":["Coffee Dripper","MawBank","Boot","Red Skull","Bag of Preparation","Magic Flower","Runic Dome","Red Mask","Incense Burner","Peace Pipe","Toxic Egg 2","Astrolabe","Bronze Scales","Letter Opener","Cauldron","Turnip"],"potions_floor_usage":[6,10,10,12,18,20,25,27,55,56],"damage_taken":[{"damage":0,"enemies":"Cultist","floor":1,"turns":4},{"damage":2,"enemies":"Jaw Worm","floor":3,"turns":3},{"damage":7,"enemies":"Small Slimes","floor":4,"turns":3},{"damage":24,"enemies":"Gremlin Nob","floor":6,"turns":4},{"damage":12,"enemies":"Lagavulin","floor":8,"turns":5},{"damage":2,"enemies":"Gremlin Nob","floor":10,"turns":3},{"damage":15,"enemies":"3 Sentries","floor":12,"turns":4},{"damage":0,"enemies":"Exordium Wildlife","floor":14,"turns":2},{"damage":0,"enemies":"The Guardian","floor":16,"turns":10},{"damage":6,"enemies":"Spheric Guardian","floor":18,"turns":3},{"damage":0,"enemies":"Chosen","floor":19,"turns":5},{"damage":29,"enemies":"Masked Bandits","floor":20,"turns":5},{"damage":0,"enemies":"Book of Stabbing","floor":25,"turns":3},{"damage":0,"enemies":"Slavers","floor":27,"turns":8},{"damage":20,"enemies":"Snecko","floor":29,"turns":7},{"damage":0,"enemies":"Snake Plant","floor":31,"turns":3},{"damage":0,"enemies":"Automaton","floor":33,"turns":11},{"damage":12,"enemies":"3 Darklings","floor":35,"turns":4},{"damage":4,"enemies":"Orb Walker","floor":36,"turns":5},{"damage":0,"enemies":"4 Shapes","floor":37,"turns":6},{"damage":0,"enemies":"3 Darklings","floor":39,"turns":3},{"damage":0,"enemies":"Nemesis","floor":41,"turns":7},{"damage":36,"enemies":"Spire Growth","floor":42,"turns":5},{"damage":4,"enemies":"Maw","floor":44,"turns":13},{"damage":0,"enemies":"Writhing Mass","floor":46,"turns":6},{"damage":0,"enemies":"Giant Head","floor":47,"turns":13},{"damage":0,"enemies":"3 Darklings","floor":48,"turns":8},{"damage":23,"enemies":"Awakened One","floor":50,"turns":14},{"damage":28,"enemies":"Donu and Deca","floor":51,"turns":18},{"damage":32,"enemies":"Shield and Spear","floor":55,"turns":11},{"damage":6,"enemies":"The Heart","floor":56,"turns":8}],"seed_played":"6593746016949569562","potions_obtained":[{"floor":3,"key":"PowerPotion"},{"floor":8,"key":"SkillPotion"},{"floor":10,"key":"PowerPotion"},{"floor":12,"key":"FearPotion"},{"floor":14,"key":"SteroidPotion"},{"floor":18,"key":"Poison Potion"},{"floor":25,"key":"BloodPotion"},{"floor":33,"key":"Weak Potion"},{"floor":37,"key":"FearPotion"},{"floor":48,"key":"BloodPotion"},{"floor":55,"key":"Poison Potion"}],"is_trial":false,"path_per_floor":["M","$","M","M","?","E","R","E","T","E","?","?","R","M","R","B",null,"M","M","?","$","?","R","?","E","T","E","R","M","?","M","R","B",null,"M","M","M","?","M","R","E","M","T","M","R","M","E","M","R","B","B",null,"R","$","E","B",null],"character_chosen":"IRONCLAD","items_purchased":["AttackPotion","Anger","Dexterity Potion","Panache","Shrug It Off+1","Cauldron"],"campfire_rested":0,"item_purchase_floors":[2,2,21,21,54,54],"current_hp_per_floor":[68,68,66,59,64,40,40,28,28,26,46,31,31,31,31,31,68,62,67,43,43,43,43,43,48,48,53,53,39,39,45,45,51,91,85,87,105,105,111,111,117,87,87,89,89,95,101,107,107,96,80,146,146,146,168,162],"gold":140,"neow_bonus":"BOSS_RELIC","is_prod":false,"is_daily":false,"chose_seed":false,"campfire_upgraded":6,"win_rate":0,"timestamp":1563051871,"path_taken":["M","$","?","M","?","E","R","E","T","E","?","?","R","M","R","BOSS","M","M","?","$","?","R","?","E","T","E","R","?","?","M","R","BOSS","M","M","M","?","M","R","E","M","T","M","R","?","E","M","R","BOSS","BOSS","R","$","E","BOSS"],"build_version":"2019-07-05","purchased_purges":2,"victory":true,"max_hp_per_floor":[75,75,75,75,80,80,80,80,80,80,80,80,80,80,80,80,80,80,83,86,86,86,86,86,89,89,92,92,96,96,100,100,104,104,108,112,124,124,128,128,132,136,136,140,140,144,148,152,152,160,168,168,168,168,168,168],"card_choices":[{"not_picked":["Fire Breathing","Body Slam"],"picked":"Shrug It Off","floor":1},{"not_picked":["Infernal Blade","Metallicize"],"picked":"Cleave","floor":3},{"not_picked":["Sword Boomerang","Wild Strike"],"picked":"Body Slam","floor":4},{"not_picked":["Havoc","Infernal Blade"],"picked":"Shrug It Off","floor":6},{"not_picked":["Bloodletting","Thunderclap"],"picked":"Clothesline","floor":8},{"not_picked":["Thunderclap","Perfected Strike"],"picked":"Headbutt","floor":10},{"not_picked":["Seeing Red","Whirlwind"],"picked":"Barricade","floor":12},{"not_picked":["Cleave","Clash","Clothesline"],"picked":"SKIP","floor":14},{"not_picked":["Demon Form","Limit Break"],"picked":"Feed","floor":16},{"not_picked":["True Grit","Second Wind"],"picked":"Battle Trance","floor":18},{"not_picked":["Flex","Twin Strike","Cleave"],"picked":"SKIP","floor":19},{"not_picked":["Dropkick","Heavy Blade"],"picked":"Power Through","floor":20},{"not_picked":["Anger","Pommel Strike"],"picked":"Pummel","floor":25},{"not_picked":["Body Slam","Flex"],"picked":"Shrug It Off","floor":27},{"not_picked":["Combust","Fire Breathing+1"],"picked":"Shrug It Off+1","floor":29},{"not_picked":["Body Slam","Battle Trance+1"],"picked":"Shockwave+1","floor":31},{"not_picked":["Feed","Bludgeon"],"picked":"Exhume+1","floor":33},{"not_picked":["Wild Strike+1","Seeing Red+1"],"picked":"Headbutt+1","floor":35},{"not_picked":["Twin Strike","Rupture"],"picked":"True Grit+1","floor":36},{"not_picked":["Clash","Reckless Charge","Feed"],"picked":"SKIP","floor":37},{"not_picked":["Heavy Blade","Pommel Strike"],"picked":"Ghostly Armor+1","floor":39},{"not_picked":["Flame Barrier+1","Cleave"],"picked":"Entrench+1","floor":41},{"not_picked":["Pommel Strike","Body Slam","Rage+1"],"picked":"SKIP","floor":42},{"not_picked":["Perfected Strike","True Grit+1"],"picked":"Second Wind+1","floor":44},{"not_picked":["Clash","Intimidate+1","Heavy Blade"],"picked":"SKIP","floor":46},{"not_picked":["Ghostly Armor+1","Second Wind+1"],"picked":"Burning Pact+1","floor":47},{"not_picked":["Dual Wield+1","Shockwave+1","Twin Strike"],"picked":"SKIP","floor":48},{"not_picked":["Havoc+1","Perfected Strike"],"picked":"Disarm+1","floor":55}],"player_experience":2262488,"relics_obtained":[{"floor":6,"key":"MawBank"},{"floor":8,"key":"Boot"},{"floor":9,"key":"Red Skull"},{"floor":10,"key":"Bag of Preparation"},{"floor":12,"key":"Magic Flower"},{"floor":20,"key":"Red Mask"},{"floor":25,"key":"Incense Burner"},{"floor":26,"key":"Peace Pipe"},{"floor":27,"key":"Toxic Egg 2"},{"floor":41,"key":"Bronze Scales"},{"floor":47,"key":"Letter Opener"},{"floor":55,"key":"Turnip"}],"event_choices":[{"damage_healed":0,"gold_gain":0,"player_choice":"Donut","damage_taken":0,"max_hp_gain":5,"max_hp_loss":0,"event_name":"Big Fish","floor":5,"gold_loss":0},{"damage_healed":20,"gold_gain":0,"player_choice":"Healed","damage_taken":0,"max_hp_gain":0,"max_hp_loss":0,"event_name":"The Cleric","floor":11,"gold_loss":35},{"damage_healed":0,"gold_gain":0,"player_choice":"Searched \u00271\u0027 times","damage_taken":0,"max_hp_gain":0,"max_hp_loss":0,"event_name":"Dead Adventurer","floor":12,"gold_loss":0},{"damage_healed":0,"gold_gain":0,"player_choice":"Fought Bandits","damage_taken":0,"max_hp_gain":0,"max_hp_loss":0,"event_name":"Masked Bandits","floor":20,"gold_loss":0},{"damage_healed":0,"gold_gain":0,"player_choice":"Simplicity","damage_taken":0,"max_hp_gain":0,"max_hp_loss":0,"event_name":"Back to Basics","floor":22,"gold_loss":0,"cards_upgraded":["Strike_R","Strike_R","Strike_R","Strike_R","Defend_R","Defend_R","Defend_R","Defend_R"]},{"damage_healed":0,"gold_gain":0,"player_choice":"Leave","damage_taken":0,"max_hp_gain":0,"max_hp_loss":0,"event_name":"FaceTrader","floor":24,"gold_loss":0},{"cards_removed":["Strike_R"],"damage_healed":0,"gold_gain":0,"player_choice":"Gave Gold","damage_taken":0,"max_hp_gain":0,"max_hp_loss":0,"event_name":"Beggar","floor":30,"gold_loss":75},{"damage_healed":0,"gold_gain":0,"player_choice":"Upgraded","damage_taken":0,"max_hp_gain":0,"max_hp_loss":0,"event_name":"Upgrade Shrine","floor":38,"gold_loss":0,"cards_upgraded":["Panache"]}],"is_beta":false,"boss_relics":[{"not_picked":["Sozu","Mark of Pain"],"picked":"Runic Dome"},{"not_picked":["Empty Cage","Black Star"],"picked":"Astrolabe"}],"items_purged_floors":[21,54],"is_endless":false,"potions_floor_spawned":[3,8,10,12,14,16,18,25,33,35,37,44,48,55],"ascension_level":20}