{"gold_per_floor":[364,380,49,49,59,86,111,111,111,111,111,174,192,211,211,211],"floor_reached":16,"playtime":593,"items_purged":[],"score":105,"play_id":"3da23e63-b623-4089-a09d-8aba7fc7562b","local_time":"20190731142159","is_ascension_mode":true,"campfire_choices":[{"data":"Zap","floor":8.0,"key":"SMITH"},{"data":"Redo","floor":15.0,"key":"SMITH"}],"neow_cost":"TEN_PERCENT_HP_LOSS","seed_source_timestamp":6313876943012,"circlet_count":0,"master_deck":["Strike_B","Strike_B","Strike_B","Defend_B","Defend_B","Defend_B","Defend_B","Zap+1","Dualcast","Scrape","Redo+1","Beam Cell","Steam","Gash"],"special_seed":0,"relics":["Cracked Core","Gremlin Horn","CultistMask","Dream Catcher","Smiling Mask","Blue Candle","Kunai"],"potions_floor_usage":[16],"damage_taken":[{"damage":1.0,"enemies":"Jaw Worm","floor":1.0,"turns":3.0},{"damage":0.0,"enemies":"Cultist","floor":2.0,"turns":3.0},{"damage":1.0,"enemies":"2 Louse","floor":5.0,"turns":2.0},{"damage":17.0,"enemies":"3 Sentries","floor":6.0,"turns":5.0},{"damage":24.0,"enemies":"Lagavulin Event","floor":12.0,"turns":5.0},{"damage":0.0,"enemies":"Looter","floor":13.0,"turns":3.0},{"damage":0.0,"enemies":"Exordium Thugs","floor":14.0,"turns":4.0},{"damage":40,"enemies":"The Guardian","floor":16,"turns":7}],"seed_played":"6199079958804802593","potions_obtained":[{"floor":1.0,"key":"Explosive Potion"},{"floor":2.0,"key":"Strength Potion"},{"floor":12.0,"key":"Poison Potion"}],"is_trial":false,"path_per_floor":["M","M","$","?","M","E","T","R","T","?","?","?","M","M","R","B"],"character_chosen":"DEFECT","items_purchased":["Redo","Beam Cell","Gremlin Horn"],"campfire_rested":0,"item_purchase_floors":[3,3,3],"current_hp_per_floor":[67,67,67,67,66,49,49,49,49,68,61,37,37,37,37,0],"gold":211,"neow_bonus":"TWO_FIFTY_GOLD","is_prod":false,"is_daily":false,"chose_seed":false,"campfire_upgraded":2,"win_rate":0,"timestamp":1564561319,"path_taken":["M","M","$","?","?","E","?","R","T","?","?","?","M","M","R","BOSS"],"build_version":"2019-07-17","purchased_purges":0,"victory":false,"max_hp_per_floor":[68,68,68,68,68,68,68,68,68,68,68,68,68,68,68,68],"card_choices":[{"not_picked":["Defragment","Compile Driver"],"picked":"Scrape","floor":1.0},{"not_picked":["Genetic Algorithm","Auto Shields","Capacitor"],"picked":"SKIP","floor":2.0},{"not_picked":["Tempest","Consume","Compile Driver"],"picked":"SKIP","floor":5.0},{"not_picked":["Cold Snap","Aggregate","Rip and Tear"],"picked":"SKIP","floor":6.0},{"not_picked":["Cold Snap","Aggregate","Rip and Tear"],"picked":"SKIP","floor":6.0},{"not_picked":["Conserve Battery","Fission"],"picked":"Steam","floor":12.0},{"not_picked":["Capacitor","Lockon"],"picked":"Gash","floor":13.0},{"not_picked":["Hello World","Stack","Sweeping Beam"],"picked":"SKIP","floor":14.0}],"player_experience":1607118,"relics_obtained":[{"floor":6.0,"key":"Dream Catcher"},{"floor":7.0,"key":"Smiling Mask"},{"floor":9.0,"key":"Blue Candle"},{"floor":12.0,"key":"Kunai"}],"event_choices":[{"damage_healed":0.0,"max_hp_gain":0.0,"max_hp_loss":0.0,"gold_gain":0.0,"event_name":"FaceTrader","player_choice":"Trade","floor":4.0,"gold_loss":0.0,"damage_taken":0.0,"relics_obtained":["CultistMask"]},{"damage_healed":22.0,"max_hp_gain":0.0,"max_hp_loss":0.0,"gold_gain":0.0,"event_name":"Big Fish","player_choice":"Banana","floor":10.0,"gold_loss":0.0,"damage_taken":0.0},{"cards_removed":["Strike_B"],"damage_healed":0.0,"max_hp_gain":0.0,"max_hp_loss":0.0,"gold_gain":0.0,"event_name":"Golden Wing","player_choice":"Card Removal","floor":11.0,"gold_loss":0.0,"damage_taken":7.0},{"damage_healed":0.0,"max_hp_gain":0.0,"max_hp_loss":0.0,"gold_gain":0.0,"event_name":"Dead Adventurer","player_choice":"Searched \u00272\u0027 times","floor":12.0,"gold_loss":0.0,"damage_taken":0.0}],"is_beta":false,"boss_relics":[],"items_purged_floors":[],"is_endless":false,"potions_floor_spawned":[1,2,12],"killed_by":"The Guardian","ascension_level":1}