{"gold_per_floor":[216,216,240,190,215,215,249,249,331,331,349,274,297,332,332,461,461,474,300,316,415,251,251,275,36,36,50,50,50,69,100,100,202,252,262,172,192,203,220,220,234,234,234,234,266,57,77,90,90,90],"floor_reached":50,"playtime":3481,"items_purged":["Strike_G","Defend_G","Strike_G","Defend_G"],"score":605,"play_id":"95240ffb-fb7b-41e5-b2f6-37d385d162dd","local_time":"20190816112411","is_ascension_mode":true,"campfire_choices":[{"data":"Neutralize","floor":6,"key":"SMITH"},{"data":"Backflip","floor":8,"key":"SMITH"},{"data":"Backflip","floor":10,"key":"SMITH"},{"floor":15,"key":"REST"},{"data":"Leg Sweep","floor":23,"key":"SMITH"},{"floor":29,"key":"REST"},{"floor":32,"key":"REST"},{"data":"Deadly Poison","floor":40,"key":"SMITH"},{"data":"Bouncing Flask","floor":42,"key":"SMITH"},{"data":"Adrenaline","floor":44,"key":"SMITH"},{"floor":49,"key":"REST"}],"neow_cost":"NONE","seed_source_timestamp":5915336633433,"circlet_count":0,"master_deck":["Strike_G","Strike_G","Defend_G","Defend_G","Survivor","Neutralize+1","Backflip+1","Backflip+1","Die Die Die","Flechettes","Bouncing Flask+1","Poisoned Stab","Adrenaline+1","Deflect","Footwork+1","Deflect","Leg Sweep+1","Deadly Poison+1","Footwork","Predator","Doppelganger+1","Bane+1","Deadly Poison+1","Crippling Poison+1","Noxious Fumes+1","Deflect+1","Acrobatics+1","Adrenaline","Dodge and Roll"],"relics":["Ring of the Snake","Bloody Idol","Bag of Marbles","Gremlin Horn","Potion Belt","Runic Dome","Pantograph","Frozen Egg 2","Tiny House","Kunai","Girya","Strange Spoon"],"potions_floor_usage":[11,14,14,16,16,31,31,38,50,50,50,50,50,50],"damage_taken":[{"damage":0,"enemies":"2 Louse","floor":1,"turns":3},{"damage":0,"enemies":"Small Slimes","floor":3,"turns":3},{"damage":0,"enemies":"Jaw Worm","floor":5,"turns":5},{"damage":24,"enemies":"3 Sentries","floor":7,"turns":17},{"damage":0,"enemies":"Lots of Slimes","floor":11,"turns":3},{"damage":0,"enemies":"2 Fungi Beasts","floor":13,"turns":2},{"damage":7,"enemies":"Lagavulin","floor":14,"turns":5},{"damage":16,"enemies":"Hexaghost","floor":16,"turns":9},{"damage":8,"enemies":"Shell Parasite","floor":18,"turns":4},{"damage":0,"enemies":"Chosen","floor":20,"turns":4},{"damage":2,"enemies":"Centurion and Healer","floor":24,"turns":12},{"damage":18,"enemies":"Snake Plant","floor":27,"turns":4},{"damage":16,"enemies":"3 Cultists","floor":30,"turns":6},{"damage":19,"enemies":"Book of Stabbing","floor":31,"turns":7},{"damage":45,"enemies":"Automaton","floor":33,"turns":15},{"damage":0,"enemies":"Orb Walker","floor":35,"turns":3},{"damage":31,"enemies":"3 Darklings","floor":37,"turns":6},{"damage":3,"enemies":"Spire Growth","floor":38,"turns":5},{"damage":12,"enemies":"Transient","floor":39,"turns":5},{"damage":0,"enemies":"3 Darklings","floor":41,"turns":5},{"damage":29,"enemies":"Nemesis","floor":45,"turns":8},{"damage":0,"enemies":"Sphere and 2 Shapes","floor":47,"turns":3},{"damage":0,"enemies":"Jaw Worm Horde","floor":48,"turns":5},{"damage":102,"enemies":"Time Eater","floor":50,"turns":11}],"seed_played":"-8907772122790050272","potions_obtained":[{"floor":7,"key":"EntropicBrew"},{"floor":13,"key":"Fire Potion"},{"floor":18,"key":"Swift Potion"},{"floor":31,"key":"GamblersBrew"},{"floor":34,"key":"GhostInAJar"},{"floor":35,"key":"EntropicBrew"},{"floor":39,"key":"Poison Potion"},{"floor":47,"key":"AttackPotion"}],"is_trial":false,"path_per_floor":["M","?","M","?","M","R","E","R","T","R","M","$","M","E","R","B",null,"M","$","M","?","$","R","M","$","T","M","?","R","M","E","R","B",null,"M","?","M","M","M","R","M","R","T","R","E","$","M","M","R","B"],"character_chosen":"THE_SILENT","items_purchased":["Footwork","Leg Sweep","Deadly Poison","Footwork","Strange Spoon"],"campfire_rested":4,"item_purchase_floors":[19,22,25,25,46],"current_hp_per_floor":[70,65,65,65,65,65,41,41,41,41,41,41,41,34,53,37,65,57,57,57,57,57,57,55,55,55,37,37,56,45,31,50,25,70,70,70,44,60,53,53,58,58,58,58,34,34,39,44,65,0],"gold":90,"neow_bonus":"HUNDRED_GOLD","is_prod":false,"is_daily":false,"chose_seed":false,"campfire_upgraded":7,"win_rate":0,"timestamp":1565979851,"path_taken":["M","?","M","?","M","R","E","R","T","R","M","$","M","E","R","BOSS","M","$","M","?","$","R","M","$","T","M","?","R","M","E","R","BOSS","M","?","M","M","?","R","M","R","T","R","E","$","M","M","R","BOSS"],"build_version":"2019-07-17","purchased_purges":4,"victory":false,"max_hp_per_floor":[70,65,65,65,65,65,65,65,65,65,65,65,65,65,65,65,65,65,65,65,65,65,65,65,65,65,65,65,65,65,65,65,65,70,70,70,70,70,70,70,70,70,70,70,70,70,70,70,70,70],"card_choices":[{"not_picked":["Flying Knee","Prepared"],"picked":"Backflip","floor":1},{"not_picked":["Flying Knee","Sucker Punch","PiercingWail"],"picked":"SKIP","floor":3},{"not_picked":["Sucker Punch","Slice"],"picked":"Backflip","floor":5},{"not_picked":["Dodge and Roll","Bane"],"picked":"Die Die Die","floor":7},{"not_picked":["Prepared","Eviscerate"],"picked":"Flechettes","floor":11},{"not_picked":["Slice","PiercingWail"],"picked":"Bouncing Flask","floor":13},{"not_picked":["Expertise","Choke"],"picked":"Poisoned Stab","floor":14},{"not_picked":["Unload","Wraith Form v2"],"picked":"Adrenaline","floor":16},{"not_picked":["Slice","Riddle With Holes"],"picked":"Deflect","floor":18},{"not_picked":["Sucker Punch+1","Bane"],"picked":"Deflect","floor":20},{"not_picked":["Sucker Punch","Flechettes","Riddle With Holes+1"],"picked":"SKIP","floor":24},{"not_picked":["Accuracy+1","Cloak And Dagger","Dagger Throw"],"picked":"SKIP","floor":27},{"not_picked":["Backflip+1","Concentrate"],"picked":"Predator","floor":30},{"not_picked":["Predator","Infinite Blades+1"],"picked":"Doppelganger","floor":31},{"not_picked":["Finisher","Dash"],"picked":"Bane+1","floor":34},{"not_picked":["Bouncing Flask+1","Underhanded Strike"],"picked":"Deadly Poison+1","floor":35},{"not_picked":["Calculated Gamble","PiercingWail+1"],"picked":"Crippling Poison+1","floor":37},{"not_picked":["Underhanded Strike","Blur+1"],"picked":"Noxious Fumes+1","floor":38},{"not_picked":["Leg Sweep","Backflip+1"],"picked":"Deflect+1","floor":39},{"not_picked":["Flying Knee","Sucker Punch"],"picked":"Acrobatics+1","floor":41},{"not_picked":["Dagger Throw+1","Accuracy+1"],"picked":"Adrenaline","floor":45},{"not_picked":["Quick Slash+1","Slice+1","Prepared"],"picked":"SKIP","floor":47},{"not_picked":["Prepared+1","Deflect"],"picked":"Dodge and Roll","floor":48}],"player_experience":396116,"relics_obtained":[{"floor":7,"key":"Bag of Marbles"},{"floor":9,"key":"Gremlin Horn"},{"floor":14,"key":"Potion Belt"},{"floor":26,"key":"Pantograph"},{"floor":31,"key":"Frozen Egg 2"},{"floor":43,"key":"Kunai"},{"floor":45,"key":"Girya"}],"event_choices":[{"damage_healed":0,"gold_gain":0,"player_choice":"Lose Max HP","damage_taken":0,"relics_obtained":["Golden Idol"],"max_hp_gain":0,"max_hp_loss":5,"event_name":"Golden Idol","floor":2,"gold_loss":0},{"cards_removed":["Strike_G"],"damage_healed":0,"gold_gain":0,"player_choice":"Card Removal","damage_taken":0,"max_hp_gain":0,"max_hp_loss":0,"event_name":"The Cleric","floor":4,"gold_loss":50},{"damage_healed":0,"gold_gain":99,"player_choice":"Stole From Cult","damage_taken":0,"max_hp_gain":0,"max_hp_loss":0,"event_name":"Nest","floor":21,"gold_loss":0},{"damage_healed":0,"gold_gain":0,"player_choice":"Gave Idol","damage_taken":0,"relics_obtained":["Bloody Idol"],"max_hp_gain":0,"max_hp_loss":0,"event_name":"Forgotten Altar","floor":28,"relics_lost":["Golden Idol"],"gold_loss":0},{"cards_removed":["Defend_G"],"damage_healed":0,"gold_gain":0,"player_choice":"Upgrade and Remove","damage_taken":0,"max_hp_gain":0,"max_hp_loss":0,"event_name":"Designer","floor":36,"gold_loss":90,"cards_upgraded":["Doppelganger"]}],"is_beta":false,"boss_relics":[{"not_picked":["Fusion Hammer","Coffee Dripper"],"picked":"Runic Dome"},{"not_picked":["Ring of the Serpent","Lizard Tail"],"picked":"Tiny House"}],"items_purged_floors":[12,19,22,25],"is_endless":false,"potions_floor_spawned":[7,13,18,20,31,35,39,41,47,48],"killed_by":"Time Eater","ascension_level":4}