{"gold_per_floor":[112,44,55,55,65,100,118,135,135,135,60,60,60,89,89,189,189,209,223,234,253,21,21,36,36,36,56,56,76,175,175,175,175],"floor_reached":33,"playtime":1148,"items_purged":["Strike_B","Defend_B"],"score":297,"play_id":"076204ed-2651-401a-a057-5a31ff71bfe5","local_time":"20190815135602","is_ascension_mode":true,"campfire_choices":[{"data":"Scrape","floor":10,"key":"SMITH"},{"data":"FTL","floor":12,"key":"SMITH"},{"data":"Go for the Eyes","floor":15,"key":"SMITH"},{"data":"Zap","floor":23,"key":"SMITH"},{"floor":25,"key":"REST"},{"floor":28,"key":"REST"},{"data":"Gash","floor":32,"key":"SMITH"}],"neow_cost":"NONE","seed_source_timestamp":1301228897481639,"circlet_count":0,"master_deck":["Defend_B","Defend_B","Defend_B","Zap+1","Dualcast","Gash+1","FTL+1","Go for the Eyes+1","Cold Snap","Cold Snap","Scrape+1","Static Discharge","Core Surge","Hologram+1","Beam Cell","Recycle+1","FTL","Good Instincts+1","Flash of Steel","Steam+1","Bite","Bite","Bite","Bite","Bite"],"relics":["Runic Dome","Dodecahedron","Toxic Egg 2","The Courier","Black Star","Sundial"],"potions_floor_usage":[6,21,24,24],"damage_taken":[{"damage":1,"enemies":"Cultist","floor":1,"turns":4},{"damage":0,"enemies":"Small Slimes","floor":3,"turns":4},{"damage":4,"enemies":"Jaw Worm","floor":5,"turns":3},{"damage":1,"enemies":"Lagavulin","floor":6,"turns":8},{"damage":2,"enemies":"3 Louse","floor":7,"turns":4},{"damage":2,"enemies":"Blue Slaver","floor":8,"turns":3},{"damage":6,"enemies":"Gremlin Nob","floor":14,"turns":4},{"damage":13,"enemies":"Hexaghost","floor":16,"turns":9},{"damage":9,"enemies":"Shell Parasite","floor":18,"turns":4},{"damage":18,"enemies":"2 Thieves","floor":19,"turns":3},{"damage":10,"enemies":"Centurion and Healer","floor":20,"turns":6},{"damage":20,"enemies":"3 Cultists","floor":21,"turns":5},{"damage":14,"enemies":"Snake Plant","floor":24,"turns":4},{"damage":13,"enemies":"Cultist and Chosen","floor":27,"turns":5},{"damage":7,"enemies":"Snecko","floor":29,"turns":5},{"damage":49,"enemies":"Champ","floor":33,"turns":7}],"seed_played":"-6113603450282242979","potions_obtained":[{"floor":1,"key":"PowerPotion"},{"floor":5,"key":"FocusPotion"},{"floor":6,"key":"Explosive Potion"},{"floor":8,"key":"Ancient Potion"},{"floor":14,"key":"Swift Potion"},{"floor":24,"key":"Explosive Potion"}],"is_trial":false,"path_per_floor":["M","$","M","?","M","E","M","M","T","R","$","R","$","E","R","B",null,"M","M","M","M","$","R","M","R","T","M","R","M","?","?","R","B"],"character_chosen":"DEFECT","items_purchased":["FTL","Good Instincts+1","Flash of Steel"],"campfire_rested":2,"item_purchase_floors":[2,22,22],"current_hp_per_floor":[74,74,74,74,70,69,67,65,65,65,65,65,65,59,59,46,75,66,48,38,18,18,18,4,26,26,13,35,28,28,28,28,0],"gold":175,"neow_bonus":"BOSS_RELIC","is_prod":false,"is_daily":false,"chose_seed":false,"campfire_upgraded":5,"win_rate":0,"timestamp":1565855762,"path_taken":["M","$","?","?","M","E","M","M","T","R","$","R","?","E","R","BOSS","M","?","M","M","$","R","M","R","T","M","R","M","?","?","R","BOSS"],"build_version":"2019-07-17","purchased_purges":2,"victory":false,"max_hp_per_floor":[75,75,75,75,75,75,75,75,75,75,75,75,75,75,75,75,75,75,75,75,75,75,75,75,75,75,75,75,75,75,52,52,52],"card_choices":[{"not_picked":["Loop","Redo"],"picked":"Gash","floor":1},{"not_picked":["Sweeping Beam","Static Discharge"],"picked":"Go for the Eyes","floor":3},{"not_picked":["Compile Driver","FTL"],"picked":"Cold Snap","floor":5},{"not_picked":["Double Energy","Rainbow","Leap"],"picked":"SKIP","floor":6},{"not_picked":["Beam Cell","Steam Power"],"picked":"Scrape","floor":7},{"not_picked":["Heatsinks","Melter"],"picked":"Static Discharge","floor":8},{"not_picked":["Rainbow+1","Barrage","Self Repair"],"picked":"SKIP","floor":14},{"not_picked":["Electrodynamics","Buffer"],"picked":"Core Surge","floor":16},{"not_picked":["Barrage+1","Skim+1"],"picked":"Hologram+1","floor":18},{"not_picked":["Ball Lightning","Conserve Battery+1"],"picked":"Beam Cell","floor":19},{"not_picked":["Static Discharge","Scrape"],"picked":"Recycle+1","floor":20},{"not_picked":["Lockon+1","Rebound"],"picked":"FTL","floor":21},{"not_picked":["Darkness+1","Capacitor+1","Conserve Battery+1"],"picked":"SKIP","floor":24},{"not_picked":["Barrage+1","Cold Snap"],"picked":"Steam+1","floor":27},{"not_picked":["Rebound","Ball Lightning","Cold Snap"],"picked":"SKIP","floor":29}],"player_experience":1637080,"relics_obtained":[{"floor":6,"key":"Dodecahedron"},{"floor":9,"key":"Toxic Egg 2"},{"floor":14,"key":"The Courier"},{"floor":26,"key":"Sundial"}],"event_choices":[{"damage_healed":0,"gold_gain":0,"player_choice":"1 cards matched","damage_taken":0,"max_hp_gain":0,"max_hp_loss":0,"event_name":"Match and Keep!","floor":4,"gold_loss":0,"cards_obtained":["Cold Snap"]},{"damage_healed":0,"gold_gain":99,"player_choice":"Stole From Cult","damage_taken":0,"max_hp_gain":0,"max_hp_loss":0,"event_name":"Nest","floor":30,"gold_loss":0},{"damage_healed":0,"gold_gain":0,"player_choice":"Became a vampire","damage_taken":0,"max_hp_gain":0,"max_hp_loss":23,"event_name":"Vampires","floor":31,"gold_loss":0,"cards_obtained":["Bite","Bite","Bite","Bite","Bite"]}],"is_beta":false,"boss_relics":[{"not_picked":["Lizard Tail","Snecko Eye"],"picked":"Black Star"}],"items_purged_floors":[11,22],"is_endless":false,"potions_floor_spawned":[1,5,6,8,14,18,20,24],"killed_by":"Champ","ascension_level":1}