{"gold_per_floor":[112,112,187,200,220,220,255,255,279,279,299,333,333,345,345,447,447,462,476,237,237,252,279,299,299,299,214,214],"floor_reached":28,"playtime":2321,"items_purged":["Gash"],"score":298,"play_id":"38a376ea-1d21-4940-8201-c15e0553fbb0","local_time":"20190316151926","is_ascension_mode":true,"campfire_choices":[{"data":"Zap","floor":6,"key":"SMITH"},{"floor":8,"key":"REST"},{"floor":13,"key":"REST"},{"floor":15,"key":"REST"},{"floor":25,"key":"REST"}],"neow_cost":"NONE","seed_source_timestamp":304443454313397,"circlet_count":0,"master_deck":["Defend_B","Defend_B","Defend_B+1","Defend_B","Zap+1","Dualcast","Thunder Strike","Ball Lightning","Defragment","Ball Lightning+1","Cold Snap","Self Repair","Heatsinks","Creative AI","Compile Driver+1","Barrage+1","Cold Snap+1","Static Discharge","Sweeping Beam","Glacier","Coolheaded","Heatsinks","Leap","Leap","Steam"],"relics":["Cracked Core","Art of War","PreservedInsect","Boot","Astrolabe","Happy Flower","Bottled Tornado","FossilizedHelix"],"potions_floor_usage":[12,23,28],"damage_taken":[{"damage":4,"enemies":"Jaw Worm","floor":1,"turns":4},{"damage":1,"enemies":"2 Louse","floor":4,"turns":3},{"damage":6,"enemies":"Cultist","floor":5,"turns":4},{"damage":35,"enemies":"Lagavulin","floor":7,"turns":4},{"damage":5,"enemies":"Exordium Wildlife","floor":11,"turns":2},{"damage":7,"enemies":"3 Sentries","floor":12,"turns":4},{"damage":8,"enemies":"Exordium Thugs","floor":14,"turns":4},{"damage":24,"enemies":"The Guardian","floor":16,"turns":10},{"damage":12,"enemies":"Chosen","floor":18,"turns":3},{"damage":35,"enemies":"Shell Parasite","floor":19,"turns":5},{"damage":13,"enemies":"Snecko","floor":22,"turns":6},{"damage":42,"enemies":"Gremlin Leader","floor":23,"turns":8},{"damage":22,"enemies":"Snake Plant","floor":24,"turns":5},{"damage":26,"enemies":"Slavers","floor":28,"turns":2}],"seed_played":"3338271269886355696","potions_obtained":[{"floor":4,"key":"GamblersBrew"},{"floor":7,"key":"Swift Potion"},{"floor":11,"key":"FearPotion"},{"floor":12,"key":"EssenceOfSteel"},{"floor":18,"key":"FocusPotion"},{"floor":24,"key":"GamblersBrew"}],"is_trial":false,"path_per_floor":["M","?","?","M","M","R","E","R","T","?","M","E","R","M","R","B",null,"M","M","$","?","M","E","M","R","T","?","E"],"character_chosen":"DEFECT","items_purchased":["Glacier","Coolheaded","Heatsinks"],"campfire_rested":4,"item_purchase_floors":[20,20,20],"current_hp_per_floor":[71,64,53,52,46,46,11,33,33,18,13,13,35,27,49,32,75,70,42,42,67,61,26,4,26,26,26,0],"gold":214,"neow_bonus":"ONE_RANDOM_RARE_CARD","is_prod":false,"is_daily":false,"chose_seed":false,"campfire_upgraded":1,"win_rate":0,"timestamp":1552763966,"path_taken":["M","?","?","M","M","R","E","R","T","?","M","E","R","M","R","BOSS","M","M","$","?","M","E","M","R","T","?","E"],"build_version":"2019-01-23","purchased_purges":1,"victory":false,"max_hp_per_floor":[75,75,75,75,75,75,75,75,75,75,75,75,75,75,75,75,75,75,75,75,75,75,75,75,75,75,75,75],"card_choices":[{"not_picked":["Beam Cell","Self Repair"],"picked":"Ball Lightning","floor":1},{"not_picked":["Lockon","Chaos"],"picked":"Defragment","floor":4},{"not_picked":["Doom and Gloom","Gash"],"picked":"Ball Lightning","floor":5},{"not_picked":["Streamline","Recycle"],"picked":"Cold Snap","floor":7},{"not_picked":["FTL","Stack"],"picked":"Self Repair","floor":11},{"not_picked":["Double Energy","Ball Lightning"],"picked":"Heatsinks","floor":12},{"not_picked":["Meteor Strike","Go for the Eyes"],"picked":"Gash","floor":14},{"not_picked":["Fission","Core Surge"],"picked":"Creative AI","floor":16},{"not_picked":["Cold Snap+1","Coolheaded"],"picked":"Static Discharge","floor":18},{"not_picked":["Reprogram","Rebound"],"picked":"Sweeping Beam","floor":19},{"not_picked":["Fusion","Go for the Eyes"],"picked":"Leap","floor":22},{"not_picked":["Sweeping Beam","Blizzard"],"picked":"Leap","floor":23},{"not_picked":["Stack","Barrage"],"picked":"Steam","floor":24}],"player_experience":331714,"relics_obtained":[{"floor":7,"key":"Art of War"},{"floor":9,"key":"PreservedInsect"},{"floor":12,"key":"Boot"},{"floor":23,"key":"Happy Flower"},{"floor":26,"key":"Bottled Tornado"}],"event_choices":[{"cards_removed":["Strike_B"],"damage_healed":0,"gold_gain":0,"player_choice":"Card Removal","damage_taken":7,"max_hp_gain":0,"max_hp_loss":0,"event_name":"Golden Wing","floor":2,"gold_loss":0},{"damage_healed":0,"gold_gain":75,"player_choice":"Gather Gold","damage_taken":11,"max_hp_gain":0,"max_hp_loss":0,"event_name":"World of Goop","floor":3,"gold_loss":0},{"damage_healed":0,"gold_gain":0,"player_choice":"Entered Light","damage_taken":15,"max_hp_gain":0,"max_hp_loss":0,"event_name":"Shining Light","floor":10,"gold_loss":0,"cards_upgraded":["Defend_B","Ball Lightning"]},{"damage_healed":25,"gold_gain":0,"player_choice":"Heal","damage_taken":0,"max_hp_gain":0,"max_hp_loss":0,"event_name":"The Library","floor":21,"gold_loss":0},{"damage_healed":0,"gold_gain":0,"player_choice":"Obtained Relic","damage_taken":0,"relics_obtained":["FossilizedHelix"],"max_hp_gain":0,"max_hp_loss":0,"event_name":"Addict","floor":27,"gold_loss":85}],"is_beta":false,"boss_relics":[{"not_picked":["Runic Pyramid","Busted Crown"],"picked":"Astrolabe"}],"items_purged_floors":[20],"is_endless":false,"potions_floor_spawned":[4,7,11,12,18,24],"killed_by":"Slavers","ascension_level":4}