{"gold_per_floor":[116,130,142,160,18,51,70,70,97,110,110,140,171,171,171,266,266,279,292,304,229,229,229,229],"floor_reached":24,"playtime":1046,"items_purged":[],"score":250,"play_id":"60259b7d-b641-403e-9f40-fc919ae2faf5","local_time":"20190607123729","is_ascension_mode":true,"campfire_choices":[{"data":"Hyperbeam","floor":8,"key":"SMITH"},{"data":"Tempest","floor":11,"key":"SMITH"},{"data":"Buffer","floor":15,"key":"SMITH"},{"data":"Biased Cognition","floor":23,"key":"SMITH"}],"neow_cost":"NONE","seed_source_timestamp":2362281468724,"circlet_count":0,"master_deck":["Strike_B","Strike_B","Strike_B","Defend_B","Defend_B","Defend_B","Defend_B","Zap","Dualcast","Conserve Battery","Steam","Melter","Cold Snap","Buffer+1","Cold Snap","Hyperbeam+1","Tempest+1","Machine Learning","Biased Cognition+1","Go for the Eyes","Ball Lightning","Blizzard"],"relics":["Cracked Core","Art of War","Lantern","DataDisk","Strawberry","Symbiotic Virus","Inserter"],"potions_floor_usage":[6,7,19,24,24],"damage_taken":[{"damage":6,"enemies":"2 Louse","floor":1,"turns":3},{"damage":1,"enemies":"Jaw Worm","floor":2,"turns":4},{"damage":0,"enemies":"Small Slimes","floor":3,"turns":4},{"damage":0,"enemies":"2 Fungi Beasts","floor":4,"turns":4},{"damage":8,"enemies":"3 Sentries","floor":6,"turns":5},{"damage":1,"enemies":"Exordium Thugs","floor":7,"turns":4},{"damage":0,"enemies":"3 Louse","floor":10,"turns":1},{"damage":7,"enemies":"Lagavulin","floor":13,"turns":4},{"damage":16,"enemies":"The Guardian","floor":16,"turns":11},{"damage":0,"enemies":"Chosen","floor":18,"turns":6},{"damage":19,"enemies":"Shell Parasite","floor":19,"turns":5},{"damage":21,"enemies":"Snake Plant","floor":20,"turns":3},{"damage":50,"enemies":"Gremlin Leader","floor":24,"turns":6}],"seed_played":"5046037055158201846","potions_obtained":[{"floor":2,"key":"SmokeBomb"},{"floor":3,"key":"AttackPotion"},{"floor":6,"key":"Fire Potion"},{"floor":16,"key":"Swift Potion"},{"floor":19,"key":"AttackPotion"},{"floor":20,"key":"Energy Potion"}],"is_trial":false,"path_per_floor":["M","M","M","M","$","E","M","R","T","M","R","?","E","?","R","B",null,"M","M","M","?","?","R","E"],"character_chosen":"DEFECT","items_purchased":["Buffer"],"campfire_rested":0,"item_purchase_floors":[5],"current_hp_per_floor":[76,75,75,75,75,67,66,66,66,66,66,66,66,66,66,50,89,89,70,49,49,49,49,0],"gold":229,"neow_bonus":"TEN_PERCENT_HP_BONUS","is_prod":false,"is_daily":false,"chose_seed":false,"campfire_upgraded":4,"win_rate":0,"timestamp":1559929049,"path_taken":["M","M","M","M","$","E","M","R","T","M","R","?","E","?","R","BOSS","M","M","M","?","?","R","E"],"build_version":"2019-01-23","purchased_purges":0,"victory":false,"max_hp_per_floor":[82,82,82,82,82,82,82,82,82,82,82,82,89,89,89,89,89,89,89,89,89,89,89,89],"card_choices":[{"not_picked":["Compile Driver","Sweeping Beam"],"picked":"Conserve Battery","floor":1},{"not_picked":["Redo","Coolheaded"],"picked":"Steam","floor":2},{"not_picked":["Fusion","Go for the Eyes"],"picked":"Melter","floor":3},{"not_picked":["Darkness","Heatsinks"],"picked":"Cold Snap","floor":4},{"not_picked":["Stack","Undo"],"picked":"Cold Snap","floor":6},{"not_picked":["Streamline","Barrage"],"picked":"Hyperbeam","floor":7},{"not_picked":["Coolheaded","Go for the Eyes"],"picked":"Tempest","floor":10},{"not_picked":["Static Discharge","Auto Shields"],"picked":"Machine Learning","floor":13},{"not_picked":["Machine Learning","Buffer"],"picked":"Biased Cognition","floor":16},{"not_picked":["Coolheaded","Hologram"],"picked":"Go for the Eyes","floor":18},{"not_picked":["Genetic Algorithm","Redo"],"picked":"Ball Lightning","floor":19},{"not_picked":["Turbo+1","Scrape+1"],"picked":"Blizzard","floor":20}],"player_experience":115255,"relics_obtained":[{"floor":6,"key":"Art of War"},{"floor":9,"key":"Lantern"},{"floor":13,"key":"Strawberry"}],"event_choices":[{"damage_healed":0,"gold_gain":30,"player_choice":"Searched \u00273\u0027 times","damage_taken":0,"relics_obtained":["DataDisk"],"max_hp_gain":0,"max_hp_loss":0,"event_name":"Dead Adventurer","floor":12,"gold_loss":0},{"damage_healed":0,"gold_gain":0,"player_choice":"Box","damage_taken":0,"relics_obtained":["Symbiotic Virus"],"max_hp_gain":0,"max_hp_loss":0,"event_name":"Big Fish","floor":14,"gold_loss":0,"cards_obtained":["Regret"]},{"cards_removed":["Regret"],"damage_healed":0,"gold_gain":0,"player_choice":"Gave Gold","damage_taken":0,"max_hp_gain":0,"max_hp_loss":0,"event_name":"Beggar","floor":21,"gold_loss":75},{"cards_removed":["Strike_B"],"damage_healed":0,"gold_gain":0,"player_choice":"Purged","damage_taken":0,"max_hp_gain":0,"max_hp_loss":0,"event_name":"Purifier","floor":22,"gold_loss":0}],"is_beta":false,"boss_relics":[{"not_picked":["Velvet Choker","Fusion Hammer"],"picked":"Inserter"}],"items_purged_floors":[],"is_endless":false,"potions_floor_spawned":[2,3,6,16,19,20],"killed_by":"Gremlin Leader","ascension_level":4}