{"gold_per_floor":[99,99,174,124,138,168,168,193,247,266,23,23,57,72,72,172,172,185,203,203,123,23,23,50,0,27,37,37,437,450,483,483,483],"floor_reached":33,"playtime":890,"items_purged":["Strike_B","Defend_B","Dualcast"],"score":342,"play_id":"415fb1eb-063d-48b5-9c3d-6e3366de1746","local_time":"20190818184917","is_ascension_mode":true,"campfire_choices":[{"data":"Melter","floor":7,"key":"SMITH"},{"data":"The Bomb","floor":15,"key":"SMITH"},{"data":"Conserve Battery","floor":23,"key":"SMITH"},{"data":"Auto Shields","floor":28,"key":"SMITH"},{"floor":32,"key":"REST"}],"neow_cost":"NONE","seed_source_timestamp":271166454087100,"circlet_count":0,"master_deck":["Strike_B+1","Defend_B","Defend_B+1","Zap","Melter+1","Gash","Doom and Gloom","The Bomb+1","Conserve Battery+1","Auto Shields+1","Gash","Beam Cell+1"],"relics":["Cracked Core","NeowsBlessing","Vajra","The Courier","Bag of Preparation","Bottled Lightning","Sozu","Shovel","PreservedInsect","Regal Pillow","Old Coin","Kunai","Incense Burner"],"potions_floor_usage":[8,8,24],"damage_taken":[{"damage":0,"enemies":"Jaw Worm","floor":1,"turns":1},{"damage":0,"enemies":"Small Slimes","floor":5,"turns":1},{"damage":0,"enemies":"Lagavulin","floor":6,"turns":1},{"damage":28,"enemies":"3 Sentries","floor":8,"turns":6},{"damage":0,"enemies":"2 Louse","floor":10,"turns":1},{"damage":8,"enemies":"Gremlin Nob","floor":13,"turns":3},{"damage":2,"enemies":"Looter","floor":14,"turns":2},{"damage":13,"enemies":"Hexaghost","floor":16,"turns":9},{"damage":5,"enemies":"Shell Parasite","floor":18,"turns":4},{"damage":16,"enemies":"3 Byrds","floor":19,"turns":3},{"damage":21,"enemies":"Book of Stabbing","floor":24,"turns":4},{"damage":0,"enemies":"3 Cultists","floor":27,"turns":3},{"damage":12,"enemies":"Colosseum Slavers","floor":29,"turns":4},{"damage":0,"enemies":"Colosseum Nobs","floor":29,"turns":3},{"damage":0,"enemies":"Cultist and Chosen","floor":30,"turns":3},{"damage":16,"enemies":"Slavers","floor":31,"turns":4},{"damage":55,"enemies":"Champ","floor":33,"turns":7}],"seed_played":"5667189236624390533","potions_obtained":[{"floor":5,"key":"AttackPotion"},{"floor":6,"key":"Regen Potion"},{"floor":16,"key":"PowerPotion"}],"is_trial":false,"path_per_floor":["M","?","?","?","M","E","R","E","T","M","$","?","E","M","R","B",null,"M","M","?","$","$","R","E","?","T","M","R","?","M","E","R","B"],"character_chosen":"DEFECT","items_purchased":["Doom and Gloom","The Bomb"],"campfire_rested":1,"item_purchase_floors":[11,11],"current_hp_per_floor":[75,60,49,49,49,49,49,36,36,36,36,29,21,19,19,6,75,70,54,54,54,54,54,33,33,33,33,33,21,21,5,42,0],"gold":483,"neow_bonus":"THREE_ENEMY_KILL","is_prod":false,"is_daily":false,"chose_seed":false,"campfire_upgraded":4,"win_rate":0,"timestamp":1566118157,"path_taken":["M","?","?","?","M","E","R","E","T","M","$","?","E","M","R","BOSS","M","M","?","?","$","R","E","?","T","?","R","?","M","E","R","BOSS"],"build_version":"2019-07-17","purchased_purges":3,"victory":false,"max_hp_per_floor":[75,75,75,75,75,75,75,75,75,75,75,75,75,75,75,75,75,75,75,75,75,75,75,75,75,75,75,75,75,75,75,75,75],"card_choices":[{"not_picked":["Gash","Compile Driver","Barrage"],"picked":"SKIP","floor":1},{"not_picked":["Consume","Cold Snap","Chill"],"picked":"SKIP","floor":5},{"not_picked":["Rebound","Thunder Strike"],"picked":"Melter","floor":6},{"not_picked":["Hologram","Barrage"],"picked":"Gash","floor":8},{"not_picked":["Barrage","Hello World","Storm"],"picked":"SKIP","floor":10},{"not_picked":["Buffer","Cold Snap"],"picked":"Conserve Battery","floor":13},{"not_picked":["Rebound","Hello World","Go for the Eyes"],"picked":"SKIP","floor":14},{"not_picked":["Heatsinks","Chill","Coolheaded+1"],"picked":"SKIP","floor":18},{"not_picked":["Chaos","Ball Lightning","Rip and Tear+1"],"picked":"SKIP","floor":19},{"not_picked":["Barrage","Rip and Tear+1"],"picked":"Auto Shields","floor":24},{"not_picked":["Rebound","Tempest+1","Static Discharge"],"picked":"SKIP","floor":27},{"not_picked":["Meteor Strike","Beam Cell"],"picked":"Gash","floor":29},{"not_picked":["Coolheaded+1","Go for the Eyes"],"picked":"Beam Cell+1","floor":30},{"not_picked":["Cold Snap+1","Stack","Aggregate+1"],"picked":"SKIP","floor":31}],"player_experience":60842,"relics_obtained":[{"floor":6,"key":"Vajra"},{"floor":8,"key":"The Courier"},{"floor":9,"key":"Bag of Preparation"},{"floor":13,"key":"Bottled Lightning"},{"floor":24,"key":"Shovel"},{"floor":26,"key":"Regal Pillow"},{"floor":29,"key":"Old Coin"},{"floor":29,"key":"Kunai"},{"floor":31,"key":"Incense Burner"}],"event_choices":[{"damage_healed":0,"gold_gain":0,"player_choice":"Entered Light","damage_taken":15,"max_hp_gain":0,"max_hp_loss":0,"event_name":"Shining Light","floor":2,"gold_loss":0,"cards_upgraded":["Defend_B","Strike_B"]},{"damage_healed":0,"gold_gain":75,"player_choice":"Gather Gold","damage_taken":11,"max_hp_gain":0,"max_hp_loss":0,"event_name":"World of Goop","floor":3,"gold_loss":0},{"cards_removed":["Strike_B"],"damage_healed":0,"gold_gain":0,"player_choice":"Card Removal","damage_taken":0,"max_hp_gain":0,"max_hp_loss":0,"event_name":"The Cleric","floor":4,"gold_loss":50},{"cards_removed":["Strike_B"],"damage_healed":0,"gold_gain":0,"player_choice":"Card Removal","damage_taken":7,"max_hp_gain":0,"max_hp_loss":0,"event_name":"Golden Wing","floor":12,"gold_loss":0},{"cards_removed":["Defend_B"],"damage_healed":0,"gold_gain":0,"player_choice":"Purged","damage_taken":0,"max_hp_gain":0,"max_hp_loss":0,"event_name":"Purifier","floor":20,"gold_loss":0},{"damage_healed":0,"gold_gain":0,"player_choice":"Paid Gold","damage_taken":0,"relics_obtained":["PreservedInsect"],"max_hp_gain":0,"max_hp_loss":0,"event_name":"WeMeetAgain","floor":25,"gold_loss":50},{"damage_healed":0,"gold_gain":0,"player_choice":"Fight","damage_taken":0,"max_hp_gain":0,"max_hp_loss":0,"event_name":"Colosseum","floor":29,"gold_loss":0},{"damage_healed":0,"gold_gain":0,"player_choice":"Fought Nobs","damage_taken":0,"max_hp_gain":0,"max_hp_loss":0,"event_name":"Colosseum","floor":29,"gold_loss":0}],"is_beta":false,"boss_relics":[{"not_picked":["Eternal Feather","Orrery"],"picked":"Sozu"}],"items_purged_floors":[11,21,22],"is_endless":false,"potions_floor_spawned":[5,6,16,19,30,31],"killed_by":"Champ","ascension_level":1}