{"gold_per_floor":[114,130,145,145,9,40,40,59,59,59,84,103,130,147,147,147],"floor_reached":16,"playtime":698,"items_purged":[],"score":122,"play_id":"952863a4-a50e-4539-88fb-64dbbf36454b","local_time":"20181213141851","is_ascension_mode":false,"campfire_choices":[{"data":"Spot Weakness","floor":7,"key":"SMITH"},{"data":"Bash","floor":10,"key":"SMITH"},{"floor":15,"key":"RECALL"}],"neow_cost":"NONE","seed_source_timestamp":1709975623190230,"circlet_count":0,"master_deck":["Strike_R+1","Strike_R","Strike_R","Strike_R","Strike_R","Defend_R","Defend_R","Defend_R+1","Defend_R","Bash+1","Iron Wave","Dropkick","Hemokinesis","Spot Weakness+1","Flash of Steel","Thunderclap","Evolve","Dropkick","Sword Boomerang"],"relics":["Burning Blood","NeowsBlessing","Juzu Bracelet","Singing Bowl","Bottled Lightning","Frozen Egg 2"],"potions_floor_usage":[6,11,11,11,11,13,16],"damage_taken":[{"damage":0,"enemies":"Small Slimes","floor":1,"turns":1},{"damage":0,"enemies":"2 Louse","floor":2,"turns":1},{"damage":0,"enemies":"Cultist","floor":3,"turns":1},{"damage":8,"enemies":"3 Sentries","floor":6,"turns":5},{"damage":3,"enemies":"2 Fungi Beasts","floor":8,"turns":3},{"damage":11,"enemies":"Lagavulin","floor":11,"turns":3},{"damage":10,"enemies":"Blue Slaver","floor":12,"turns":2},{"damage":10,"enemies":"3 Sentries","floor":13,"turns":6},{"damage":5,"enemies":"3 Louse","floor":14,"turns":3},{"damage":66,"enemies":"Slime Boss","floor":16,"turns":6}],"seed_played":"4960354878667690760","potions_obtained":[{"floor":2,"key":"EntropicBrew"},{"floor":3,"key":"Strength Potion"},{"floor":8,"key":"Regen Potion"},{"floor":12,"key":"Ancient Potion"},{"floor":13,"key":"SkillPotion"}],"is_trial":false,"path_per_floor":["M","M","M","?","$","E","R","M","T","R","E","M","E","M","R","B"],"character_chosen":"IRONCLAD","items_purchased":["Spot Weakness","Flash of Steel"],"campfire_rested":0,"item_purchase_floors":[5,5],"current_hp_per_floor":[80,80,80,64,64,62,62,65,65,65,65,61,57,60,60,0],"gold":147,"neow_bonus":"THREE_ENEMY_KILL","is_prod":false,"is_daily":false,"chose_seed":false,"campfire_upgraded":2,"win_rate":0,"timestamp":1544689131,"path_taken":["M","M","M","?","$","E","R","M","T","R","E","M","E","M","R","BOSS"],"build_version":"2018-12-06","purchased_purges":0,"victory":false,"max_hp_per_floor":[80,80,80,80,80,80,80,80,80,80,80,80,80,82,82,82],"card_choices":[{"not_picked":["Armaments","Sentinel"],"picked":"Iron Wave","floor":1},{"not_picked":["Perfected Strike","Armaments"],"picked":"Dropkick","floor":2},{"not_picked":["Sentinel","Evolve"],"picked":"Hemokinesis","floor":3},{"not_picked":["Dark Embrace","Evolve"],"picked":"Thunderclap","floor":6},{"not_picked":["Second Wind","Body Slam"],"picked":"Evolve","floor":8},{"not_picked":["Cleave","Havoc","Iron Wave"],"picked":"SKIP","floor":11},{"not_picked":["Body Slam","Rage"],"picked":"Dropkick","floor":12},{"not_picked":["Body Slam","Perfected Strike"],"picked":"Sword Boomerang","floor":13},{"not_picked":["Entrench","Havoc","Sword Boomerang"],"picked":"Singing Bowl","floor":14}],"player_experience":234896,"relics_obtained":[{"floor":6,"key":"Juzu Bracelet"},{"floor":9,"key":"Singing Bowl"},{"floor":11,"key":"Bottled Lightning"},{"floor":13,"key":"Frozen Egg 2"}],"event_choices":[{"damage_healed":0,"gold_gain":0,"player_choice":"Entered Light","damage_taken":16,"max_hp_gain":0,"max_hp_loss":0,"event_name":"Shining Light","floor":4,"gold_loss":0,"cards_upgraded":["Strike_R","Defend_R"]}],"is_beta":false,"boss_relics":[],"items_purged_floors":[],"is_endless":false,"potions_floor_spawned":[2,3,8,12,13],"killed_by":"Slime Boss","ascension_level":0}