{"gold_per_floor":[116,14,33,43,43,76,76,107,107,107],"floor_reached":10,"playtime":802,"items_purged":[],"score":152,"play_id":"5c925c16-f11d-4ee6-a83a-5df3fccfd665","local_time":"20190803153400","is_ascension_mode":true,"campfire_choices":[{"data":"Loop","floor":7,"key":"SMITH"}],"neow_cost":"NONE","seed_source_timestamp":33105259638666,"circlet_count":0,"master_deck":["AscendersBane","Strike_B","Strike_B","Strike_B","Strike_B","Defend_B","Defend_B","Defend_B","Defend_B","Zap","Dualcast","Self Repair","Coolheaded","Tempest","Undo","Loop+1","Doom and Gloom","Hologram","Thunder Strike"],"relics":["Velvet Choker","Bottled Tornado","Orichalcum","Singing Bowl"],"potions_floor_usage":[6,8,10],"damage_taken":[{"damage":0,"enemies":"2 Louse","floor":1,"turns":2},{"damage":0,"enemies":"Cultist","floor":3,"turns":4},{"damage":12,"enemies":"Jaw Worm","floor":4,"turns":3},{"damage":33,"enemies":"Gremlin Nob","floor":6,"turns":5},{"damage":13,"enemies":"3 Sentries","floor":8,"turns":5},{"damage":56,"enemies":"Gremlin Nob","floor":10,"turns":4}],"seed_played":"661720323437235471","potions_obtained":[{"floor":1,"key":"LiquidBronze"},{"floor":4,"key":"SkillPotion"},{"floor":6,"key":"PowerPotion"}],"is_trial":false,"path_per_floor":["M","$","M","M","?","E","R","E","T","E"],"character_chosen":"DEFECT","items_purchased":["Coolheaded","Tempest"],"campfire_rested":0,"item_purchase_floors":[2,2],"current_hp_per_floor":[64,64,71,66,66,40,40,34,34,0],"gold":107,"neow_bonus":"BOSS_RELIC","is_prod":false,"is_daily":false,"chose_seed":false,"campfire_upgraded":1,"win_rate":0,"timestamp":1564860840,"path_taken":["M","$","M","M","?","E","R","E","T","E"],"build_version":"2019-07-17","purchased_purges":0,"victory":false,"max_hp_per_floor":[71,71,71,71,71,71,71,71,71,71],"card_choices":[{"not_picked":["Double Energy","Turbo"],"picked":"Self Repair","floor":1},{"not_picked":["Go for the Eyes","Redo"],"picked":"Undo","floor":3},{"not_picked":["Steam","Capacitor"],"picked":"Loop","floor":4},{"not_picked":["Steam","Barrage"],"picked":"Hologram","floor":6},{"not_picked":["Force Field","Sweeping Beam"],"picked":"Thunder Strike","floor":8}],"player_experience":2334937,"relics_obtained":[{"floor":6,"key":"Bottled Tornado"},{"floor":8,"key":"Orichalcum"},{"floor":9,"key":"Singing Bowl"}],"event_choices":[{"damage_healed":0,"gold_gain":0,"player_choice":"1 cards matched","damage_taken":0,"max_hp_gain":0,"max_hp_loss":0,"event_name":"Match and Keep!","floor":5,"gold_loss":0,"cards_obtained":["Doom and Gloom"]},{"damage_healed":0,"gold_gain":0,"player_choice":"1 cards matched","damage_taken":0,"max_hp_gain":0,"max_hp_loss":0,"event_name":"Match and Keep!","floor":5,"gold_loss":0,"cards_obtained":["Doom and Gloom"]}],"is_beta":false,"boss_relics":[],"items_purged_floors":[],"is_endless":false,"potions_floor_spawned":[1,4,6],"killed_by":"Gremlin Nob","ascension_level":20}