{"gold_per_floor":[115,115,0,0,15,42,60,60,113,113,130,142,158,108,108,108],"floor_reached":16,"playtime":410,"items_purged":[],"score":102,"play_id":"a06cdec1-c68b-4a16-9a25-6c828a4c54dd","local_time":"20190806190201","is_ascension_mode":false,"campfire_choices":[{"data":"Dual Wield","floor":8,"key":"SMITH"},{"floor":10,"key":"REST"},{"data":"True Grit","floor":15,"key":"SMITH"}],"neow_cost":"NONE","seed_source_timestamp":84969913610319,"circlet_count":0,"master_deck":["Strike_R","Strike_R","Strike_R","Defend_R","Defend_R","Defend_R","Defend_R","Bash","Exhume","Dropkick","Inflame+1","Dual Wield+1","True Grit+1"],"relics":["Burning Blood","Red Skull","Strawberry","Tiny Chest"],"potions_floor_usage":[13,16,16,16],"damage_taken":[{"damage":9,"enemies":"Jaw Worm","floor":1,"turns":6},{"damage":1,"enemies":"Cultist","floor":5,"turns":3},{"damage":36,"enemies":"Lagavulin","floor":6,"turns":7},{"damage":14,"enemies":"2 Louse","floor":7,"turns":3},{"damage":16,"enemies":"2 Fungi Beasts","floor":11,"turns":4},{"damage":16,"enemies":"Blue Slaver","floor":12,"turns":5},{"damage":8,"enemies":"Gremlin Gang","floor":13,"turns":5},{"damage":52,"enemies":"Slime Boss","floor":16,"turns":11}],"seed_played":"795173855214422426","potions_obtained":[{"floor":6,"key":"Block Potion"},{"floor":7,"key":"SpeedPotion"},{"floor":12,"key":"Fire Potion"},{"floor":13,"key":"Block Potion"}],"is_trial":false,"path_per_floor":["M","?","$","?","M","E","M","R","T","R","M","M","M","?","R","B"],"character_chosen":"IRONCLAD","items_purchased":["Dropkick","Inflame"],"campfire_rested":1,"item_purchase_floors":[3,3],"current_hp_per_floor":[77,74,74,74,79,56,48,48,48,74,64,54,52,52,52,0],"gold":108,"neow_bonus":"TRANSFORM_CARD","is_prod":false,"is_daily":false,"chose_seed":false,"campfire_upgraded":2,"win_rate":0,"timestamp":1565132521,"path_taken":["M","?","$","?","M","E","M","R","T","R","?","M","M","?","R","BOSS"],"build_version":"2019-07-17","purchased_purges":0,"victory":false,"max_hp_per_floor":[80,80,80,80,80,87,87,87,87,87,87,87,87,87,87,87],"card_choices":[{"not_picked":["Thunderclap","Hemokinesis","Ghostly Armor"],"picked":"SKIP","floor":1},{"not_picked":["Feel No Pain","Pommel Strike","Intimidate"],"picked":"SKIP","floor":5},{"not_picked":["Hemokinesis","Havoc"],"picked":"Dual Wield","floor":6},{"not_picked":["Pummel","Sever Soul","Havoc"],"picked":"SKIP","floor":7},{"not_picked":["Uppercut","Thunderclap","Seeing Red"],"picked":"SKIP","floor":11},{"not_picked":["Battle Trance","Warcry","Flex"],"picked":"SKIP","floor":12},{"not_picked":["Ghostly Armor","Power Through"],"picked":"True Grit","floor":13}],"player_experience":748014,"relics_obtained":[{"floor":6,"key":"Strawberry"},{"floor":9,"key":"Tiny Chest"}],"event_choices":[{"damage_healed":0,"gold_gain":0,"player_choice":"Success","damage_taken":3,"relics_obtained":["Red Skull"],"max_hp_gain":0,"max_hp_loss":0,"event_name":"Scrap Ooze","floor":2,"gold_loss":0},{"damage_healed":0,"gold_gain":0,"player_choice":"Forge","damage_taken":0,"max_hp_gain":0,"max_hp_loss":0,"event_name":"Accursed Blacksmith","floor":4,"gold_loss":0,"cards_upgraded":["Inflame"]},{"cards_removed":["Strike_R"],"damage_healed":0,"gold_gain":0,"player_choice":"Card Removal","damage_taken":0,"max_hp_gain":0,"max_hp_loss":0,"event_name":"The Cleric","floor":14,"gold_loss":50}],"is_beta":false,"boss_relics":[],"items_purged_floors":[],"is_endless":false,"potions_floor_spawned":[6,7,12,13],"killed_by":"Slime Boss","ascension_level":0}