{"gold_per_floor":[111,122,122,122,47,47,112,130,157,57,57,76,76],"floor_reached":13,"playtime":446,"items_purged":["Strike_B","Defend_B"],"score":83,"play_id":"bd636b99-3479-4555-829c-ac3d99a8f246","local_time":"20181117104511","is_ascension_mode":false,"campfire_choices":[{"data":"Chaos","floor":6,"key":"SMITH"}],"neow_cost":"NONE","seed_source_timestamp":293761326604878,"circlet_count":0,"master_deck":["Strike_B","Strike_B","Strike_B","Defend_B","Defend_B","Zap","Dualcast","Compile Driver","Chaos+1","Creative AI","Ball Lightning","Darkness"],"relics":["Cracked Core","Golden Idol","Tiny Chest","Oddly Smooth Stone"],"potions_floor_usage":[13,13],"damage_taken":[{"damage":9,"enemies":"2 Louse","floor":1,"turns":3},{"damage":8,"enemies":"Jaw Worm","floor":2,"turns":3},{"damage":24,"enemies":"Gremlin Nob","floor":7,"turns":4},{"damage":13,"enemies":"Cultist","floor":8,"turns":5},{"damage":16,"enemies":"2 Fungi Beasts","floor":12,"turns":4},{"damage":6,"enemies":"Large Slime","floor":13,"turns":4}],"seed_played":"-3337965790077532284","potions_obtained":[{"floor":7,"key":"Energy Potion"},{"floor":12,"key":"EssenceOfSteel"}],"is_trial":false,"path_per_floor":["M","M","?","?","$","R","E","M","T","$","$","M","M"],"character_chosen":"DEFECT","items_purchased":[],"campfire_rested":0,"item_purchase_floors":[],"current_hp_per_floor":[66,58,58,58,58,58,34,21,21,21,21,5,0],"gold":76,"neow_bonus":"REMOVE_CARD","is_prod":false,"is_daily":false,"chose_seed":false,"campfire_upgraded":1,"win_rate":0.0,"timestamp":1542469511,"path_taken":["M","M","?","?","$","R","E","M","T","?","$","M","M"],"build_version":"2018-11-15","purchased_purges":2,"victory":false,"max_hp_per_floor":[75,75,75,75,75,75,75,75,75,75,75,75,75],"card_choices":[{"not_picked":["Coolheaded","Steam Power"],"picked":"Compile Driver","floor":1},{"not_picked":["Blizzard","Hologram"],"picked":"Chaos","floor":2},{"not_picked":["Gash","Ball Lightning"],"picked":"Creative AI","floor":7},{"not_picked":["Beam Cell","Auto Shields"],"picked":"Ball Lightning","floor":8},{"not_picked":["Coolheaded","Double Energy"],"picked":"Darkness","floor":12}],"player_experience":100204,"relics_obtained":[{"floor":7,"key":"Tiny Chest"},{"floor":9,"key":"Oddly Smooth Stone"}],"event_choices":[{"damage_healed":0,"gold_gain":0,"player_choice":"Take Wound","damage_taken":0,"relics_obtained":["Golden Idol"],"max_hp_gain":0,"max_hp_loss":0,"event_name":"Golden Idol","floor":3,"gold_loss":0,"cards_obtained":["Injury"]},{"cards_removed":["Injury"],"damage_healed":0,"gold_gain":0,"player_choice":"Forget","damage_taken":0,"max_hp_gain":0,"max_hp_loss":0,"event_name":"Living Wall","floor":4,"gold_loss":0}],"is_beta":false,"boss_relics":[],"items_purged_floors":[5,10],"is_endless":false,"potions_floor_spawned":[7,12],"killed_by":"Large Slime","ascension_level":0}