{"gold_per_floor":[11,11,0,16,29,29,72,102,102,102,127,11,11,11,11,100,100,118,141,165,88,88,388,388,411,462,482,482,526,546,74,74,74],"floor_reached":33,"playtime":1059,"items_purged":["Strike_R","Strike_R+1"],"score":657,"play_id":"f5b91676-fd36-4c00-8302-42e1f63608e8","local_time":"20190714172532","is_ascension_mode":true,"campfire_choices":[{"data":"Whirlwind","floor":6,"key":"SMITH"},{"floor":8,"key":"DIG"},{"floor":13,"key":"DIG"},{"floor":15,"key":"REST"},{"floor":23,"key":"DIG"},{"floor":28,"key":"REST"},{"data":"Inflame","floor":32,"key":"SMITH"}],"neow_cost":"NO_GOLD","seed_source_timestamp":0,"circlet_count":0,"master_deck":["AscendersBane","Defend_R+1","Defend_R+1","Defend_R+1","Defend_R+1","Bash","Rage","Reckless Charge","Whirlwind+1","Inflame+1","Pommel Strike","Uppercut","Inflame","Flame Barrier+1","Limit Break+1","Sword Boomerang+1","Headbutt+1","Immolate+1","Body Slam+1","Clothesline+1","Twin Strike+1","Impervious+1","Pummel+1","Warcry+1","True Grit+1"],"special_seed":0,"relics":["Burning Blood","Golden Idol","Shovel","Tiny Chest","Singing Bowl","Toxic Egg 2","Molten Egg 2","Bag of Marbles","Orrery","Old Coin","Dream Catcher","Blood Vial","Ice Cream"],"potions_floor_usage":[7,29],"damage_taken":[{"damage":6,"enemies":"2 Louse","floor":1,"turns":3},{"damage":13,"enemies":"Small Slimes","floor":4,"turns":5},{"damage":12,"enemies":"Jaw Worm","floor":5,"turns":2},{"damage":29,"enemies":"Lagavulin","floor":7,"turns":5},{"damage":4,"enemies":"Looter","floor":11,"turns":4},{"damage":27,"enemies":"Slime Boss","floor":16,"turns":9},{"damage":17,"enemies":"2 Thieves","floor":18,"turns":2},{"damage":11,"enemies":"Spheric Guardian","floor":19,"turns":3},{"damage":14,"enemies":"Centurion and Healer","floor":20,"turns":3},{"damage":10,"enemies":"Snecko","floor":25,"turns":3},{"damage":24,"enemies":"Snake Plant","floor":27,"turns":3},{"damage":17,"enemies":"Gremlin Leader","floor":29,"turns":5},{"damage":9,"enemies":"Centurion and Healer","floor":30,"turns":4},{"damage":48,"enemies":"Champ","floor":33,"turns":7}],"seed_played":"1791148690130577349","potions_obtained":[{"floor":1,"key":"Regen Potion"},{"floor":4,"key":"LiquidBronze"},{"floor":16,"key":"Weak Potion"}],"is_trial":false,"path_per_floor":["M","?","?","M","M","R","E","R","T","T","M","$","R","T","R","B",null,"M","M","M","$","?","R","?","M","T","M","R","E","M","$","R","B"],"character_chosen":"IRONCLAD","items_purchased":["Flame Barrier+1","Pummel+1","Ice Cream","True Grit+1"],"campfire_rested":2,"item_purchase_floors":[12,21,31,31],"current_hp_per_floor":[68,42,42,35,29,29,18,18,18,18,20,20,20,20,42,21,62,51,48,40,40,40,40,40,38,38,22,48,39,38,38,38,0],"gold":74,"neow_bonus":"TRANSFORM_TWO_CARDS","is_prod":false,"is_daily":false,"chose_seed":false,"campfire_upgraded":2,"win_rate":0,"timestamp":1563143132,"path_taken":["M","?","?","M","M","R","E","R","T","?","M","$","R","?","R","BOSS","M","M","?","$","?","R","?","M","T","M","R","E","?","$","R","BOSS"],"build_version":"2019-07-05","purchased_purges":2,"victory":false,"max_hp_per_floor":[75,75,75,75,75,75,75,75,75,75,75,75,75,75,75,75,75,75,77,77,77,77,77,77,79,79,81,83,85,85,85,85,85],"card_choices":[{"not_picked":["Iron Wave","Ghostly Armor"],"picked":"Whirlwind","floor":1},{"not_picked":["Thunderclap","Shrug It Off"],"picked":"Inflame","floor":4},{"not_picked":["Iron Wave","Flame Barrier"],"picked":"Pommel Strike","floor":5},{"not_picked":["Power Through","Wild Strike"],"picked":"Uppercut","floor":7},{"not_picked":["Carnage","Corruption"],"picked":"Inflame","floor":11},{"not_picked":["Juggernaut","Reaper+1"],"picked":"Limit Break+1","floor":16},{"not_picked":["Perfected Strike+1","Flex+1"],"picked":"Sword Boomerang+1","floor":17},{"not_picked":["Bloodletting+1","Rage+1"],"picked":"Headbutt+1","floor":17},{"not_picked":["Reckless Charge+1","Second Wind+1"],"picked":"Immolate+1","floor":17},{"not_picked":["Armaments+1","Flex+1"],"picked":"Body Slam+1","floor":17},{"not_picked":["Searing Blow+1","Seeing Red+1"],"picked":"Clothesline+1","floor":17},{"not_picked":["Reckless Charge+1","Cleave+1"],"picked":"Twin Strike+1","floor":18},{"not_picked":["Armaments+1","Clash+1","Wild Strike+1"],"picked":"Singing Bowl","floor":19},{"not_picked":["Burning Pact+1","Seeing Red+1"],"picked":"Impervious+1","floor":20},{"not_picked":["Thunderclap+1","Pommel Strike+1","Searing Blow+1"],"picked":"Singing Bowl","floor":25},{"not_picked":["Headbutt+1","Perfected Strike+1","Flex+1"],"picked":"Singing Bowl","floor":27},{"not_picked":["Armaments+1","Hemokinesis+1","Iron Wave+1"],"picked":"Singing Bowl","floor":28},{"not_picked":["Warcry+1","Feel No Pain","Pommel Strike+1"],"picked":"Singing Bowl","floor":29},{"not_picked":["Reckless Charge+1","Rage+1"],"picked":"Warcry+1","floor":30}],"player_experience":371883,"relics_obtained":[{"floor":7,"key":"Shovel"},{"floor":8,"key":"Tiny Chest"},{"floor":9,"key":"Singing Bowl"},{"floor":10,"key":"Toxic Egg 2"},{"floor":13,"key":"Molten Egg 2"},{"floor":14,"key":"Bag of Marbles"},{"floor":23,"key":"Old Coin"},{"floor":26,"key":"Dream Catcher"},{"floor":29,"key":"Blood Vial"}],"event_choices":[{"damage_healed":0,"gold_gain":0,"player_choice":"Take Damage","damage_taken":26,"relics_obtained":["Golden Idol"],"max_hp_gain":0,"max_hp_loss":0,"event_name":"Golden Idol","floor":2,"gold_loss":0},{"damage_healed":0,"gold_gain":0,"player_choice":"Left Gold","damage_taken":0,"max_hp_gain":0,"max_hp_loss":0,"event_name":"World of Goop","floor":3,"gold_loss":11},{"damage_healed":0,"gold_gain":0,"player_choice":"Simplicity","damage_taken":0,"max_hp_gain":0,"max_hp_loss":0,"event_name":"Back to Basics","floor":22,"gold_loss":0,"cards_upgraded":["Strike_R","Strike_R","Defend_R","Defend_R","Defend_R","Defend_R"]},{"cards_removed":["Strike_R"],"damage_healed":0,"gold_gain":0,"player_choice":"Offered Basic","damage_taken":0,"max_hp_gain":0,"max_hp_loss":0,"event_name":"Bonfire Elementals","floor":24,"gold_loss":0}],"is_beta":false,"boss_relics":[{"not_picked":["Runic Pyramid","Philosopher\u0027s Stone"],"picked":"Orrery"}],"items_purged_floors":[12,31],"is_endless":false,"potions_floor_spawned":[1,4,16,18,19,20],"killed_by":"Champ","ascension_level":16}