{"gold_per_floor":[114,124,124,143,243,286,286,327,327,327,341,341,354,392,392,518,518,539,210,210,210,250,250,264,297,297,297,212,256,256,289,289,415,415,431,764,777,167,180,180,205,80,80,93,93,193,193,224,224,224],"floor_reached":51,"playtime":2300,"items_purged":["Strike_R","Feed","Barricade"],"score":846,"play_id":"01716bc3-6891-43a1-b4b3-2d10ee2c9c6f","local_time":"20190107005701","is_ascension_mode":true,"campfire_choices":[{"data":"Armaments","floor":7,"key":"SMITH"},{"floor":10,"key":"REST"},{"floor":15,"key":"REST"},{"floor":23,"key":"REST"},{"floor":27,"key":"REST"},{"floor":30,"key":"REST"},{"floor":32,"key":"REST"},{"floor":40,"key":"REST"},{"floor":45,"key":"REST"},{"floor":47,"key":"REST"},{"floor":49,"key":"REST"}],"neow_cost":"NONE","seed_source_timestamp":1349033372941918,"circlet_count":0,"master_deck":["Strike_R","Strike_R","Strike_R","Defend_R","Defend_R","Defend_R","Defend_R","Bash","Armaments+1","Flame Barrier","Thunderclap","Combust","Body Slam","Immolate","Seeing Red","Magnetism","Inflame","Entrench","Juggernaut","Warcry","Barricade","Ghostly Armor","Feel No Pain","Metallicize","Deep Breath","Master of Strategy","Ghostly Armor","Seeing Red+1","Shrug It Off+1","Battle Trance+1"],"relics":["Burning Blood","Vajra","Potion Belt","Pantograph","Paper Frog","Darkstone Periapt","Fusion Hammer","Centennial Puzzle","Thread and Needle","Oddly Smooth Stone","Red Mask","Bag of Marbles","Runic Dome","Bronze Scales","Anchor","Toxic Egg 2","Dead Branch","Regal Pillow"],"potions_floor_usage":[8,8,24,25,25,44,44,50,50],"damage_taken":[{"damage":6,"enemies":"Cultist","floor":1,"turns":3},{"damage":7,"enemies":"Small Slimes","floor":2,"turns":3},{"damage":3,"enemies":"Jaw Worm","floor":4,"turns":4},{"damage":28,"enemies":"3 Sentries","floor":6,"turns":12},{"damage":14,"enemies":"Gremlin Nob","floor":8,"turns":3},{"damage":0,"enemies":"Blue Slaver","floor":11,"turns":4},{"damage":0,"enemies":"Looter","floor":13,"turns":5},{"damage":18,"enemies":"3 Sentries","floor":14,"turns":4},{"damage":31,"enemies":"The Guardian","floor":16,"turns":11},{"damage":9,"enemies":"Chosen","floor":18,"turns":4},{"damage":46,"enemies":"Spheric Guardian","floor":22,"turns":6},{"damage":14,"enemies":"3 Cultists","floor":24,"turns":4},{"damage":26,"enemies":"Book of Stabbing","floor":25,"turns":7},{"damage":4,"enemies":"Masked Bandits","floor":29,"turns":3},{"damage":32,"enemies":"Gremlin Leader","floor":31,"turns":5},{"damage":57,"enemies":"Automaton","floor":33,"turns":10},{"damage":17,"enemies":"3 Darklings","floor":35,"turns":4},{"damage":2,"enemies":"Orb Walker","floor":37,"turns":3},{"damage":59,"enemies":"Spire Growth","floor":39,"turns":6},{"damage":52,"enemies":"Nemesis","floor":41,"turns":7},{"damage":0,"enemies":"Transient","floor":44,"turns":5},{"damage":8,"enemies":"Mind Bloom Boss Battle","floor":46,"turns":7},{"damage":65,"enemies":"Reptomancer","floor":48,"turns":8},{"damage":46,"enemies":"Awakened One","floor":50,"turns":11}],"seed_played":"5772518803734136290","potions_obtained":[{"floor":1,"key":"Explosive Potion"},{"floor":4,"key":"Swift Potion"},{"floor":8,"key":"SkillPotion"},{"floor":11,"key":"Fire Potion"},{"floor":22,"key":"Block Potion"},{"floor":25,"key":"Weak Potion"},{"floor":29,"key":"SteroidPotion"},{"floor":31,"key":"Block Potion"},{"floor":33,"key":"Fire Potion"},{"floor":35,"key":"Poison Potion"},{"floor":37,"key":"Regen Potion"}],"is_trial":false,"path_per_floor":["M","M","?","M","?","E","R","E","T","R","M","?","M","E","R","B",null,"M","$","?","?","M","R","M","E","T","R","?","?","R","E","R","B",null,"M","?","M","$","M","R","E","$","T","M","R","?","R","E","R","B",null],"character_chosen":"IRONCLAD","items_purchased":["Magnetism","Inflame","Metallicize","Bronze Scales","Deep Breath","Master of Strategy"],"campfire_rested":10,"item_purchase_floors":[19,19,38,38,38,38],"current_hp_per_floor":[80,79,59,62,62,40,40,32,32,56,65,58,64,55,80,61,86,83,83,83,83,43,68,60,40,40,65,65,70,89,63,89,38,89,78,78,82,82,29,55,9,9,9,30,56,79,89,30,71,49],"gold":224,"neow_bonus":"RANDOM_COMMON_RELIC","is_prod":false,"is_daily":false,"chose_seed":false,"campfire_upgraded":1,"win_rate":0,"timestamp":1546840621,"path_taken":["M","M","?","M","?","E","R","E","T","R","?","?","M","E","R","BOSS","M","$","?","?","M","R","M","E","T","R","?","?","R","E","R","BOSS","M","?","M","$","M","R","E","$","T","M","R","?","R","E","R","BOSS"],"build_version":"2019-01-03v4","purchased_purges":3,"victory":true,"max_hp_per_floor":[80,80,80,80,80,80,80,80,80,80,83,83,83,86,86,86,86,86,86,86,86,86,86,86,86,86,86,86,89,89,89,89,89,89,89,89,89,89,89,89,89,89,89,89,89,89,89,89,89,89],"card_choices":[{"not_picked":["Sentinel","Bloodletting"],"picked":"Armaments","floor":1},{"not_picked":["Shockwave","Fire Breathing","Sword Boomerang"],"picked":"SKIP","floor":2},{"not_picked":["Clothesline","Anger"],"picked":"Flame Barrier","floor":4},{"not_picked":["Bloodletting","Fire Breathing"],"picked":"Feed","floor":6},{"not_picked":["Second Wind","Clothesline"],"picked":"Thunderclap","floor":8},{"not_picked":["Pommel Strike","Fire Breathing"],"picked":"Combust","floor":11},{"not_picked":["Sword Boomerang","Fire Breathing"],"picked":"Body Slam","floor":13},{"not_picked":["Blood for Blood","Sever Soul"],"picked":"Immolate","floor":14},{"not_picked":["Demon Form","Bludgeon"],"picked":"Barricade","floor":16},{"not_picked":["Second Wind","True Grit"],"picked":"Seeing Red","floor":18},{"not_picked":["Whirlwind","Anger","Perfected Strike"],"picked":"SKIP","floor":22},{"not_picked":["Warcry+1","Pommel Strike","Exhume"],"picked":"SKIP","floor":24},{"not_picked":["Shockwave","Anger"],"picked":"Juggernaut","floor":25},{"not_picked":["Clash","Anger"],"picked":"Warcry","floor":31},{"not_picked":["Berserk","Feed"],"picked":"Barricade","floor":33},{"not_picked":["Shrug It Off+1","Clash+1"],"picked":"Ghostly Armor","floor":35},{"not_picked":["Pommel Strike","Wild Strike"],"picked":"Feel No Pain","floor":37},{"not_picked":["Shrug It Off","Clothesline+1"],"picked":"Ghostly Armor","floor":39},{"not_picked":["Flex+1","Sword Boomerang"],"picked":"Seeing Red+1","floor":41},{"not_picked":["Perfected Strike","Clash"],"picked":"Shrug It Off+1","floor":44},{"not_picked":["Carnage+1","Sentinel+1"],"picked":"Battle Trance+1","floor":48}],"player_experience":236188,"relics_obtained":[{"floor":6,"key":"Potion Belt"},{"floor":8,"key":"Pantograph"},{"floor":9,"key":"Paper Frog"},{"floor":14,"key":"Darkstone Periapt"},{"floor":25,"key":"Centennial Puzzle"},{"floor":26,"key":"Thread and Needle"},{"floor":29,"key":"Red Mask"},{"floor":31,"key":"Bag of Marbles"},{"floor":41,"key":"Anchor"},{"floor":43,"key":"Toxic Egg 2"},{"floor":46,"key":"Dead Branch"},{"floor":48,"key":"Regal Pillow"}],"event_choices":[{"damage_healed":0,"gold_gain":0,"player_choice":"Take Damage","damage_taken":20,"relics_obtained":["Golden Idol"],"max_hp_gain":0,"max_hp_loss":0,"event_name":"Golden Idol","floor":3,"gold_loss":0},{"damage_healed":0,"gold_gain":100,"player_choice":"Pray","damage_taken":0,"max_hp_gain":0,"max_hp_loss":0,"event_name":"Golden Shrine","floor":5,"gold_loss":0},{"cards_removed":["Strike_R"],"damage_healed":0,"gold_gain":0,"player_choice":"Card Removal","damage_taken":7,"max_hp_gain":0,"max_hp_loss":0,"event_name":"Golden Wing","floor":12,"gold_loss":0},{"damage_healed":0,"gold_gain":0,"player_choice":"Ignored","damage_taken":0,"max_hp_gain":0,"max_hp_loss":0,"event_name":"Ghosts","floor":20,"gold_loss":0},{"damage_healed":0,"gold_gain":0,"player_choice":"Read","damage_taken":0,"max_hp_gain":0,"max_hp_loss":0,"event_name":"The Library","floor":21,"gold_loss":0,"cards_obtained":["Entrench"]},{"damage_healed":0,"gold_gain":0,"player_choice":"Obtained Relic","damage_taken":0,"relics_obtained":["Oddly Smooth Stone"],"max_hp_gain":0,"max_hp_loss":0,"event_name":"Addict","floor":28,"gold_loss":85},{"damage_healed":0,"gold_gain":0,"player_choice":"Fought Bandits","damage_taken":0,"max_hp_gain":0,"max_hp_loss":0,"event_name":"Masked Bandits","floor":29,"gold_loss":0},{"damage_healed":0,"gold_gain":333,"player_choice":"Gave Idol","damage_taken":0,"max_hp_gain":0,"max_hp_loss":0,"event_name":"The Moai Head","floor":36,"relics_lost":["Golden Idol"],"gold_loss":0},{"damage_healed":0,"gold_gain":0,"player_choice":"Fight","damage_taken":0,"max_hp_gain":0,"max_hp_loss":0,"event_name":"MindBloom","floor":46,"gold_loss":0}],"is_beta":false,"boss_relics":[{"not_picked":["Calling Bell","Pandora\u0027s Box"],"picked":"Fusion Hammer"},{"not_picked":["White Beast Statue","Eternal Feather"],"picked":"Runic Dome"}],"items_purged_floors":[19,38,42],"is_endless":false,"potions_floor_spawned":[1,4,8,11,22,25,29,31,33,35,37],"ascension_level":1}