{"gold_per_floor":[109,125,55,65,78,78,110,110,156,189,189,209,220,295,295,399,399,411,443,461,478,490,490,214,214,214,214,228,243,243,263,263,363,363,374,392,392,409,419,444,444,463,489,239,339,339,339,214,214,214,214,214,12,44,44],"floor_reached":56,"playtime":6546,"items_purged":["Strike_R","Pain","Strike_R"],"score":1409,"play_id":"dae87789-3735-436f-a8fc-d81e1775b340","local_time":"20190710093608","is_ascension_mode":true,"campfire_choices":[{"data":"Iron Wave","floor":6.0,"key":"SMITH"},{"data":"Carnage","floor":8.0,"key":"SMITH"},{"data":"Shockwave","floor":15.0,"key":"SMITH"},{"data":"True Grit","floor":23.0,"key":"SMITH"},{"data":"Barricade","floor":25.0,"key":"SMITH"},{"floor":32.0,"key":"REST"},{"data":"Impervious","floor":41,"key":"SMITH"},{"data":"Body Slam","floor":47,"key":"SMITH"},{"floor":49,"key":"RECALL"},{"data":"Juggernaut","floor":52,"key":"SMITH"}],"neow_cost":"NONE","seed_source_timestamp":0,"circlet_count":0,"master_deck":["Strike_R","Strike_R","Defend_R","Defend_R","Defend_R","Defend_R","Bash+1","Pommel Strike+1","Iron Wave+1","Feel No Pain","Carnage+1","Twin Strike+1","Shockwave+1","Barricade+1","Headbutt","Rampage","True Grit+1","Body Slam+1","Spot Weakness","Impervious+1","Juggernaut+1","Shrug It Off","Armaments+1","Shrug It Off+1","Shrug It Off+1","Corruption+1","Body Slam+1"],"special_seed":0,"relics":["Burning Blood","Singing Bowl","Bronze Scales","Ancient Tea Set","Sozu","Red Mask","Bag of Preparation","Thread and Needle","WarpedTongs","Runic Dome","Darkstone Periapt","Whetstone","Magic Flower","Strange Spoon","Anchor"],"potions_floor_usage":[55],"damage_taken":[{"damage":0.0,"enemies":"Small Slimes","floor":1.0,"turns":3.0},{"damage":1.0,"enemies":"Cultist","floor":2.0,"turns":3.0},{"damage":8.0,"enemies":"2 Louse","floor":4.0,"turns":2.0},{"damage":14.0,"enemies":"Large Slime","floor":5.0,"turns":6.0},{"damage":23.0,"enemies":"Gremlin Nob","floor":7.0,"turns":5.0},{"damage":15.0,"enemies":"Lagavulin","floor":10.0,"turns":6.0},{"damage":9.0,"enemies":"Lots of Slimes","floor":12.0,"turns":4.0},{"damage":3.0,"enemies":"Looter","floor":13.0,"turns":2.0},{"damage":20.0,"enemies":"The Guardian","floor":16.0,"turns":10.0},{"damage":8.0,"enemies":"Chosen","floor":18.0,"turns":3.0},{"damage":38.0,"enemies":"Masked Bandits","floor":19.0,"turns":5.0},{"damage":17.0,"enemies":"Shell Parasite","floor":20.0,"turns":4.0},{"damage":11.0,"enemies":"Chosen and Byrds","floor":21.0,"turns":5.0},{"damage":7.0,"enemies":"Centurion and Healer","floor":22.0,"turns":5.0},{"damage":15.0,"enemies":"Snecko","floor":28.0,"turns":4.0},{"damage":12.0,"enemies":"3 Cultists","floor":29.0,"turns":5.0},{"damage":15.0,"enemies":"Sentry and Sphere","floor":31.0,"turns":4.0},{"damage":10.0,"enemies":"Champ","floor":33.0,"turns":12.0},{"damage":4.0,"enemies":"Orb Walker","floor":35.0,"turns":3.0},{"damage":0.0,"enemies":"3 Shapes","floor":36.0,"turns":4.0},{"damage":13.0,"enemies":"3 Darklings","floor":38.0,"turns":5.0},{"damage":7,"enemies":"Jaw Worm Horde","floor":39,"turns":6},{"damage":29,"enemies":"Nemesis","floor":40,"turns":7},{"damage":2,"enemies":"4 Shapes","floor":42,"turns":25},{"damage":5,"enemies":"Mind Bloom Boss Battle","floor":45,"turns":5},{"damage":14,"enemies":"Donu and Deca","floor":50,"turns":8},{"damage":0,"enemies":"Shield and Spear","floor":54,"turns":5},{"damage":21,"enemies":"The Heart","floor":55,"turns":7}],"seed_played":"4847676782249121641","potions_obtained":[{"floor":1.0,"key":"SpeedPotion"},{"floor":2.0,"key":"GamblersBrew"},{"floor":4.0,"key":"Swift Potion"},{"floor":10.0,"key":"Weak Potion"}],"is_trial":false,"path_per_floor":["M","M","$","M","M","R","E","R","T","E","?","M","M","?","R","B",null,"M","?","M","M","M","R","$","R","T","?","M","M","?","M","R","B",null,"M","M","?","M","M","E","R","M","T","$","?","?","R","$","R","B",null,"R","$","E","B",null],"character_chosen":"IRONCLAD","items_purchased":["Feel No Pain","Body Slam","Bag of Preparation","Whetstone","Strange Spoon"],"campfire_rested":1,"item_purchase_floors":[3,24,24,44,53],"current_hp_per_floor":[80,80,80,78,70,70,55,55,55,48,76,73,78,67,67,53,86,86,54,45,40,39,39,39,39,39,39,30,26,26,19,47,43,94,96,96,96,89,88,65,65,69,69,69,70,70,70,70,70,65,91,91,91,93,81],"gold":44,"neow_bonus":"REMOVE_CARD","is_prod":false,"is_daily":false,"chose_seed":false,"campfire_upgraded":8,"win_rate":0,"timestamp":1562776568,"path_taken":["M","M","$","M","M","R","E","R","T","E","?","M","M","?","R","BOSS","M","?","M","M","M","R","$","R","T","?","M","?","?","M","R","BOSS","BOSS","M","M","?","M","M","E","R","?","T","$","?","?","R","$","R","BOSS","R","$","E","BOSS"],"build_version":"2019-07-05","purchased_purges":3,"victory":true,"max_hp_per_floor":[80,80,80,80,80,80,82,82,82,84,84,84,86,86,86,86,86,88,88,90,90,90,90,90,90,90,90,90,92,92,94,94,94,94,96,96,96,96,96,96,96,96,96,96,96,91,91,91,91,91,91,91,91,93,93],"card_choices":[{"not_picked":["Second Wind","Blood for Blood"],"picked":"Pommel Strike","floor":1.0},{"not_picked":["Armaments","Perfected Strike"],"picked":"Iron Wave","floor":2.0},{"not_picked":["True Grit","Flex"],"picked":"Carnage","floor":4.0},{"not_picked":["Heavy Blade","Perfected Strike"],"picked":"Twin Strike","floor":5.0},{"not_picked":["Flex","Fiend Fire","Disarm"],"picked":"Singing Bowl","floor":7.0},{"not_picked":["Thunderclap","Anger","Wild Strike"],"picked":"Singing Bowl","floor":10.0},{"not_picked":["Second Wind","Rage"],"picked":"Shockwave","floor":12.0},{"not_picked":["Perfected Strike","Clash","Iron Wave"],"picked":"Singing Bowl","floor":13.0},{"not_picked":["Immolate","Juggernaut"],"picked":"Barricade","floor":16.0},{"not_picked":["Uppercut","Carnage","Wild Strike"],"picked":"Singing Bowl","floor":18.0},{"not_picked":["Seeing Red","Warcry"],"picked":"Headbutt","floor":19.0},{"not_picked":["Havoc","Headbutt","Burning Pact"],"picked":"Singing Bowl","floor":20.0},{"not_picked":["Twin Strike","Carnage+1"],"picked":"Rampage","floor":21.0},{"not_picked":["Sword Boomerang","Reckless Charge"],"picked":"True Grit","floor":22.0},{"not_picked":["Flex","True Grit"],"picked":"Spot Weakness","floor":28.0},{"not_picked":["Flex","Blood for Blood+1","Clash"],"picked":"Singing Bowl","floor":29.0},{"not_picked":["Seeing Red+1","Pummel+1","Dual Wield"],"picked":"Singing Bowl","floor":31.0},{"not_picked":["Demon Form","Double Tap"],"picked":"Juggernaut","floor":33.0},{"not_picked":["Power Through+1","Flex+1","Pommel Strike"],"picked":"Singing Bowl","floor":35.0},{"not_picked":["Headbutt","Wild Strike"],"picked":"Shrug It Off","floor":36.0},{"not_picked":["Heavy Blade+1","Clash+1"],"picked":"Armaments+1","floor":38.0},{"not_picked":["Disarm+1","Dropkick"],"picked":"Shrug It Off+1","floor":39},{"not_picked":["Rampage+1","Armaments+1"],"picked":"Shrug It Off+1","floor":40},{"not_picked":["Uppercut","Cleave"],"picked":"Corruption+1","floor":42},{"not_picked":["Shockwave+1","Impervious"],"picked":"Body Slam+1","floor":45},{"not_picked":["Clash","Warcry","Iron Wave+1"],"picked":"Singing Bowl","floor":54}],"player_experience":228661,"relics_obtained":[{"floor":7.0,"key":"Singing Bowl"},{"floor":9.0,"key":"Bronze Scales"},{"floor":10.0,"key":"Ancient Tea Set"},{"floor":19.0,"key":"Red Mask"},{"floor":26.0,"key":"Thread and Needle"},{"floor":40,"key":"Darkstone Periapt"},{"floor":45,"key":"Magic Flower"},{"floor":54,"key":"Anchor"}],"event_choices":[{"damage_healed":28.0,"max_hp_gain":0.0,"max_hp_loss":0.0,"gold_gain":0.0,"event_name":"Big Fish","player_choice":"Banana","floor":11.0,"gold_loss":0.0,"damage_taken":0.0},{"damage_healed":0.0,"max_hp_gain":0.0,"max_hp_loss":0.0,"gold_gain":75.0,"event_name":"World of Goop","player_choice":"Gather Gold","floor":14.0,"gold_loss":0.0,"damage_taken":11.0},{"damage_healed":0.0,"max_hp_gain":0.0,"max_hp_loss":0.0,"gold_gain":0.0,"event_name":"Masked Bandits","player_choice":"Fought Bandits","floor":19.0,"gold_loss":0.0,"damage_taken":0.0},{"damage_healed":0.0,"max_hp_gain":0.0,"max_hp_loss":0.0,"gold_gain":0.0,"event_name":"Accursed Blacksmith","player_choice":"Rummage","floor":27.0,"gold_loss":0.0,"damage_taken":0.0,"relics_obtained":["WarpedTongs"],"cards_obtained":["Pain"]},{"damage_healed":0.0,"max_hp_gain":0.0,"max_hp_loss":0.0,"gold_gain":0.0,"event_name":"The Library","player_choice":"Read","floor":30.0,"gold_loss":0.0,"damage_taken":0.0,"cards_obtained":["Impervious"]},{"damage_healed":0.0,"max_hp_gain":0.0,"max_hp_loss":0.0,"gold_gain":0.0,"event_name":"Upgrade Shrine","player_choice":"Upgraded","floor":37.0,"gold_loss":0.0,"damage_taken":0.0,"cards_upgraded":["Pommel Strike"]},{"damage_healed":0,"gold_gain":0,"player_choice":"Fight","damage_taken":0,"max_hp_gain":0,"max_hp_loss":0,"event_name":"MindBloom","floor":45,"gold_loss":0},{"damage_healed":0,"gold_gain":0,"player_choice":"Max HP","damage_taken":0,"max_hp_gain":0,"max_hp_loss":5,"event_name":"Winding Halls","floor":46,"gold_loss":0}],"is_beta":false,"boss_relics":[{"not_picked":["Busted Crown","Black Blood"],"picked":"Sozu"},{"not_picked":["Tiny House","Runic Cube"],"picked":"Runic Dome"}],"items_purged_floors":[24,44,48],"is_endless":false,"potions_floor_spawned":[1,2,4,10,19,28,31,33,35,39,40],"ascension_level":4}