{"gold_per_floor":[99,99,99,99,16,16,16,16,16,16,16,16,16,16,16,16,16,16,16,16,16,16,16],"floor_reached":23,"playtime":1571,"items_purged":[],"score":497,"play_id":"e785310e-8722-4310-bf15-6fcc3b738127","local_time":"20190715144206","is_ascension_mode":true,"campfire_choices":[{"data":"Bludgeon","floor":7,"key":"SMITH"},{"floor":10,"key":"REST"},{"data":"Bludgeon","floor":15,"key":"SMITH"}],"neow_cost":"NONE","seed_source_timestamp":625639460657200,"circlet_count":0,"master_deck":["AscendersBane","Strike_R","Strike_R","Strike_R","Strike_R","Defend_R","Defend_R","Defend_R","Defend_R","Bash","Evolve","Spot Weakness","Pommel Strike","Bludgeon+1","Shrug It Off","Bludgeon+1","Shrug It Off","Power Through","Headbutt","Seeing Red","Double Tap","Shrug It Off","Battle Trance","Shrug It Off"],"relics":["Ectoplasm","Prayer Wheel","Red Skull","Gremlin Horn","Orichalcum","Fusion Hammer"],"potions_floor_usage":[8,18,23],"damage_taken":[{"damage":0,"enemies":"2 Louse","floor":1,"turns":3},{"damage":0,"enemies":"Cultist","floor":3,"turns":2},{"damage":7,"enemies":"Jaw Worm","floor":4,"turns":4},{"damage":32,"enemies":"Gremlin Nob","floor":6,"turns":4},{"damage":13,"enemies":"3 Sentries","floor":8,"turns":6},{"damage":0,"enemies":"Lagavulin","floor":12,"turns":4},{"damage":2,"enemies":"Large Slime","floor":13,"turns":4},{"damage":0,"enemies":"Blue Slaver","floor":14,"turns":1},{"damage":22,"enemies":"Slime Boss","floor":16,"turns":6},{"damage":0,"enemies":"Chosen","floor":18,"turns":3},{"damage":4,"enemies":"3 Byrds","floor":19,"turns":5},{"damage":16,"enemies":"Snake Plant","floor":20,"turns":3},{"damage":45,"enemies":"Slavers","floor":23,"turns":3}],"seed_played":"2694682791285156488","potions_obtained":[{"floor":1,"key":"Dexterity Potion"},{"floor":8,"key":"Explosive Potion"},{"floor":12,"key":"Ancient Potion"},{"floor":13,"key":"FearPotion"}],"is_trial":false,"path_per_floor":["M","?","M","M","$","E","R","E","T","R","?","E","M","M","R","B",null,"M","M","M","$","?","E"],"character_chosen":"IRONCLAD","items_purchased":["Bludgeon"],"campfire_rested":1,"item_purchase_floors":[5],"current_hp_per_floor":[68,68,68,61,61,29,29,16,16,38,38,38,36,36,36,14,60,60,56,40,40,40,0],"gold":16,"neow_bonus":"BOSS_RELIC","is_prod":false,"is_daily":false,"chose_seed":false,"campfire_upgraded":2,"win_rate":0,"timestamp":1563216126,"path_taken":["M","?","M","M","$","E","R","E","T","R","?","E","M","M","R","BOSS","M","M","M","$","?","E"],"build_version":"2019-07-05","purchased_purges":0,"victory":false,"max_hp_per_floor":[75,75,75,75,75,75,75,75,75,75,75,75,75,75,75,75,75,75,75,75,75,75,75],"card_choices":[{"not_picked":["Blood for Blood","Clash"],"picked":"Evolve","floor":1},{"not_picked":["Anger","Sentinel"],"picked":"Spot Weakness","floor":3},{"not_picked":["Clothesline","Warcry"],"picked":"Pommel Strike","floor":4},{"not_picked":["Clothesline","Twin Strike"],"picked":"Shrug It Off","floor":6},{"not_picked":["Evolve","Rage"],"picked":"Bludgeon","floor":8},{"not_picked":["Perfected Strike","Flex"],"picked":"Power Through","floor":12},{"not_picked":["Clothesline","Flame Barrier"],"picked":"Headbutt","floor":13},{"not_picked":["Warcry","Juggernaut","Armaments"],"picked":"SKIP","floor":13},{"not_picked":["Rampage","Twin Strike"],"picked":"Seeing Red","floor":14},{"not_picked":["Hemokinesis","Sentinel","Iron Wave"],"picked":"SKIP","floor":14},{"not_picked":["Feed","Impervious"],"picked":"Double Tap","floor":16},{"not_picked":["Body Slam","Spot Weakness"],"picked":"Shrug It Off","floor":18},{"not_picked":["Iron Wave","Heavy Blade","Wild Strike"],"picked":"SKIP","floor":18},{"not_picked":["Evolve","Carnage"],"picked":"Battle Trance","floor":19},{"not_picked":["True Grit","Clothesline","Wild Strike"],"picked":"SKIP","floor":19},{"not_picked":["Cleave","Clothesline","Havoc"],"picked":"SKIP","floor":20},{"not_picked":["Pommel Strike","Twin Strike","Anger"],"picked":"SKIP","floor":20}],"player_experience":2278106,"relics_obtained":[{"floor":6,"key":"Prayer Wheel"},{"floor":8,"key":"Red Skull"},{"floor":9,"key":"Gremlin Horn"},{"floor":12,"key":"Orichalcum"}],"event_choices":[{"damage_healed":0,"gold_gain":0,"player_choice":"Leave","damage_taken":0,"max_hp_gain":0,"max_hp_loss":0,"event_name":"The Cleric","floor":2,"gold_loss":0},{"damage_healed":0,"gold_gain":0,"cards_transformed":["Strike_R"],"player_choice":"Transformed","damage_taken":0,"max_hp_gain":0,"max_hp_loss":0,"event_name":"Transmorgrifier","floor":11,"gold_loss":0,"cards_obtained":["Shrug It Off"]},{"damage_healed":0,"gold_gain":0,"player_choice":"Read","damage_taken":0,"max_hp_gain":0,"max_hp_loss":0,"event_name":"The Library","floor":22,"gold_loss":0,"cards_obtained":["Shrug It Off"]}],"is_beta":false,"boss_relics":[{"not_picked":["Empty Cage","Tiny House"],"picked":"Fusion Hammer"}],"items_purged_floors":[],"is_endless":false,"potions_floor_spawned":[1,8,12,13],"killed_by":"Slavers","ascension_level":20}