{"gold_per_floor":[115,130,130,141,157,186,186,219,301,301,21,46,73,46,46,46],"floor_reached":16,"playtime":951,"items_purged":[],"score":142,"play_id":"3e6ec25c-dba3-47af-aee1-57ca66d61f43","local_time":"20190128171508","is_ascension_mode":true,"campfire_choices":[{"data":"Neutralize","floor":7,"key":"SMITH"},{"floor":10,"key":"REST"},{"floor":15,"key":"REST"}],"neow_cost":"NONE","seed_source_timestamp":1457535578591620,"circlet_count":0,"master_deck":["Defend_G","Defend_G","Defend_G","Defend_G","Defend_G","Strike_G","Strike_G","Strike_G","Strike_G","Survivor","Neutralize+1","Impatience","Quick Slash","Predator","Heel Hook","Quick Slash","Escape Plan","Unload","Blade Dance","Calculated Gamble","Acrobatics"],"special_seed":0,"relics":["Ring of the Snake","Regal Pillow","Paper Crane","Tiny Chest","Kunai","Bag of Marbles","Potion Belt"],"potions_floor_usage":[6,6],"damage_taken":[{"damage":0.0,"enemies":"Small Slimes","floor":1.0,"turns":3.0},{"damage":1,"enemies":"Cultist","floor":2,"turns":4},{"damage":4,"enemies":"Jaw Worm","floor":4,"turns":5},{"damage":1,"enemies":"3 Louse","floor":5,"turns":4},{"damage":24,"enemies":"3 Sentries","floor":6,"turns":6},{"damage":25,"enemies":"Lagavulin","floor":8,"turns":6},{"damage":36,"enemies":"3 Sentries","floor":12,"turns":7},{"damage":59,"enemies":"Slime Boss","floor":16,"turns":9}],"seed_played":"934675905404149190","potions_obtained":[{"floor":4,"key":"PowerPotion"},{"floor":5,"key":"FearPotion"}],"is_trial":false,"path_per_floor":["M","M","?","M","M","E","R","E","T","R","$","E","T","$","R","B"],"character_chosen":"THE_SILENT","items_purchased":["Kunai","Blade Dance","Acrobatics"],"campfire_rested":2,"item_purchase_floors":[11,11,14],"current_hp_per_floor":[70,69,69,65,64,40,40,15,15,51,51,15,15,15,51,0],"gold":46,"neow_bonus":"RANDOM_COLORLESS","is_prod":false,"is_daily":false,"chose_seed":false,"campfire_upgraded":1,"win_rate":0,"timestamp":1548674108,"path_taken":["M","M","?","?","M","E","R","E","T","R","$","E","?","?","R","BOSS"],"build_version":"2019-01-23","purchased_purges":0,"victory":false,"max_hp_per_floor":[70,70,70,70,70,70,70,70,70,70,70,70,70,70,70,70],"card_choices":[{"not_picked":["Acrobatics","Outmaneuver"],"picked":"Quick Slash","floor":1},{"not_picked":["Backflip","Cloak And Dagger"],"picked":"Predator","floor":2},{"not_picked":["Expertise","Reflex"],"picked":"Heel Hook","floor":4},{"not_picked":["Expertise","Crippling Poison"],"picked":"Quick Slash","floor":5},{"not_picked":["Dodge and Roll","All Out Attack"],"picked":"Escape Plan","floor":6},{"not_picked":["Dodge and Roll","Bane"],"picked":"Unload","floor":8},{"not_picked":["Bouncing Flask","Flying Knee"],"picked":"Calculated Gamble","floor":12}],"player_experience":678772,"relics_obtained":[{"floor":6,"key":"Regal Pillow"},{"floor":8,"key":"Paper Crane"},{"floor":9,"key":"Tiny Chest"},{"floor":12,"key":"Bag of Marbles"},{"floor":13,"key":"Potion Belt"}],"event_choices":[{"cards_removed":["Strike_G"],"damage_healed":0,"gold_gain":0,"player_choice":"Purged","damage_taken":0,"max_hp_gain":0,"max_hp_loss":0,"event_name":"Purifier","floor":3,"gold_loss":0}],"is_beta":false,"boss_relics":[],"items_purged_floors":[],"is_endless":false,"potions_floor_spawned":[4,5],"killed_by":"Slime Boss","ascension_level":4}