{"gold_per_floor":[209,221,171,184,184,184,222,95,95,95,49,93,107,141,141,141],"floor_reached":16,"playtime":476,"items_purged":["Defend_R"],"score":124,"play_id":"5692cf3c-e606-4d94-a293-f3ca2dd5ea62","local_time":"20181117215557","is_ascension_mode":true,"campfire_choices":[{"data":"Inflame","floor":6,"key":"SMITH"},{"data":"Bloodletting","floor":10,"key":"SMITH"},{"data":"Twin Strike","floor":15,"key":"SMITH"}],"neow_cost":"NONE","seed_source_timestamp":333977105018750,"circlet_count":0,"master_deck":["Strike_R","Strike_R","Strike_R","Strike_R","Defend_R","Defend_R","Defend_R","Bash","Cleave","Bloodletting+1","Inflame+1","Injury","Twin Strike","Twin Strike","Cleave","Twin Strike+1","Clash"],"relics":["Burning Blood","Golden Idol","Meat on the Bone","Centennial Puzzle","Boot","Anchor"],"potions_floor_usage":[16,16],"damage_taken":[{"damage":10,"enemies":"Small Slimes","floor":1,"turns":4},{"damage":8,"enemies":"Jaw Worm","floor":2,"turns":3},{"damage":4,"enemies":"Cultist","floor":4,"turns":3},{"damage":14,"enemies":"Gremlin Nob","floor":7,"turns":3},{"damage":21,"enemies":"3 Sentries","floor":12,"turns":5},{"damage":10,"enemies":"3 Louse","floor":13,"turns":2},{"damage":36,"enemies":"Lagavulin","floor":14,"turns":4},{"damage":53,"enemies":"The Guardian","floor":16,"turns":7}],"seed_played":"5079783153562316490","potions_obtained":[{"floor":4,"key":"Energy Potion"},{"floor":12,"key":"Regen Potion"}],"is_trial":false,"path_per_floor":["M","M","?","M","?","R","E","$","T","R","$","E","M","E","R","B"],"character_chosen":"IRONCLAD","items_purchased":["Twin Strike","Twin Strike"],"campfire_rested":0,"item_purchase_floors":[8,11],"current_hp_per_floor":[76,74,74,76,76,76,68,68,68,68,68,53,49,31,31,0],"gold":141,"neow_bonus":"HUNDRED_GOLD","is_prod":false,"is_daily":false,"chose_seed":false,"campfire_upgraded":3,"win_rate":0,"timestamp":1542509757,"path_taken":["M","M","?","M","?","R","E","$","T","R","$","E","M","E","R","BOSS"],"build_version":"2018-11-15","purchased_purges":1,"victory":false,"max_hp_per_floor":[80,80,80,80,80,80,80,80,80,80,80,80,80,80,80,80],"card_choices":[{"not_picked":["Sword Boomerang","Shockwave"],"picked":"Cleave","floor":1},{"not_picked":["Rage","True Grit"],"picked":"Bloodletting","floor":2},{"not_picked":["Second Wind","Heavy Blade"],"picked":"Inflame","floor":4},{"not_picked":["Entrench","Clothesline","True Grit"],"picked":"SKIP","floor":7},{"not_picked":["Pommel Strike","Armaments"],"picked":"Cleave","floor":12},{"not_picked":["Ghostly Armor","Bloodletting"],"picked":"Twin Strike","floor":13},{"not_picked":["Bloodletting","Immolate"],"picked":"Clash","floor":14}],"player_experience":120408,"relics_obtained":[{"floor":7,"key":"Meat on the Bone"},{"floor":9,"key":"Centennial Puzzle"},{"floor":12,"key":"Boot"},{"floor":14,"key":"Anchor"}],"event_choices":[{"cards_removed":["Strike_R"],"damage_healed":0,"gold_gain":0,"player_choice":"Card Removal","damage_taken":0,"max_hp_gain":0,"max_hp_loss":0,"event_name":"The Cleric","floor":3,"gold_loss":50},{"damage_healed":0,"gold_gain":0,"player_choice":"Take Wound","damage_taken":0,"relics_obtained":["Golden Idol"],"max_hp_gain":0,"max_hp_loss":0,"event_name":"Golden Idol","floor":5,"gold_loss":0,"cards_obtained":["Injury"]}],"is_beta":false,"boss_relics":[],"items_purged_floors":[8],"is_endless":false,"potions_floor_spawned":[4,12],"killed_by":"The Guardian","ascension_level":1}