{"gold_per_floor":[109,129,204,224,224,257,257,283,307,307,324,354,354,364,364,463,463,479,404,131,149,169,203,222,248,271,271,286,286,286,306,306,406,406,424,424,424,86,103,132,132,160,184,248,248,264,314,374,374,374,374,374,39,39],"floor_reached":54,"playtime":7589,"items_purged":["Strike_G","Strike_G","Reflex"],"score":1013,"play_id":"e8944cb3-6bb1-4465-925c-97dec8d2a26e","local_time":"20190720213237","is_ascension_mode":true,"campfire_choices":[{"floor":7.0,"key":"REST"},{"data":"Dash","floor":10.0,"key":"SMITH"},{"data":"A Thousand Cuts","floor":15.0,"key":"SMITH"},{"floor":27.0,"key":"REST"},{"floor":32.0,"key":"REST"},{"floor":41.0,"key":"REST"},{"floor":45.0,"key":"RECALL"},{"floor":49.0,"key":"REST"},{"data":"Caltrops","floor":52.0,"key":"SMITH"}],"neow_cost":"NONE","seed_source_timestamp":0,"circlet_count":0,"master_deck":["Defend_G+1","Defend_G+1","Defend_G","Defend_G","Defend_G","Survivor","Neutralize","Infinite Blades","Dash+1","Dagger Throw","Well Laid Plans","Die Die Die","Caltrops+1","A Thousand Cuts+1","Cloak And Dagger","Die Die Die","Dagger Spray+1","Blade Dance","Quick Slash+1","Finisher","Crippling Poison+1","Cloak And Dagger","Prepared+1","Backflip","J.A.X.","Leg Sweep","Adrenaline","Backflip","PiercingWail+1","Accuracy+1","Riddle With Holes+1","Footwork+1","Blade Dance","Neutralize","Leg Sweep+1","Infinite Blades","Blade Dance","Dark Shackles"],"special_seed":0,"relics":["Sozu","Regal Pillow","Strawberry","Ancient Tea Set","Orichalcum","Runic Dome","War Paint","Art of War","Potion Belt","Blood Vial","WristBlade","SsserpentHead","Letter Opener","Boot","Question Card","Anchor"],"potions_floor_usage":[],"damage_taken":[{"damage":0.0,"enemies":"Jaw Worm","floor":1.0,"turns":5.0},{"damage":4.0,"enemies":"2 Louse","floor":2.0,"turns":3.0},{"damage":6.0,"enemies":"Small Slimes","floor":4.0,"turns":4.0},{"damage":12.0,"enemies":"3 Sentries","floor":6.0,"turns":11.0},{"damage":13.0,"enemies":"Gremlin Nob","floor":8.0,"turns":5.0},{"damage":9.0,"enemies":"Exordium Wildlife","floor":11.0,"turns":5.0},{"damage":15.0,"enemies":"3 Sentries","floor":12.0,"turns":5.0},{"damage":3.0,"enemies":"Blue Slaver","floor":14.0,"turns":4.0},{"damage":8.0,"enemies":"Hexaghost","floor":16.0,"turns":8.0},{"damage":4.0,"enemies":"Shell Parasite","floor":18.0,"turns":3.0},{"damage":1.0,"enemies":"3 Byrds","floor":21.0,"turns":2.0},{"damage":5.0,"enemies":"Sentry and Sphere","floor":22.0,"turns":3.0},{"damage":18.0,"enemies":"Gremlin Leader","floor":23.0,"turns":5.0},{"damage":6.0,"enemies":"Cultist and Chosen","floor":24.0,"turns":3.0},{"damage":17.0,"enemies":"Slavers","floor":25.0,"turns":3.0},{"damage":15.0,"enemies":"Shelled Parasite and Fungi","floor":28.0,"turns":4.0},{"damage":8.0,"enemies":"Centurion and Healer","floor":31.0,"turns":4.0},{"damage":36.0,"enemies":"Collector","floor":33.0,"turns":7.0},{"damage":3.0,"enemies":"3 Darklings","floor":35.0,"turns":3.0},{"damage":3.0,"enemies":"3 Shapes","floor":39.0,"turns":2.0},{"damage":22.0,"enemies":"Nemesis","floor":40.0,"turns":5.0},{"damage":32.0,"enemies":"Giant Head","floor":42.0,"turns":7.0},{"damage":4.0,"enemies":"Jaw Worm Horde","floor":44.0,"turns":2.0},{"damage":4.0,"enemies":"4 Shapes","floor":46.0,"turns":4.0},{"damage":17.0,"enemies":"Maw","floor":48.0,"turns":6.0},{"damage":57.0,"enemies":"Time Eater","floor":50.0,"turns":13.0},{"damage":65,"enemies":"Shield and Spear","floor":54,"turns":5}],"seed_played":"-5133458373596270366","potions_obtained":[],"is_trial":false,"path_per_floor":["M","M","?","M","?","E","R","E","T","R","M","E","?","M","R","B",null,"M","?","$","M","M","E","M","E","T","R","M","?","T","M","R","B",null,"M","?","?","$","M","E","R","E","T","M","R","M","?","M","R","B",null,"R","$","E"],"character_chosen":"THE_SILENT","items_purchased":["War Paint","Blade Dance","Letter Opener","Infinite Blades","Blade Dance","Dark Shackles"],"campfire_rested":5,"item_purchase_floors":[20,20,38,53,53,53],"current_hp_per_floor":[63,59,48,42,42,30,66,60,60,60,51,36,29,26,26,18,62,58,58,58,57,52,34,28,11,11,49,36,36,36,30,68,34,66,65,65,65,65,64,44,77,45,45,43,43,41,41,26,64,9,60,60,60,0],"gold":39,"neow_bonus":"BOSS_RELIC","is_prod":false,"is_daily":false,"chose_seed":false,"campfire_upgraded":3,"win_rate":0,"timestamp":1563683557,"path_taken":["M","M","?","M","?","E","R","E","T","R","M","E","?","M","R","BOSS","M","?","$","M","M","E","M","E","T","R","M","?","?","?","R","BOSS","M","?","?","$","M","E","R","E","T","?","R","M","?","?","R","BOSS","R","$","E"],"build_version":"2019-07-17","purchased_purges":3,"victory":false,"max_hp_per_floor":[70,70,70,70,70,70,70,77,77,77,77,77,77,77,77,77,77,77,77,77,77,77,77,77,77,77,77,77,77,77,77,77,77,77,77,77,77,77,77,77,77,77,77,77,77,77,77,77,77,77,77,77,77,77],"card_choices":[{"not_picked":["Underhanded Strike","PiercingWail"],"picked":"Infinite Blades","floor":1.0},{"not_picked":["Deadly Poison","Underhanded Strike"],"picked":"Dash","floor":2.0},{"not_picked":["Accuracy","Caltrops"],"picked":"Dagger Throw","floor":4.0},{"not_picked":["Endless Agony","Dagger Throw"],"picked":"Well Laid Plans","floor":6.0},{"not_picked":["Deadly Poison","Well Laid Plans"],"picked":"Die Die Die","floor":8.0},{"not_picked":["Quick Slash","Poisoned Stab"],"picked":"Caltrops","floor":11.0},{"not_picked":["Acrobatics","Quick Slash"],"picked":"A Thousand Cuts","floor":12.0},{"not_picked":["Quick Slash","Dagger Spray"],"picked":"Cloak And Dagger","floor":14.0},{"not_picked":["Wraith Form v2","Phantasmal Killer"],"picked":"Die Die Die","floor":16.0},{"not_picked":["Underhanded Strike","Deadly Poison"],"picked":"Dagger Spray+1","floor":18.0},{"not_picked":["Dagger Throw+1","Predator"],"picked":"Quick Slash+1","floor":21.0},{"not_picked":["Distraction","Eviscerate+1"],"picked":"Finisher","floor":22.0},{"not_picked":["Underhanded Strike","Dodge and Roll"],"picked":"Crippling Poison+1","floor":23.0},{"not_picked":["Eviscerate","Expertise+1"],"picked":"Cloak And Dagger","floor":24.0},{"not_picked":["Deadly Poison","Concentrate"],"picked":"Prepared+1","floor":25.0},{"not_picked":["Dagger Throw+1","Acrobatics"],"picked":"Backflip","floor":28.0},{"not_picked":["Poisoned Stab","Tools of the Trade"],"picked":"Leg Sweep","floor":31.0},{"not_picked":["Doppelganger","Tools of the Trade"],"picked":"Adrenaline","floor":33.0},{"not_picked":["Acrobatics+1","Crippling Poison"],"picked":"Backflip","floor":35.0},{"not_picked":["Bane","Blade Dance"],"picked":"PiercingWail+1","floor":39.0},{"not_picked":["Choke","Footwork"],"picked":"Accuracy+1","floor":40.0},{"not_picked":["Sucker Punch+1","Deflect+1"],"picked":"Riddle With Holes+1","floor":42.0},{"not_picked":["Leg Sweep+1","Sucker Punch+1","Cloak And Dagger"],"picked":"Footwork+1","floor":44.0},{"not_picked":["Underhanded Strike","PiercingWail","Acrobatics"],"picked":"Blade Dance","floor":46.0},{"not_picked":["Predator","Deadly Poison","PiercingWail"],"picked":"Leg Sweep+1","floor":48.0}],"player_experience":356334,"relics_obtained":[{"floor":6.0,"key":"Regal Pillow"},{"floor":8.0,"key":"Strawberry"},{"floor":9.0,"key":"Ancient Tea Set"},{"floor":12.0,"key":"Orichalcum"},{"floor":23.0,"key":"Art of War"},{"floor":25.0,"key":"Potion Belt"},{"floor":26.0,"key":"Blood Vial"},{"floor":40.0,"key":"Boot"},{"floor":42.0,"key":"Question Card"},{"floor":43.0,"key":"Anchor"}],"event_choices":[{"damage_healed":0.0,"max_hp_gain":0.0,"max_hp_loss":0.0,"gold_gain":75.0,"event_name":"World of Goop","player_choice":"Gather Gold","floor":3.0,"gold_loss":0.0,"damage_taken":11.0},{"damage_healed":0.0,"max_hp_gain":0.0,"max_hp_loss":0.0,"gold_gain":0.0,"cards_transformed":["Strike_G"],"event_name":"Living Wall","player_choice":"Change","floor":5.0,"gold_loss":0.0,"damage_taken":0.0,"cards_obtained":["Reflex"]},{"cards_removed":["Strike_G"],"damage_healed":0.0,"max_hp_gain":0.0,"max_hp_loss":0.0,"gold_gain":0.0,"event_name":"Golden Wing","player_choice":"Card Removal","floor":13.0,"gold_loss":0.0,"damage_taken":7.0},{"cards_removed":["Strike_G"],"damage_healed":0.0,"max_hp_gain":0.0,"max_hp_loss":0.0,"gold_gain":0.0,"event_name":"Beggar","player_choice":"Gave Gold","floor":19.0,"gold_loss":75.0,"damage_taken":0.0},{"damage_healed":0.0,"max_hp_gain":0.0,"max_hp_loss":0.0,"gold_gain":0.0,"event_name":"Drug Dealer","player_choice":"Obtain J.A.X.","floor":29.0,"gold_loss":0.0,"damage_taken":0.0,"cards_obtained":["J.A.X."]},{"damage_healed":0.0,"max_hp_gain":0.0,"max_hp_loss":0.0,"gold_gain":0.0,"event_name":"Tomb of Lord Red Mask","player_choice":"Ignored","floor":36.0,"gold_loss":0.0,"damage_taken":0.0},{"damage_healed":0.0,"max_hp_gain":0.0,"max_hp_loss":0.0,"gold_gain":0.0,"event_name":"FaceTrader","player_choice":"Trade","floor":37.0,"gold_loss":0.0,"damage_taken":0.0,"relics_obtained":["SsserpentHead"]},{"damage_healed":0.0,"max_hp_gain":0.0,"max_hp_loss":0.0,"gold_gain":0.0,"event_name":"Match and Keep!","player_choice":"1 cards matched","floor":47.0,"gold_loss":0.0,"damage_taken":0.0,"cards_obtained":["Neutralize"]}],"is_beta":false,"boss_relics":[{"not_picked":["White Beast Statue","Busted Crown"],"picked":"Runic Dome"},{"not_picked":["Eternal Feather","Runic Pyramid"],"picked":"WristBlade"}],"items_purged_floors":[20,38,53],"is_endless":false,"potions_floor_spawned":[2,4,8,12,18,21,23,25,28,33,42,48],"killed_by":"Shield and Spear","ascension_level":7}