{"gold_per_floor":[109,109,34,52,52,52,28,28,28,28,48,83,97,111,111,216,216,234,234,244,344,100,100,119,119,146,98,130,130,160,160,160,263,313,331,72,72,87,107,107],"floor_reached":40,"playtime":1469,"items_purged":["Defend_R","Shockwave"],"score":561,"play_id":"22718bc0-a400-4b9a-9af7-196b2ee84217","local_time":"20190813192923","is_ascension_mode":true,"campfire_choices":[{"data":"Bash","floor":6,"key":"SMITH"},{"data":"Pommel Strike","floor":8,"key":"SMITH"},{"data":"Pommel Strike","floor":10,"key":"SMITH"},{"floor":15,"key":"REST"},{"data":"Pommel Strike","floor":23,"key":"SMITH"},{"floor":25,"key":"REST"},{"floor":29,"key":"REST"},{"floor":32,"key":"REST"}],"neow_cost":"NONE","seed_source_timestamp":33692374867798,"circlet_count":0,"master_deck":["Bash+1","Pommel Strike+1","Twin Strike","Pommel Strike+1","Ghostly Armor","Spot Weakness","Shrug It Off","Clothesline","Juggernaut","Combust+1","Disarm","Flex","Feed","Clash","Thunderclap+1","Pommel Strike+1","Shrug It Off","Heavy Blade","Heavy Blade+1","Demon Form","Metallicize","Body Slam+1","Apotheosis","Shrug It Off+1","Offering"],"relics":["Burning Blood","Red Skull","PreservedInsect","Happy Flower","Omamori","Pandora\u0027s Box","Oddly Smooth Stone","Pen Nib","Regal Pillow","Nloth\u0027s Gift","Tiny House","Bottled Lightning"],"potions_floor_usage":[16,16,16,30,30,33],"damage_taken":[{"damage":12,"enemies":"Small Slimes","floor":1,"turns":4},{"damage":1,"enemies":"Cultist","floor":4,"turns":3},{"damage":0,"enemies":"2 Louse","floor":11,"turns":2},{"damage":30,"enemies":"Lagavulin","floor":12,"turns":4},{"damage":12,"enemies":"Lots of Slimes","floor":13,"turns":3},{"damage":5,"enemies":"Blue Slaver","floor":14,"turns":3},{"damage":44,"enemies":"Hexaghost","floor":16,"turns":13},{"damage":29,"enemies":"Shell Parasite","floor":18,"turns":6},{"damage":22,"enemies":"Spheric Guardian","floor":20,"turns":4},{"damage":18,"enemies":"Snake Plant","floor":24,"turns":4},{"damage":50,"enemies":"Gremlin Leader","floor":28,"turns":5},{"damage":0,"enemies":"Slavers","floor":30,"turns":2},{"damage":52,"enemies":"Champ","floor":33,"turns":8},{"damage":41,"enemies":"3 Shapes","floor":35,"turns":4},{"damage":11,"enemies":"Orb Walker","floor":38,"turns":2},{"damage":20,"enemies":"4 Shapes","floor":39,"turns":6},{"damage":59,"enemies":"Reptomancer","floor":40,"turns":2}],"seed_played":"-6905851575996891299","potions_obtained":[{"floor":4,"key":"PowerPotion"},{"floor":12,"key":"Block Potion"},{"floor":14,"key":"Block Potion"},{"floor":20,"key":"Explosive Potion"},{"floor":30,"key":"PowerPotion"},{"floor":33,"key":"SpeedPotion"},{"floor":34,"key":"EntropicBrew"},{"floor":35,"key":"GamblersBrew"}],"is_trial":false,"path_per_floor":["M","?","$","M","?","R","$","R","T","R","M","E","M","M","R","B",null,"M","?","M","?","$","R","M","R","T","$","E","R","E","?","R","B",null,"M","$","?","M","M","E"],"character_chosen":"IRONCLAD","items_purchased":["Pommel Strike","Oddly Smooth Stone","Explosive Potion","Bottled Lightning"],"campfire_rested":4,"item_purchase_floors":[7,22,27,36],"current_hp_per_floor":[74,71,71,76,76,76,76,76,76,76,80,56,50,51,75,37,80,60,60,47,47,47,47,35,60,60,60,16,56,62,62,86,40,91,56,56,56,51,41,0],"gold":107,"neow_bonus":"RANDOM_COMMON_RELIC","is_prod":false,"is_daily":false,"chose_seed":false,"campfire_upgraded":4,"win_rate":0,"timestamp":1565749763,"path_taken":["M","?","$","M","?","R","$","R","T","R","?","E","M","M","R","BOSS","M","?","?","?","$","R","?","R","T","$","E","R","E","?","R","BOSS","M","$","?","M","M","E"],"build_version":"2019-07-17","purchased_purges":2,"victory":false,"max_hp_per_floor":[80,80,80,80,80,80,80,80,80,80,80,80,80,80,80,80,80,83,83,86,86,86,86,86,86,86,86,86,86,86,86,86,86,91,91,91,91,91,95,95],"card_choices":[{"not_picked":["Twin Strike","Power Through","Rage"],"picked":"SKIP","floor":1},{"not_picked":["Clothesline","Wild Strike"],"picked":"Pommel Strike","floor":4},{"not_picked":["Rampage","Headbutt"],"picked":"Ghostly Armor","floor":11},{"not_picked":["Rupture","Sever Soul"],"picked":"Spot Weakness","floor":12},{"not_picked":["Clash","True Grit"],"picked":"Shrug It Off","floor":13},{"not_picked":["Spot Weakness","Sever Soul"],"picked":"Clothesline","floor":14},{"not_picked":["Dark Embrace","Bludgeon"],"picked":"Juggernaut","floor":16},{"not_picked":["Wild Strike","Intimidate"],"picked":"Thunderclap+1","floor":18},{"not_picked":["Ghostly Armor","Headbutt"],"picked":"Shrug It Off","floor":20},{"not_picked":["Shockwave","Anger","Perfected Strike"],"picked":"SKIP","floor":24},{"not_picked":["Pommel Strike","Rage"],"picked":"Heavy Blade","floor":28},{"not_picked":["Clothesline+1","Sword Boomerang"],"picked":"Heavy Blade+1","floor":30},{"not_picked":["Limit Break","Brutality"],"picked":"Demon Form","floor":33},{"not_picked":["Iron Wave","Perfected Strike"],"picked":"Metallicize","floor":34},{"not_picked":["Havoc+1","Heavy Blade"],"picked":"Body Slam+1","floor":35},{"not_picked":["PanicButton","Mind Blast"],"picked":"Apotheosis","floor":37},{"not_picked":["Flex","Perfected Strike+1"],"picked":"Shrug It Off+1","floor":38},{"not_picked":["Flex+1","Dual Wield+1"],"picked":"Offering","floor":39}],"player_experience":365581,"relics_obtained":[{"floor":9,"key":"Happy Flower"},{"floor":12,"key":"Omamori"},{"floor":26,"key":"Pen Nib"},{"floor":28,"key":"Regal Pillow"},{"floor":30,"key":"Unceasing Top"}],"event_choices":[{"damage_healed":0,"gold_gain":0,"player_choice":"Success","damage_taken":3,"relics_obtained":["PreservedInsect"],"max_hp_gain":0,"max_hp_loss":0,"event_name":"Scrap Ooze","floor":2,"gold_loss":0},{"damage_healed":0,"gold_gain":0,"cards_transformed":["Strike_R"],"player_choice":"Transformed","damage_taken":0,"max_hp_gain":0,"max_hp_loss":0,"event_name":"Transmorgrifier","floor":5,"gold_loss":0,"cards_obtained":["Twin Strike"]},{"damage_healed":0,"gold_gain":0,"cards_transformed":["Power Through"],"player_choice":"Transformed","damage_taken":0,"max_hp_gain":0,"max_hp_loss":0,"event_name":"Transmorgrifier","floor":19,"gold_loss":0,"cards_obtained":["Pommel Strike"]},{"damage_healed":0,"gold_gain":100,"player_choice":"Pray","damage_taken":0,"max_hp_gain":0,"max_hp_loss":0,"event_name":"Golden Shrine","floor":21,"gold_loss":0},{"damage_healed":0,"gold_gain":0,"player_choice":"Traded Relic","damage_taken":0,"relics_obtained":["Nloth\u0027s Gift"],"max_hp_gain":0,"max_hp_loss":0,"event_name":"N\u0027loth","floor":31,"relics_lost":["Unceasing Top"],"gold_loss":0},{"damage_healed":0,"gold_gain":0,"player_choice":"Memory 1","damage_taken":0,"max_hp_gain":0,"max_hp_loss":0,"event_name":"SensoryStone","floor":37,"gold_loss":0}],"is_beta":false,"boss_relics":[{"not_picked":["Cursed Key","Fusion Hammer"],"picked":"Pandora\u0027s Box"},{"not_picked":["Runic Pyramid","Black Blood"],"picked":"Tiny House"}],"items_purged_floors":[3,22],"is_endless":false,"potions_floor_spawned":[4,12,14,20,30,33,35,39],"killed_by":"Reptomancer","ascension_level":4}