{"gold_per_floor":[119,1,16,91,103,103,132,132,186,206,220,231,133,133,133,232,232,245,56,44,144,0,0,16,64,89,89,140,140,153,21,21,21],"floor_reached":33,"playtime":5581,"items_purged":["Strike_B"],"score":245,"play_id":"788792dc-a49d-40f9-ab98-502f486e7bfa","local_time":"20190622211512","is_ascension_mode":false,"campfire_choices":[{"data":"BootSequence","floor":6,"key":"SMITH"},{"floor":8,"key":"REST"},{"data":"Zap","floor":15,"key":"SMITH"},{"floor":23,"key":"REST"},{"floor":29,"key":"REST"},{"floor":32,"key":"REST"}],"neow_cost":"NONE","seed_source_timestamp":172680922546200,"circlet_count":0,"master_deck":["Strike_B+1","Strike_B","Defend_B","Defend_B","Defend_B","Defend_B","Zap+1","Dualcast","Beam Cell","Conserve Battery","FTL+1","Conserve Battery","BootSequence+1","Beam Cell","Go for the Eyes","Gash","Conserve Battery","Beam Cell","Parasite","Reinforced Body","Panache","Cold Snap","Static Discharge+1","Cold Snap","FTL","Leap"],"relics":["Cracked Core","Whetstone","PreservedInsect","Busted Crown","Ice Cream","Bottled Flame","Blood Vial","Strawberry","MutagenicStrength","Orichalcum"],"potions_floor_usage":[11,12,16,16,24,33,33],"damage_taken":[{"damage":0,"enemies":"Small Slimes","floor":1,"turns":3},{"damage":0,"enemies":"Cultist","floor":3,"turns":3},{"damage":4,"enemies":"Jaw Worm","floor":5,"turns":3},{"damage":17,"enemies":"Lagavulin","floor":7,"turns":8},{"damage":0,"enemies":"3 Louse","floor":10,"turns":3},{"damage":0,"enemies":"Looter","floor":11,"turns":2},{"damage":0,"enemies":"Blue Slaver","floor":12,"turns":3},{"damage":44,"enemies":"Hexaghost","floor":16,"turns":14},{"damage":12,"enemies":"Shell Parasite","floor":18,"turns":9},{"damage":8,"enemies":"2 Thieves","floor":20,"turns":4},{"damage":5,"enemies":"Colosseum Slavers","floor":21,"turns":4},{"damage":49,"enemies":"Colosseum Nobs","floor":21,"turns":5},{"damage":21,"enemies":"Shelled Parasite and Fungi","floor":24,"turns":7},{"damage":14,"enemies":"Cultist and Chosen","floor":30,"turns":6},{"damage":58,"enemies":"Automaton","floor":33,"turns":12}],"seed_played":"6028314181927680739","potions_obtained":[{"floor":3,"key":"AttackPotion"},{"floor":5,"key":"Explosive Potion"},{"floor":10,"key":"Block Potion"},{"floor":11,"key":"Block Potion"},{"floor":21,"key":"Poison Potion"},{"floor":30,"key":"Dexterity Potion"}],"is_trial":false,"path_per_floor":["M","$","M","?","M","R","E","R","T","M","M","M","$","?","R","B",null,"M","$","M","?","?","R","M","T","T","?","T","R","M","$","R","B"],"character_chosen":"DEFECT","items_purchased":["Conserve Battery","FTL","Beam Cell","Panache","FTL","Leap","SkillPotion"],"campfire_rested":4,"item_purchase_floors":[2,2,13,19,31,31,31],"current_hp_per_floor":[75,75,75,68,64,64,47,69,69,69,69,69,69,75,75,31,75,63,63,55,1,1,23,2,2,9,9,9,33,21,21,45,0],"gold":21,"neow_bonus":"REMOVE_CARD","is_prod":false,"is_daily":false,"chose_seed":false,"campfire_upgraded":2,"win_rate":0.0,"timestamp":1561230912,"path_taken":["M","$","M","?","M","R","E","R","T","M","?","M","$","?","R","BOSS","M","$","M","?","?","R","M","?","T","?","?","R","M","$","R","BOSS"],"build_version":"2019-01-23","purchased_purges":1,"victory":false,"max_hp_per_floor":[75,75,75,75,75,75,75,75,75,75,75,75,75,75,75,75,75,75,75,75,75,75,75,75,75,82,82,82,82,82,82,82,82],"card_choices":[{"not_picked":["Lockon","Gash"],"picked":"Beam Cell","floor":1},{"not_picked":["Sweeping Beam","Defragment"],"picked":"Conserve Battery","floor":3},{"not_picked":["Fusion","Double Energy"],"picked":"BootSequence","floor":5},{"not_picked":["Conserve Battery","Barrage"],"picked":"Beam Cell","floor":7},{"not_picked":["Rebound","Ball Lightning"],"picked":"Go for the Eyes","floor":10},{"not_picked":["Melter","Storm"],"picked":"Gash","floor":11},{"not_picked":["Fusion","Leap"],"picked":"Conserve Battery","floor":12},{"not_picked":[],"picked":"Reinforced Body","floor":18},{"not_picked":["Rebound"],"picked":"SKIP","floor":20},{"not_picked":[],"picked":"Cold Snap","floor":21},{"not_picked":[],"picked":"Static Discharge+1","floor":24},{"not_picked":[],"picked":"Cold Snap","floor":30}],"player_experience":57565,"relics_obtained":[{"floor":7,"key":"Whetstone"},{"floor":9,"key":"PreservedInsect"},{"floor":21,"key":"Ice Cream"},{"floor":21,"key":"Bottled Flame"},{"floor":25,"key":"Blood Vial"},{"floor":26,"key":"Strawberry"},{"floor":28,"key":"Orichalcum"}],"event_choices":[{"damage_healed":0,"gold_gain":75,"player_choice":"Touch","damage_taken":7,"max_hp_gain":0,"max_hp_loss":0,"event_name":"FaceTrader","floor":4,"gold_loss":0},{"damage_healed":18,"gold_gain":0,"player_choice":"Healed and dodged fight","damage_taken":0,"max_hp_gain":0,"max_hp_loss":0,"event_name":"Mushrooms","floor":14,"gold_loss":0,"cards_obtained":["Parasite"]},{"damage_healed":0,"gold_gain":0,"player_choice":"Fight","damage_taken":0,"max_hp_gain":0,"max_hp_loss":0,"event_name":"Colosseum","floor":21,"gold_loss":0},{"damage_healed":0,"gold_gain":0,"player_choice":"Fought Nobs","damage_taken":0,"max_hp_gain":0,"max_hp_loss":0,"event_name":"Colosseum","floor":21,"gold_loss":0},{"damage_healed":0,"gold_gain":0,"player_choice":"Paid Fearfully","damage_taken":0,"max_hp_gain":0,"max_hp_loss":0,"event_name":"Masked Bandits","floor":22,"gold_loss":144},{"damage_healed":0,"gold_gain":0,"player_choice":"Inject Mutagens","damage_taken":0,"relics_obtained":["MutagenicStrength"],"max_hp_gain":0,"max_hp_loss":0,"event_name":"Drug Dealer","floor":27,"gold_loss":0}],"is_beta":false,"boss_relics":[{"not_picked":["Runic Dome","Lizard Tail"],"picked":"Busted Crown"}],"items_purged_floors":[13],"is_endless":false,"potions_floor_spawned":[3,5,10,11,21,21,30],"killed_by":"Automaton","ascension_level":0}