{"gold_per_floor":[115,130,143,155,21,21,35,35,59,74,99,99,127,137,137,210,210,227,65,78,3,23,55,55,55,55,55,123,123,142,142,142,142],"floor_reached":33,"playtime":1522,"items_purged":["Strike_R"],"score":554,"play_id":"717f68f8-0f89-4364-b932-0f8195b9c307","local_time":"20190625145751","is_ascension_mode":true,"campfire_choices":[{"data":"Juggernaut","floor":6,"key":"SMITH"},{"data":"Carnage","floor":8,"key":"SMITH"},{"floor":12,"key":"REST"},{"data":"Shockwave","floor":15,"key":"SMITH"},{"floor":24,"key":"REST"},{"data":"Body Slam","floor":29,"key":"SMITH"},{"floor":32,"key":"REST"}],"neow_cost":"NONE","seed_source_timestamp":106186207397500,"circlet_count":0,"master_deck":["AscendersBane","Strike_R","Strike_R","Strike_R","Defend_R","Defend_R","Defend_R","Defend_R","Bash","Shockwave+1","Carnage+1","Iron Wave","Juggernaut+1","Shrug It Off","Pommel Strike","Anger","Headbutt","Flame Barrier","Juggernaut","True Grit","Shrug It Off","Body Slam+1","Disarm"],"relics":["Lizard Tail","Centennial Puzzle","Oddly Smooth Stone","Ancient Tea Set","Cursed Key","Omamori","Anchor","Strawberry"],"potions_floor_usage":[4,11,14,18,20,23],"damage_taken":[{"damage":2,"enemies":"Cultist","floor":1,"turns":4},{"damage":14,"enemies":"Jaw Worm","floor":2,"turns":5},{"damage":4,"enemies":"Small Slimes","floor":3,"turns":3},{"damage":11,"enemies":"Exordium Wildlife","floor":4,"turns":7},{"damage":4,"enemies":"Blue Slaver","floor":7,"turns":7},{"damage":4,"enemies":"3 Louse","floor":10,"turns":6},{"damage":11,"enemies":"Lagavulin","floor":11,"turns":8},{"damage":19,"enemies":"3 Sentries","floor":13,"turns":7},{"damage":1,"enemies":"Exordium Thugs","floor":14,"turns":4},{"damage":30,"enemies":"Hexaghost","floor":16,"turns":10},{"damage":0,"enemies":"Chosen","floor":18,"turns":3},{"damage":14,"enemies":"Spheric Guardian","floor":20,"turns":4},{"damage":0,"enemies":"Snecko","floor":22,"turns":5},{"damage":53,"enemies":"Slavers","floor":23,"turns":9},{"damage":8,"enemies":"Snake Plant","floor":30,"turns":3},{"damage":62,"enemies":"Automaton","floor":33,"turns":6}],"seed_played":"8860704484484676020","potions_obtained":[{"floor":1,"key":"FearPotion"},{"floor":4,"key":"Dexterity Potion"},{"floor":10,"key":"Swift Potion"},{"floor":13,"key":"Ancient Potion"},{"floor":16,"key":"Dexterity Potion"},{"floor":18,"key":"Regen Potion"},{"floor":30,"key":"Ancient Potion"}],"is_trial":false,"path_per_floor":["M","M","M","M","$","R","M","R","T","M","E","R","E","M","R","B",null,"M","$","M","?","M","E","R","?","T","$","T","R","M","?","R","B"],"character_chosen":"IRONCLAD","items_purchased":["Shrug It Off","Omamori"],"campfire_rested":3,"item_purchase_floors":[5,19],"current_hp_per_floor":[66,52,48,37,37,37,33,33,33,29,18,40,21,20,20,31,64,64,64,62,62,62,9,31,31,38,38,38,38,30,6,32,0],"gold":142,"neow_bonus":"BOSS_RELIC","is_prod":false,"is_daily":false,"chose_seed":false,"campfire_upgraded":4,"win_rate":0,"timestamp":1561489071,"path_taken":["M","M","?","M","?","R","M","R","T","M","E","R","E","M","R","BOSS","M","$","M","?","M","E","R","?","T","?","?","R","M","?","R","BOSS"],"build_version":"2019-01-23","purchased_purges":1,"victory":false,"max_hp_per_floor":[75,75,75,75,75,75,75,75,75,75,75,75,75,75,75,75,75,75,75,75,75,75,75,75,75,82,82,82,82,82,87,87,87],"card_choices":[{"not_picked":["Sword Boomerang","Body Slam"],"picked":"Shockwave","floor":1},{"not_picked":["Infernal Blade","Clash"],"picked":"Carnage","floor":2},{"not_picked":["Sword Boomerang","Warcry"],"picked":"Iron Wave","floor":3},{"not_picked":["True Grit","Shrug It Off"],"picked":"Juggernaut","floor":4},{"not_picked":["Heavy Blade","Uppercut"],"picked":"Pommel Strike","floor":7},{"not_picked":["Havoc","Warcry","Sword Boomerang"],"picked":"SKIP","floor":10},{"not_picked":["Sword Boomerang","Perfected Strike"],"picked":"Anger","floor":11},{"not_picked":["Havoc","Thunderclap"],"picked":"Headbutt","floor":13},{"not_picked":["Cleave","Flex"],"picked":"Flame Barrier","floor":14},{"not_picked":["Double Tap","Bludgeon"],"picked":"Juggernaut","floor":16},{"not_picked":["Entrench","Warcry","Clash"],"picked":"SKIP","floor":18},{"not_picked":["Wild Strike","Flex"],"picked":"True Grit","floor":20},{"not_picked":["Dropkick","Havoc","Rupture"],"picked":"SKIP","floor":22},{"not_picked":["Blood for Blood","Dual Wield"],"picked":"Shrug It Off","floor":23},{"not_picked":["Clash","Rage"],"picked":"Disarm","floor":30}],"player_experience":2161795,"relics_obtained":[{"floor":9,"key":"Centennial Puzzle"},{"floor":11,"key":"Oddly Smooth Stone"},{"floor":13,"key":"Ancient Tea Set"},{"floor":23,"key":"Anchor"},{"floor":26,"key":"Strawberry"}],"event_choices":[{"cards_removed":["Strike_R"],"damage_healed":0,"gold_gain":0,"player_choice":"Gave Gold","damage_taken":0,"max_hp_gain":0,"max_hp_loss":0,"event_name":"Beggar","floor":21,"gold_loss":75},{"damage_healed":0,"gold_gain":0,"player_choice":"Read","damage_taken":0,"max_hp_gain":0,"max_hp_loss":0,"event_name":"The Library","floor":25,"gold_loss":0,"cards_obtained":["Body Slam"]},{"damage_healed":0,"gold_gain":0,"player_choice":"Shed Blood","damage_taken":29,"max_hp_gain":5,"max_hp_loss":0,"event_name":"Forgotten Altar","floor":31,"gold_loss":0}],"is_beta":false,"boss_relics":[{"not_picked":["Busted Crown","Orrery"],"picked":"Cursed Key"}],"items_purged_floors":[5],"is_endless":false,"potions_floor_spawned":[1,4,10,13,16,18,30],"killed_by":"Automaton","ascension_level":20}