{"gold_per_floor":[219,235,249,259,272,272,292,292,319,354,368,398,398,378,378,455,455,468,483,483,503,44,44],"floor_reached":23,"playtime":926,"items_purged":["Strike_G"],"score":342,"play_id":"7c835ae9-cb24-4f9b-9243-4dae4351cb8b","local_time":"20190709224213","is_ascension_mode":true,"campfire_choices":[{"floor":6.0,"key":"REST"},{"floor":8.0,"key":"REST"},{"floor":15,"key":"REST"}],"neow_cost":"NONE","seed_source_timestamp":663273716037303,"circlet_count":0,"master_deck":["AscendersBane","Strike_G","Strike_G","Strike_G","Defend_G","Defend_G","Defend_G","Defend_G","Defend_G","Survivor","Neutralize","Deadly Poison","Poisoned Stab","Noxious Fumes","Catalyst","Cloak And Dagger","Catalyst","Venomology","Malaise","Acrobatics+1","Well Laid Plans","Dodge and Roll","Caltrops"],"special_seed":0,"relics":["Ring of the Serpent","Blood Vial","Mummified Hand","Boot","Toy Ornithopter","Bag of Preparation"],"potions_floor_usage":[13,16,19,19,19,21,21],"damage_taken":[{"damage":7.0,"enemies":"Cultist","floor":1.0,"turns":5.0},{"damage":7.0,"enemies":"Jaw Worm","floor":2.0,"turns":6.0},{"damage":0.0,"enemies":"Small Slimes","floor":3.0,"turns":3.0},{"damage":12.0,"enemies":"Looter","floor":4.0,"turns":4.0},{"damage":16.0,"enemies":"3 Louse","floor":5.0,"turns":4.0},{"damage":12.0,"enemies":"2 Fungi Beasts","floor":7.0,"turns":5.0},{"damage":39.0,"enemies":"3 Sentries","floor":10.0,"turns":8.0},{"damage":13.0,"enemies":"Large Slime","floor":11.0,"turns":10.0},{"damage":4.0,"enemies":"Gremlin Nob","floor":12.0,"turns":3.0},{"damage":0,"enemies":"Exordium Thugs","floor":13,"turns":1},{"damage":16,"enemies":"The Guardian","floor":16,"turns":6},{"damage":28,"enemies":"Chosen","floor":18,"turns":6},{"damage":26,"enemies":"2 Thieves","floor":19,"turns":5},{"damage":7,"enemies":"Snake Plant","floor":21,"turns":6},{"damage":18,"enemies":"Gremlin Leader","floor":23,"turns":2}],"seed_played":"-5811619241574052900","potions_obtained":[{"floor":4.0,"key":"PowerPotion"},{"floor":5.0,"key":"AttackPotion"},{"floor":10.0,"key":"AttackPotion"},{"floor":11.0,"key":"SmokeBomb"},{"floor":14,"key":"Poison Potion"},{"floor":16,"key":"EssenceOfSteel"},{"floor":19,"key":"SpeedPotion"}],"is_trial":false,"path_per_floor":["M","M","M","M","M","R","M","R","T","E","M","E","M","?","R","B",null,"M","M","?","M","$","E"],"character_chosen":"THE_SILENT","items_purchased":["Toy Ornithopter","Caltrops","Bag of Preparation"],"campfire_rested":3,"item_purchase_floors":[22,22,22],"current_hp_per_floor":[56,49,49,37,21,42,30,51,51,14,3,1,3,3,24,10,55,29,19,19,14,14,0],"gold":44,"neow_bonus":"HUNDRED_GOLD","is_prod":false,"is_daily":false,"chose_seed":false,"campfire_upgraded":0,"win_rate":0,"timestamp":1562726533,"path_taken":["M","?","?","M","M","R","M","R","T","E","M","E","M","?","R","BOSS","M","?","?","?","$","E"],"build_version":"2019-07-05","purchased_purges":1,"victory":false,"max_hp_per_floor":[70,70,70,70,70,70,70,70,70,70,70,70,70,70,70,70,70,70,70,70,70,70,70],"card_choices":[{"not_picked":["Slice","Prepared","Sucker Punch"],"picked":"SKIP","floor":1.0},{"not_picked":["Masterful Stab","Terror"],"picked":"Deadly Poison","floor":2.0},{"not_picked":["Blade Dance","Doppelganger"],"picked":"Poisoned Stab","floor":3.0},{"not_picked":["Outmaneuver","Underhanded Strike"],"picked":"Noxious Fumes","floor":4.0},{"not_picked":["Acrobatics","Backflip"],"picked":"Catalyst","floor":5.0},{"not_picked":["Deadly Poison","Sucker Punch"],"picked":"Cloak And Dagger","floor":7.0},{"not_picked":["Accuracy","Heel Hook"],"picked":"Catalyst","floor":10.0},{"not_picked":["Bullet Time","Flying Knee","Heel Hook"],"picked":"SKIP","floor":11.0},{"not_picked":["Deflect","Prepared"],"picked":"Venomology","floor":12.0},{"not_picked":["Doppelganger","Phantasmal Killer"],"picked":"Malaise","floor":16},{"not_picked":["Flying Knee","Finisher"],"picked":"Acrobatics+1","floor":18},{"not_picked":["Cloak And Dagger+1","Dagger Throw"],"picked":"Well Laid Plans","floor":19},{"not_picked":["Underhanded Strike","Dagger Spray","Flechettes"],"picked":"SKIP","floor":21}],"player_experience":673650,"relics_obtained":[{"floor":9.0,"key":"Blood Vial"},{"floor":10.0,"key":"Mummified Hand"},{"floor":12.0,"key":"Boot"}],"event_choices":[{"damage_healed":0,"gold_gain":0,"player_choice":"Bought 1 Potion","damage_taken":0,"max_hp_gain":0,"max_hp_loss":0,"event_name":"The Woman in Blue","floor":14,"gold_loss":0},{"damage_healed":0,"gold_gain":0,"cards_transformed":["Strike_G"],"player_choice":"Transformed","damage_taken":0,"max_hp_gain":0,"max_hp_loss":0,"event_name":"Transmorgrifier","floor":20,"gold_loss":0,"cards_obtained":["Dodge and Roll"]}],"is_beta":false,"boss_relics":[{"not_picked":["Busted Crown","Eternal Feather"],"picked":"Ring of the Serpent"}],"items_purged_floors":[22],"is_endless":false,"potions_floor_spawned":[4,5,10,11,16,19],"killed_by":"Gremlin Leader","ascension_level":13}