{"gold_per_floor":[10,23,38,38,14,14,41,56,56,76,103,118,144,160,160,265,265,282,282,37,37,37,64,64,93,93,122,137,148,166,194,194,292,342,354,366,94,94,106,106,140,140,140,140,90,102,27,127,127,127,127,127,26,57,57],"floor_reached":56,"playtime":11751,"items_purged":["Writhe","Strike_G+1","Strike_G+1","Strike_G+1"],"score":1563,"play_id":"361c210b-c7d2-4354-884d-fa57a149eaf4","local_time":"20190710163140","is_ascension_mode":true,"campfire_choices":[{"data":"Neutralize","floor":6.0,"key":"SMITH"},{"data":"Tools of the Trade","floor":15.0,"key":"SMITH"},{"data":"After Image","floor":24.0,"key":"SMITH"},{"data":"A Thousand Cuts","floor":32.0,"key":"SMITH"},{"data":"Calculated Gamble","floor":40.0,"key":"SMITH"},{"data":"Venomology","floor":42.0,"key":"SMITH"},{"data":"Catalyst","floor":44.0,"key":"SMITH"},{"floor":49.0,"key":"RECALL"},{"data":"Night Terror","floor":52.0,"key":"SMITH"}],"neow_cost":"NO_GOLD","seed_source_timestamp":0,"circlet_count":0,"master_deck":["Defend_G+1","Defend_G+1","Defend_G+1","Defend_G+1","Survivor","Neutralize+1","Endless Agony","Infinite Blades","Dash","Backflip+1","Flying Knee","Finisher","Tools of the Trade+1","Noxious Fumes","Noxious Fumes","Backstab","After Image+1","PiercingWail","Catalyst+1","Dagger Throw+1","Night Terror+1","A Thousand Cuts+1","Burst","Dagger Spray+1","Calculated Gamble+1","Venomology+1","Well Laid Plans","Escape Plan+1","Accuracy+1","Cloak And Dagger+1","Glass Knife","After Image"],"special_seed":0,"relics":["Ring of the Snake","Snake Skull","Ninja Scroll","Smiling Mask","Coffee Dripper","Torii","Toy Ornithopter","Blue Candle","Boot","Orichalcum","Strawberry","Tough Bandages","Tiny House","Art of War","Vajra","Ginger","Ice Cream"],"potions_floor_usage":[54,55,55,55],"damage_taken":[{"damage":6.0,"enemies":"2 Louse","floor":1.0,"turns":2.0},{"damage":1.0,"enemies":"Cultist","floor":2.0,"turns":3.0},{"damage":2.0,"enemies":"Jaw Worm","floor":3.0,"turns":5.0},{"damage":6.0,"enemies":"Lagavulin","floor":7.0,"turns":11.0},{"damage":2.0,"enemies":"2 Fungi Beasts","floor":8.0,"turns":4.0},{"damage":0.0,"enemies":"Looter","floor":10.0,"turns":3.0},{"damage":6.0,"enemies":"3 Sentries","floor":11.0,"turns":8.0},{"damage":0.0,"enemies":"Exordium Thugs","floor":12.0,"turns":4.0},{"damage":24.0,"enemies":"Gremlin Nob","floor":13.0,"turns":4.0},{"damage":0.0,"enemies":"2 Fungi Beasts","floor":14.0,"turns":3.0},{"damage":0.0,"enemies":"Slime Boss","floor":16.0,"turns":6.0},{"damage":0.0,"enemies":"3 Byrds","floor":18.0,"turns":4.0},{"damage":1.0,"enemies":"Gremlin Leader","floor":23.0,"turns":7.0},{"damage":0.0,"enemies":"Book of Stabbing","floor":25.0,"turns":4.0},{"damage":1.0,"enemies":"Slavers","floor":27.0,"turns":6.0},{"damage":0.0,"enemies":"Spheric Guardian","floor":28.0,"turns":3.0},{"damage":0.0,"enemies":"Shelled Parasite and Fungi","floor":29.0,"turns":3.0},{"damage":0.0,"enemies":"Snecko","floor":30.0,"turns":4.0},{"damage":12.0,"enemies":"Gremlin Leader","floor":31.0,"turns":6.0},{"damage":2.0,"enemies":"Collector","floor":33.0,"turns":10.0},{"damage":1.0,"enemies":"3 Darklings","floor":35.0,"turns":6.0},{"damage":1.0,"enemies":"3 Shapes","floor":36.0,"turns":6.0},{"damage":0.0,"enemies":"Transient","floor":39.0,"turns":5.0},{"damage":8.0,"enemies":"Nemesis","floor":41.0,"turns":7.0},{"damage":6.0,"enemies":"4 Shapes","floor":46.0,"turns":4.0},{"damage":8.0,"enemies":"Mind Bloom Boss Battle","floor":48.0,"turns":6.0},{"damage":47.0,"enemies":"Awakened One","floor":50.0,"turns":18.0},{"damage":59,"enemies":"Shield and Spear","floor":54,"turns":9},{"damage":39,"enemies":"The Heart","floor":55,"turns":10}],"seed_played":"6291087629095220347","potions_obtained":[{"floor":1.0,"key":"Energy Potion"},{"floor":3.0,"key":"Fire Potion"},{"floor":8.0,"key":"SpeedPotion"},{"floor":12.0,"key":"Weak Potion"},{"floor":28.0,"key":"Block Potion"},{"floor":29.0,"key":"GamblersBrew"},{"floor":30.0,"key":"PowerPotion"},{"floor":31.0,"key":"EntropicBrew"},{"floor":34.0,"key":"Ancient Potion"},{"floor":35.0,"key":"Energy Potion"}],"is_trial":false,"path_per_floor":["M","M","M","?","$","R","E","M","T","M","E","M","E","M","R","B",null,"M","?","$","?","?","E","R","E","T","E","M","M","M","E","R","B",null,"M","M","$","?","M","R","E","R","T","R","$","M","$","?","R","B",null,"R","$","E","B",null],"character_chosen":"THE_SILENT","items_purchased":["Backflip","Toy Ornithopter","Venomology","Well Laid Plans","Glass Knife","Dexterity Potion"],"campfire_rested":0,"item_purchase_floors":[5,20,37,37,47,53],"current_hp_per_floor":[64,63,61,70,70,70,64,62,62,62,56,56,32,32,32,32,61,61,61,61,61,61,65,65,65,65,76,76,77,77,66,66,69,80,79,78,78,78,82,82,81,81,81,81,81,80,80,82,82,50,74,74,74,20,5],"gold":57,"neow_bonus":"REMOVE_TWO","is_prod":false,"is_daily":false,"chose_seed":false,"campfire_upgraded":8,"win_rate":0,"timestamp":1562801500,"path_taken":["M","M","M","?","?","R","E","M","T","M","E","?","E","M","R","BOSS","M","?","$","?","?","E","R","E","T","E","M","?","M","E","R","BOSS","M","M","$","?","?","R","E","R","T","R","$","M","?","?","R","BOSS","R","$","E","BOSS"],"build_version":"2019-07-05","purchased_purges":4,"victory":true,"max_hp_per_floor":[70,70,70,70,70,70,70,70,70,70,70,70,70,70,70,70,70,70,70,70,70,70,70,70,70,70,77,77,77,77,77,77,77,82,82,82,82,82,82,82,82,82,82,82,82,82,82,82,82,82,82,82,82,82,82],"card_choices":[{"not_picked":["Outmaneuver","Catalyst"],"picked":"Endless Agony","floor":1.0},{"not_picked":["Deflect","Accuracy"],"picked":"Infinite Blades","floor":2.0},{"not_picked":["Acrobatics","Unload"],"picked":"Dash","floor":3.0},{"not_picked":["Deadly Poison","Blade Dance"],"picked":"Flying Knee","floor":7.0},{"not_picked":["Outmaneuver","Prepared"],"picked":"Finisher","floor":8.0},{"not_picked":["Backflip","Infinite Blades"],"picked":"Tools of the Trade","floor":10.0},{"not_picked":["Quick Slash","Deflect"],"picked":"Noxious Fumes","floor":11.0},{"not_picked":["Dagger Spray","Blade Dance"],"picked":"Leg Sweep","floor":12.0},{"not_picked":["Underhanded Strike","Prepared"],"picked":"Noxious Fumes","floor":13.0},{"not_picked":["Blade Dance","Flying Knee"],"picked":"Backstab","floor":14.0},{"not_picked":["Bullet Time","Phantasmal Killer"],"picked":"After Image","floor":16.0},{"not_picked":["Endless Agony","Riddle With Holes","Deadly Poison"],"picked":"SKIP","floor":18.0},{"not_picked":["Bane","Deadly Poison"],"picked":"Catalyst","floor":23.0},{"not_picked":["Blade Dance","Caltrops"],"picked":"Dagger Throw+1","floor":25.0},{"not_picked":["Distraction","Poisoned Stab"],"picked":"Night Terror","floor":27.0},{"not_picked":["Expertise","Infinite Blades+1","Prepared"],"picked":"SKIP","floor":28.0},{"not_picked":["Dagger Throw","Poisoned Stab+1","Blade Dance"],"picked":"SKIP","floor":29.0},{"not_picked":["Dagger Throw","Caltrops","PiercingWail+1"],"picked":"SKIP","floor":30.0},{"not_picked":["Dodge and Roll+1","Deflect"],"picked":"A Thousand Cuts","floor":31.0},{"not_picked":["Doppelganger","Unload"],"picked":"Burst","floor":33.0},{"not_picked":["Dodge and Roll+1","Flying Knee+1"],"picked":"Dagger Spray+1","floor":35.0},{"not_picked":["Backstab+1","Slice"],"picked":"Calculated Gamble","floor":36.0},{"not_picked":["Footwork","Infinite Blades"],"picked":"Escape Plan+1","floor":39.0},{"not_picked":["Flying Knee","Bane+1"],"picked":"Accuracy+1","floor":41.0},{"not_picked":["Deflect+1","Deadly Poison+1"],"picked":"Cloak And Dagger+1","floor":46.0},{"not_picked":["Outmaneuver+1","Heel Hook+1"],"picked":"After Image","floor":54}],"player_experience":235207,"relics_obtained":[{"floor":7.0,"key":"Snake Skull"},{"floor":11.0,"key":"Ninja Scroll"},{"floor":13.0,"key":"Smiling Mask"},{"floor":23.0,"key":"Blue Candle"},{"floor":25.0,"key":"Boot"},{"floor":26.0,"key":"Orichalcum"},{"floor":27.0,"key":"Strawberry"},{"floor":31.0,"key":"Tough Bandages"},{"floor":41.0,"key":"Art of War"},{"floor":43.0,"key":"Vajra"},{"floor":48.0,"key":"Ginger"},{"floor":54,"key":"Ice Cream"}],"event_choices":[{"damage_healed":9.0,"max_hp_gain":0.0,"max_hp_loss":0.0,"gold_gain":0.0,"event_name":"Wheel of Change","player_choice":"Full Heal","floor":4.0,"gold_loss":0.0,"damage_taken":0.0},{"damage_healed":0.0,"max_hp_gain":0.0,"max_hp_loss":0.0,"gold_gain":0.0,"event_name":"The Mausoleum","player_choice":"Opened","floor":19.0,"gold_loss":0.0,"damage_taken":0.0,"relics_obtained":["Torii"],"cards_obtained":["Writhe"]},{"damage_healed":0.0,"max_hp_gain":0.0,"max_hp_loss":0.0,"gold_gain":0.0,"event_name":"Back to Basics","player_choice":"Simplicity","floor":21.0,"gold_loss":0.0,"damage_taken":0.0,"cards_upgraded":["Strike_G","Strike_G","Strike_G","Strike_G","Defend_G","Defend_G","Defend_G","Defend_G"]},{"damage_healed":0.0,"max_hp_gain":0.0,"max_hp_loss":0.0,"gold_gain":0.0,"cards_transformed":["Leg Sweep"],"event_name":"Transmorgrifier","player_choice":"Transformed","floor":22.0,"gold_loss":0.0,"damage_taken":0.0,"cards_obtained":["PiercingWail"]},{"cards_removed":["Strike_G"],"damage_healed":0.0,"max_hp_gain":0.0,"max_hp_loss":0.0,"gold_gain":0.0,"event_name":"Purifier","player_choice":"Purged","floor":38.0,"gold_loss":0.0,"damage_taken":0.0},{"damage_healed":0.0,"max_hp_gain":0.0,"max_hp_loss":0.0,"gold_gain":0.0,"event_name":"MindBloom","player_choice":"Fight","floor":48.0,"gold_loss":0.0,"damage_taken":0.0}],"is_beta":false,"boss_relics":[{"not_picked":["Ectoplasm","White Beast Statue"],"picked":"Coffee Dripper"},{"not_picked":["Calling Bell","Snecko Eye"],"picked":"Tiny House"}],"items_purged_floors":[20,37,45,53],"is_endless":false,"potions_floor_spawned":[1,3,8,12,13,28,29,30,31,35],"ascension_level":5}