{"gold_per_floor":[214,229,131,151,51,51,51,81,81,116,116,116,127,138,138,243,243,261,62,62,161,161],"floor_reached":22,"playtime":796,"items_purged":["Strike_R","Defend_R"],"score":298,"play_id":"b07d2637-cabe-42bc-bf82-49e57f53ddb9","local_time":"20190529100853","is_ascension_mode":true,"campfire_choices":[{"data":"Armaments","floor":6,"key":"SMITH"},{"floor":12,"key":"REST"},{"floor":15,"key":"REST"}],"neow_cost":"NONE","seed_source_timestamp":1251788236735255,"circlet_count":0,"master_deck":["AscendersBane","Strike_R+1","Defend_R","Defend_R+1","Defend_R","Bash","Havoc","Spot Weakness","Armaments+1","Shrug It Off","Rampage","Battle Trance","Uppercut","Shrug It Off","Offering","Headbutt+1","Exhume+1","Feel No Pain+1","Anger","Feel No Pain","Havoc","Pummel"],"relics":["Burning Blood","Shovel","Singing Bowl","Bag of Preparation","Smiling Mask","Astrolabe"],"potions_floor_usage":[16],"damage_taken":[{"damage":21,"enemies":"Jaw Worm","floor":1,"turns":5},{"damage":2,"enemies":"2 Louse","floor":2,"turns":3},{"damage":6,"enemies":"Cultist","floor":4,"turns":4},{"damage":31,"enemies":"Gremlin Nob","floor":8,"turns":5},{"damage":19,"enemies":"3 Sentries","floor":10,"turns":9},{"damage":26,"enemies":"Large Slime","floor":13,"turns":7},{"damage":6,"enemies":"Looter","floor":14,"turns":4},{"damage":19,"enemies":"The Guardian","floor":16,"turns":10},{"damage":28,"enemies":"2 Thieves","floor":18,"turns":4},{"damage":0,"enemies":"3 Byrds","floor":22,"turns":2}],"seed_played":"8452339363519762780","potions_obtained":[{"floor":4,"key":"SpeedPotion"},{"floor":13,"key":"Swift Potion"},{"floor":14,"key":"Fire Potion"},{"floor":18,"key":"LiquidBronze"}],"is_trial":false,"path_per_floor":["M","M","$","M","$","R","?","E","T","E","?","R","M","M","R","B",null,"M","$","?","?","M"],"character_chosen":"IRONCLAD","items_purchased":["Armaments","Feel No Pain","Havoc","Pummel"],"campfire_rested":2,"item_purchase_floors":[3,19,19,19],"current_hp_per_floor":[57,61,61,61,61,61,45,20,20,7,7,31,11,11,35,22,66,44,44,29,29,29],"gold":161,"neow_bonus":"HUNDRED_GOLD","is_prod":false,"is_daily":false,"chose_seed":false,"campfire_upgraded":1,"win_rate":0,"timestamp":1559138933,"path_taken":["M","M","$","M","$","R","?","E","T","E","?","R","M","?","R","BOSS","M","$","?","?","M"],"build_version":"2019-01-23","purchased_purges":2,"victory":false,"max_hp_per_floor":[80,80,80,80,80,80,80,80,80,80,80,80,80,80,80,80,80,80,80,85,85,85],"card_choices":[{"not_picked":["Pummel","Sword Boomerang"],"picked":"Havoc","floor":1},{"not_picked":["Sword Boomerang","True Grit"],"picked":"Spot Weakness","floor":2},{"not_picked":["Havoc","True Grit"],"picked":"Shrug It Off","floor":4},{"not_picked":["Impervious","Carnage"],"picked":"Rampage","floor":8},{"not_picked":["Anger","Barricade"],"picked":"Battle Trance","floor":10},{"not_picked":["Carnage","Headbutt"],"picked":"Uppercut","floor":13},{"not_picked":["Anger","Perfected Strike"],"picked":"Shrug It Off","floor":14},{"not_picked":["Berserk","Reaper"],"picked":"Offering","floor":16},{"not_picked":["Heavy Blade","Carnage"],"picked":"Anger","floor":18}],"player_experience":540236,"relics_obtained":[{"floor":8,"key":"Shovel"},{"floor":9,"key":"Singing Bowl"},{"floor":10,"key":"Bag of Preparation"}],"event_choices":[{"damage_healed":0,"gold_gain":0,"player_choice":"Entered Light","damage_taken":16,"max_hp_gain":0,"max_hp_loss":0,"event_name":"Shining Light","floor":7,"gold_loss":0,"cards_upgraded":["Strike_R","Defend_R"]},{"damage_healed":0,"gold_gain":0,"player_choice":"Gave Potion","damage_taken":0,"relics_obtained":["Smiling Mask"],"max_hp_gain":0,"max_hp_loss":0,"event_name":"WeMeetAgain","floor":11,"gold_loss":0},{"damage_healed":0,"gold_gain":0,"player_choice":"Shed Blood","damage_taken":20,"max_hp_gain":5,"max_hp_loss":0,"event_name":"Forgotten Altar","floor":20,"gold_loss":0},{"damage_healed":0,"gold_gain":99,"player_choice":"Stole From Cult","damage_taken":0,"max_hp_gain":0,"max_hp_loss":0,"event_name":"Nest","floor":21,"gold_loss":0}],"is_beta":false,"boss_relics":[{"not_picked":["White Beast Statue","Busted Crown"],"picked":"Astrolabe"}],"items_purged_floors":[3,5],"is_endless":false,"potions_floor_spawned":[4,13,14,18],"killed_by":"3 Byrds","ascension_level":11}