{"gold_per_floor":[213,14,89,109,128,163,163,197,197,197,197,212,212,222,222,298,298,311,311,327,327,27,27,47,47,70,95,370,370,52,80,80,151,151,166,183,199,215,265,265,290,290,316,328,340,400,412,441,453,465,477,489,501,147,174,174],"floor_reached":57,"playtime":5038,"items_purged":["Regret","Writhe"],"score":2752,"play_id":"Baalorlord-541c75f6","local_time":"20190727161342","is_ascension_mode":true,"campfire_choices":[{"data":"Sucker Punch","floor":7,"key":"SMITH"},{"data":"Well Laid Plans","floor":11,"key":"SMITH"},{"data":"Neutralize","floor":13,"key":"SMITH"},{"data":"Survivor","floor":15,"key":"SMITH"},{"data":"Wraith Form v2","floor":23,"key":"SMITH"},{"data":"Wraith Form v2","floor":25,"key":"SMITH"},{"floor":29,"key":"REST"},{"data":"Noxious Fumes","floor":32,"key":"SMITH"},{"data":"Catalyst","floor":40,"key":"SMITH"},{"data":"Catalyst","floor":42,"key":"SMITH"},{"floor":47,"key":"RECALL"},{"data":"Crippling Poison","floor":49,"key":"SMITH"},{"data":"After Image","floor":53,"key":"SMITH"}],"neow_cost":"NONE","seed_source_timestamp":711218614664900,"circlet_count":0,"master_deck":["AscendersBane","Survivor+1","Neutralize+1","PiercingWail","Flying Knee","Well Laid Plans+1","Cloak And Dagger","Dagger Throw","Sucker Punch+1","Quick Slash","Infinite Blades","A Thousand Cuts","Dash","Wraith Form v2+1","Crippling Poison+1","Bouncing Flask","Wraith Form v2+1","Dodge and Roll","Heel Hook","All Out Attack","Sucker Punch","Bouncing Flask","Noxious Fumes+1","Escape Plan","Deadly Poison","Acrobatics","Night Terror","Catalyst+1","Catalyst+1","Acrobatics+1","After Image+1","Night Terror","Burst"],"relics":["Ring of the Snake","Torii","Mummified Hand","Pandora\u0027s Box","Centennial Puzzle","PreservedInsect","Darkstone Periapt","Anchor","Strawberry","Snecko Eye","Dead Branch","Boot","MawBank","Orichalcum","DollysMirror","Calipers"],"potions_floor_usage":[6,6,12,16,20,27,31,56],"damage_taken":[{"damage":0,"enemies":"2 Louse","floor":1,"turns":4},{"damage":0,"enemies":"Cultist","floor":4,"turns":4},{"damage":4,"enemies":"Jaw Worm","floor":5,"turns":5},{"damage":14,"enemies":"Lagavulin","floor":6,"turns":9},{"damage":5,"enemies":"3 Sentries","floor":8,"turns":10},{"damage":1,"enemies":"2 Fungi Beasts","floor":12,"turns":4},{"damage":0,"enemies":"Gremlin Gang","floor":14,"turns":5},{"damage":8,"enemies":"The Guardian","floor":16,"turns":15},{"damage":3,"enemies":"Spheric Guardian","floor":18,"turns":5},{"damage":11,"enemies":"2 Thieves","floor":20,"turns":5},{"damage":3,"enemies":"Snake Plant","floor":24,"turns":5},{"damage":25,"enemies":"Gremlin Leader","floor":27,"turns":5},{"damage":3,"enemies":"Book of Stabbing","floor":31,"turns":4},{"damage":25,"enemies":"Champ","floor":33,"turns":13},{"damage":1,"enemies":"3 Shapes","floor":35,"turns":5},{"damage":1,"enemies":"Orb Walker","floor":36,"turns":3},{"damage":0,"enemies":"Transient","floor":37,"turns":5},{"damage":0,"enemies":"Maw","floor":38,"turns":5},{"damage":7,"enemies":"2 Orb Walkers","floor":39,"turns":5},{"damage":0,"enemies":"Giant Head","floor":41,"turns":3},{"damage":0,"enemies":"Jaw Worm Horde","floor":48,"turns":5},{"damage":1,"enemies":"Awakened One","floor":50,"turns":7},{"damage":1,"enemies":"Time Eater","floor":51,"turns":4},{"damage":0,"enemies":"Shield and Spear","floor":55,"turns":4},{"damage":33,"enemies":"The Heart","floor":56,"turns":11}],"seed_played":"371491366229489043","potions_obtained":[{"floor":1,"key":"Weak Potion"},{"floor":8,"key":"AttackPotion"},{"floor":10,"key":"Weak Potion"},{"floor":12,"key":"SteroidPotion"},{"floor":16,"key":"Ancient Potion"},{"floor":27,"key":"Strength Potion"},{"floor":33,"key":"Fire Potion"}],"is_trial":false,"path_per_floor":["M","$","?","M","M","E","R","E","T","?","R","M","R","M","R","B",null,"M","?","M","?","$","R","M","R","T","E","?","R","$","E","R","B",null,"M","M","M","M","?","R","E","R","T","?","?","T","R","M","R","B","B",null,"R","$","E","B",null],"character_chosen":"THE_SILENT","items_purchased":["Flying Knee","Well Laid Plans","AttackPotion","Noxious Fumes","Centennial Puzzle","AttackPotion","GhostInAJar","Anchor","DollysMirror","Energy Potion"],"campfire_rested":1,"item_purchase_floors":[2,2,2,22,22,22,30,30,54,54],"current_hp_per_floor":[59,59,48,48,44,30,30,25,25,25,25,24,24,24,24,16,54,51,51,40,40,40,40,37,37,37,12,18,39,39,43,43,18,64,63,62,62,62,55,55,55,55,55,77,77,77,77,77,77,76,75,83,83,83,83,50],"gold":174,"neow_bonus":"HUNDRED_GOLD","is_prod":false,"is_daily":false,"chose_seed":false,"campfire_upgraded":11,"win_rate":0,"timestamp":1564258422,"path_taken":["M","$","?","M","M","E","R","E","T","?","R","M","R","M","R","BOSS","M","?","M","?","$","R","M","R","T","E","?","R","$","E","R","BOSS","M","?","M","M","?","R","E","R","T","?","?","?","R","M","R","BOSS","BOSS","R","$","E","BOSS"],"build_version":"2019-07-17","purchased_purges":2,"victory":true,"max_hp_per_floor":[66,66,66,66,66,66,66,66,66,66,66,66,66,66,66,66,66,66,66,66,66,66,66,66,66,66,66,72,72,72,79,79,79,79,79,79,79,79,79,79,79,79,79,85,85,85,85,85,85,85,85,85,85,85,85,85],"card_choices":[{"not_picked":["Riddle With Holes","Outmaneuver"],"picked":"PiercingWail","floor":1},{"not_picked":["Distraction","Acrobatics"],"picked":"Cloak And Dagger","floor":4},{"not_picked":["Grand Finale","Heel Hook"],"picked":"Dagger Throw","floor":5},{"not_picked":["Blur","Blade Dance"],"picked":"Sucker Punch","floor":6},{"not_picked":["Blade Dance","Setup"],"picked":"Quick Slash","floor":8},{"not_picked":["Flying Knee","Sucker Punch","Dagger Throw"],"picked":"SKIP","floor":12},{"not_picked":["Eviscerate","Outmaneuver"],"picked":"Infinite Blades","floor":14},{"not_picked":["Glass Knife","Burst"],"picked":"A Thousand Cuts","floor":16},{"not_picked":["Blade Dance+1","Caltrops","Sucker Punch"],"picked":"SKIP","floor":18},{"not_picked":["PiercingWail","Backflip"],"picked":"Bouncing Flask","floor":20},{"not_picked":["Quick Slash","Eviscerate"],"picked":"Escape Plan","floor":24},{"not_picked":["Flying Knee","Terror"],"picked":"Deadly Poison","floor":27},{"not_picked":["Slice","Predator"],"picked":"Acrobatics","floor":31},{"not_picked":["Corpse Explosion","A Thousand Cuts"],"picked":"Night Terror","floor":33},{"not_picked":["Dagger Throw+1","Acrobatics"],"picked":"Catalyst","floor":35},{"not_picked":["Riddle With Holes","Finisher"],"picked":"Catalyst","floor":36},{"not_picked":["Blade Dance","Skewer","Flying Knee+1"],"picked":"SKIP","floor":37},{"not_picked":["Concentrate","Deflect"],"picked":"Acrobatics+1","floor":38},{"not_picked":["Storm of Steel","Dagger Spray"],"picked":"After Image","floor":41},{"not_picked":["Deadly Poison","PiercingWail","Expertise+1"],"picked":"SKIP","floor":48},{"not_picked":["Sucker Punch+1","Terror+1"],"picked":"Burst","floor":55}],"player_experience":2319721,"relics_obtained":[{"floor":6,"key":"Torii"},{"floor":8,"key":"Mummified Hand"},{"floor":26,"key":"PreservedInsect"},{"floor":27,"key":"Darkstone Periapt"},{"floor":31,"key":"Strawberry"},{"floor":39,"key":"Dead Branch"},{"floor":41,"key":"Boot"},{"floor":43,"key":"MawBank"},{"floor":46,"key":"Orichalcum"},{"floor":55,"key":"Calipers"}],"event_choices":[{"damage_healed":0,"gold_gain":75,"player_choice":"Gather Gold","damage_taken":11,"max_hp_gain":0,"max_hp_loss":0,"event_name":"World of Goop","floor":3,"gold_loss":0},{"damage_healed":0,"gold_gain":0,"player_choice":"Got Potions","damage_taken":0,"max_hp_gain":0,"max_hp_loss":0,"event_name":"Lab","floor":10,"gold_loss":0},{"damage_healed":0,"gold_gain":0,"cards_transformed":["Unload","Tactician"],"player_choice":"Became Test Subject","damage_taken":0,"max_hp_gain":0,"max_hp_loss":0,"event_name":"Drug Dealer","floor":19,"gold_loss":0,"cards_obtained":["All Out Attack","Sucker Punch"]},{"damage_healed":0,"gold_gain":0,"player_choice":"Ignored","damage_taken":0,"max_hp_gain":0,"max_hp_loss":0,"event_name":"Vampires","floor":21,"gold_loss":0},{"damage_healed":0,"gold_gain":275,"player_choice":"Desecrate","damage_taken":0,"max_hp_gain":0,"max_hp_loss":0,"event_name":"Golden Shrine","floor":28,"gold_loss":0,"cards_obtained":["Regret"]},{"damage_healed":0,"gold_gain":0,"player_choice":"Fight","damage_taken":0,"max_hp_gain":0,"max_hp_loss":0,"event_name":"Mysterious Sphere","floor":39,"gold_loss":0},{"damage_healed":16,"gold_gain":0,"player_choice":"Writhe","damage_taken":0,"max_hp_gain":0,"max_hp_loss":0,"event_name":"Winding Halls","floor":44,"gold_loss":0,"cards_obtained":["Writhe"]},{"cards_removed":["Heel Hook"],"damage_healed":0,"gold_gain":0,"player_choice":"Removed Attack","damage_taken":0,"max_hp_gain":0,"max_hp_loss":0,"event_name":"Falling","floor":45,"gold_loss":0}],"is_beta":false,"boss_relics":[{"not_picked":["Busted Crown","Tiny House"],"picked":"Pandora\u0027s Box"},{"not_picked":["Orrery","Calling Bell"],"picked":"Snecko Eye"}],"items_purged_floors":[30,54],"is_endless":false,"potions_floor_spawned":[1,5,8,12,16,18,27,33,35,38,41,48,55],"ascension_level":20}