{"gold_per_floor":[213,20,37,37,37,64,64,89,136,147,147,147,182,197,197,197],"floor_reached":16,"playtime":1027,"items_purged":["Strike_G"],"score":212,"play_id":"b7a1e6aa-c68d-4ac7-ad05-6433bde5fc2f","local_time":"20190708210248","is_ascension_mode":true,"campfire_choices":[{"data":"Neutralize","floor":7,"key":"SMITH"},{"floor":12,"key":"REST"},{"data":"Deadly Poison","floor":15,"key":"SMITH"}],"neow_cost":"NONE","seed_source_timestamp":1557272793458180,"circlet_count":0,"master_deck":["AscendersBane","Strike_G","Strike_G","Strike_G","Strike_G","Defend_G","Defend_G","Defend_G","Defend_G","Defend_G","Survivor","Neutralize+1","Dash","Well Laid Plans","Leg Sweep","Backflip","PiercingWail","Malaise+1","Slice","Deadly Poison+1","Choke"],"relics":["Ring of the Snake","Dodecahedron","Pantograph","Question Card","Regal Pillow","Juzu Bracelet","Matryoshka"],"potions_floor_usage":[8,16],"damage_taken":[{"damage":4,"enemies":"Cultist","floor":1,"turns":4},{"damage":0,"enemies":"2 Louse","floor":3,"turns":4},{"damage":7,"enemies":"3 Sentries","floor":6,"turns":16},{"damage":27,"enemies":"Gremlin Nob","floor":8,"turns":8},{"damage":0,"enemies":"Jaw Worm","floor":10,"turns":4},{"damage":11,"enemies":"3 Sentries","floor":13,"turns":16},{"damage":9,"enemies":"Large Slime","floor":14,"turns":9},{"damage":51,"enemies":"Slime Boss","floor":16,"turns":19}],"seed_played":"975101818889287274","potions_obtained":[{"floor":3,"key":"Weak Potion"},{"floor":6,"key":"Block Potion"},{"floor":14,"key":"Energy Potion"}],"is_trial":false,"path_per_floor":["M","$","M","T","?","E","R","E","T","M","?","R","E","M","R","B"],"character_chosen":"THE_SILENT","items_purchased":["Well Laid Plans","Leg Sweep"],"campfire_rested":1,"item_purchase_floors":[2,2],"current_hp_per_floor":[55,55,55,55,44,37,37,10,10,10,10,44,33,24,24,0],"gold":197,"neow_bonus":"HUNDRED_GOLD","is_prod":false,"is_daily":false,"chose_seed":false,"campfire_upgraded":2,"win_rate":0,"timestamp":1562637768,"path_taken":["M","$","M","?","?","E","R","E","T","M","?","R","E","M","R","BOSS"],"build_version":"2019-07-05","purchased_purges":1,"victory":false,"max_hp_per_floor":[66,66,66,66,66,66,66,66,66,66,66,66,66,66,66,66],"card_choices":[{"not_picked":["Dagger Spray","Slice"],"picked":"Dash","floor":1},{"not_picked":["Choke","Accuracy"],"picked":"Backflip","floor":3},{"not_picked":["Quick Slash","Dagger Spray"],"picked":"PiercingWail","floor":6},{"not_picked":["Cloak And Dagger","Dash","Escape Plan"],"picked":"Malaise","floor":8},{"not_picked":["Prepared","Flechettes","Poisoned Stab"],"picked":"Slice","floor":10},{"not_picked":["Slice","Leg Sweep","Bullet Time"],"picked":"Deadly Poison","floor":13},{"not_picked":["Eviscerate","Underhanded Strike","Tactician"],"picked":"Choke","floor":14}],"player_experience":354988,"relics_obtained":[{"floor":4,"key":"Dodecahedron"},{"floor":6,"key":"Question Card"},{"floor":8,"key":"Regal Pillow"},{"floor":9,"key":"Juzu Bracelet"},{"floor":13,"key":"Matryoshka"}],"event_choices":[{"damage_healed":0,"gold_gain":0,"player_choice":"Success","damage_taken":11,"relics_obtained":["Pantograph"],"max_hp_gain":0,"max_hp_loss":0,"event_name":"Scrap Ooze","floor":5,"gold_loss":0},{"damage_healed":0,"gold_gain":0,"player_choice":"Grow","damage_taken":0,"max_hp_gain":0,"max_hp_loss":0,"event_name":"Living Wall","floor":11,"gold_loss":0,"cards_upgraded":["Malaise"]}],"is_beta":false,"boss_relics":[],"items_purged_floors":[2],"is_endless":false,"potions_floor_spawned":[3,6,14],"killed_by":"Slime Boss","ascension_level":16}