{"gold_per_floor":[109,34,52,52,64,64,94,94,119,129,129,129,139,168,168,267,267,277,277,73,87,103,130,130,144,144,144,144,144,19,38,38,38],"floor_reached":33,"playtime":1311,"items_purged":["Defend_B","Strike_B","Defend_B"],"score":275,"play_id":"2c145d5a-af63-4b73-ba1f-37c74ea15ba4","local_time":"20181117103727","is_ascension_mode":false,"campfire_choices":[{"data":"FTL","floor":6,"key":"SMITH"},{"data":"Ball Lightning","floor":12,"key":"SMITH"},{"data":"Zap","floor":15,"key":"SMITH"},{"floor":27,"key":"REST"},{"data":"Rainbow","floor":29,"key":"SMITH"},{"data":"Conserve Battery","floor":32,"key":"SMITH"}],"neow_cost":"NONE","seed_source_timestamp":292431594563801,"circlet_count":0,"master_deck":["Strike_B","Zap+1","Dualcast","Impatience","Self Repair","Ball Lightning+1","FTL+1","Darkness","Lockon","Ball Lightning","Conserve Battery","Conserve Battery+1","Rainbow+1","Rip and Tear+1","Genetic Algorithm+1","Double Energy+1","Gash+1","Loop","Gash","Beam Cell","Barrage+1","Coolheaded","Genetic Algorithm+1","Sweeping Beam","Scrape+1","Reprogram+1"],"relics":["Cracked Core","Lantern","Omamori","Dream Catcher","Bottled Tornado","Astrolabe","WarpedTongs","Strawberry","Prayer Wheel"],"potions_floor_usage":[14,18,23,23],"damage_taken":[{"damage":0,"enemies":"Small Slimes","floor":1,"turns":2},{"damage":6,"enemies":"Cultist","floor":3,"turns":3},{"damage":11,"enemies":"Jaw Worm","floor":5,"turns":2},{"damage":6,"enemies":"Gremlin Nob","floor":7,"turns":3},{"damage":14,"enemies":"Blue Slaver","floor":10,"turns":3},{"damage":3,"enemies":"Red Slaver","floor":13,"turns":3},{"damage":15,"enemies":"3 Sentries","floor":14,"turns":5},{"damage":8,"enemies":"Slime Boss","floor":16,"turns":7},{"damage":18,"enemies":"3 Byrds","floor":18,"turns":3},{"damage":0,"enemies":"Spheric Guardian","floor":21,"turns":3},{"damage":32,"enemies":"Cultist and Chosen","floor":22,"turns":7},{"damage":41,"enemies":"Gremlin Leader","floor":23,"turns":4},{"damage":0,"enemies":"Chosen and Byrds","floor":25,"turns":3},{"damage":19,"enemies":"Centurion and Healer","floor":31,"turns":5},{"damage":46,"enemies":"Collector","floor":33,"turns":3}],"seed_played":"-3487801484556212431","potions_obtained":[{"floor":3,"key":"SmokeBomb"},{"floor":5,"key":"LiquidBronze"},{"floor":13,"key":"Fire Potion"},{"floor":14,"key":"Poison Potion"},{"floor":21,"key":"FocusPotion"}],"is_trial":false,"path_per_floor":["M","$","M","?","M","R","E","$","T","M","?","R","M","E","R","B",null,"M","?","$","M","M","E","?","M","T","R","?","R","$","M","R","B"],"character_chosen":"DEFECT","items_purchased":["Loop","Gash"],"campfire_rested":1,"item_purchase_floors":[20,20],"current_hp_per_floor":[75,75,75,75,71,71,65,65,65,58,58,58,62,54,54,53,75,64,64,64,74,52,18,18,25,25,49,49,49,49,40,40,0],"gold":38,"neow_bonus":"RANDOM_COLORLESS","is_prod":false,"is_daily":false,"chose_seed":false,"campfire_upgraded":5,"win_rate":0.0,"timestamp":1542469047,"path_taken":["M","$","M","?","?","R","E","$","T","M","?","R","M","E","R","BOSS","M","?","$","M","?","E","?","M","T","R","?","R","$","?","R","BOSS"],"build_version":"2018-11-15","purchased_purges":3,"victory":false,"max_hp_per_floor":[75,75,75,75,75,75,75,75,75,75,75,75,75,75,75,75,75,75,75,75,75,75,82,82,82,82,82,82,82,82,82,82,82],"card_choices":[{"not_picked":["Compile Driver","Tempest"],"picked":"Self Repair","floor":1},{"not_picked":["Consume","Reinforced Body"],"picked":"Ball Lightning","floor":3},{"not_picked":["Leap","Sweeping Beam"],"picked":"Darkness","floor":5},{"not_picked":["Chill","Leap"],"picked":"Lockon","floor":7},{"not_picked":["Coolheaded","Rebound"],"picked":"Ball Lightning","floor":10},{"not_picked":["Aggregate","Ball Lightning"],"picked":"Conserve Battery","floor":13},{"not_picked":["Rebound","Thunder Strike"],"picked":"Conserve Battery","floor":14},{"not_picked":["Buffer","Seek"],"picked":"Rainbow","floor":16},{"not_picked":["Storm","Heatsinks"],"picked":"Gash+1","floor":18},{"not_picked":["Streamline","Scrape"],"picked":"Beam Cell","floor":21},{"not_picked":["BootSequence","Conserve Battery"],"picked":"Barrage+1","floor":22},{"not_picked":["Hologram","Glacier"],"picked":"Coolheaded","floor":23},{"not_picked":["Chill","Melter"],"picked":"Genetic Algorithm+1","floor":25},{"not_picked":["Chill","Genetic Algorithm"],"picked":"Sweeping Beam","floor":27},{"not_picked":["Redo","White Noise"],"picked":"Scrape+1","floor":31},{"not_picked":["Conserve Battery","Redo"],"picked":"Reprogram+1","floor":31}],"player_experience":98893,"relics_obtained":[{"floor":7,"key":"Lantern"},{"floor":9,"key":"Omamori"},{"floor":14,"key":"Bottled Tornado"},{"floor":23,"key":"Strawberry"},{"floor":26,"key":"Prayer Wheel"}],"event_choices":[{"damage_healed":0,"gold_gain":0,"cards_transformed":["Defend_B"],"player_choice":"Transformed","damage_taken":0,"max_hp_gain":0,"max_hp_loss":0,"event_name":"Transmorgrifier","floor":4,"gold_loss":0,"cards_obtained":["FTL"]},{"damage_healed":0,"gold_gain":0,"player_choice":"Box","damage_taken":0,"relics_obtained":["Dream Catcher"],"max_hp_gain":0,"max_hp_loss":0,"event_name":"Big Fish","floor":11,"gold_loss":0,"cards_obtained":["Regret"]},{"damage_healed":0,"gold_gain":0,"player_choice":"Rummage","damage_taken":0,"relics_obtained":["WarpedTongs"],"max_hp_gain":0,"max_hp_loss":0,"event_name":"Accursed Blacksmith","floor":19,"gold_loss":0,"cards_obtained":["Pain"]},{"damage_healed":0,"gold_gain":0,"player_choice":"Smashed Altar","damage_taken":0,"max_hp_gain":0,"max_hp_loss":0,"event_name":"Forgotten Altar","floor":24,"gold_loss":0,"cards_obtained":["Decay"]},{"cards_removed":["Decay"],"damage_healed":0,"gold_gain":0,"player_choice":"Purged","damage_taken":0,"max_hp_gain":0,"max_hp_loss":0,"event_name":"Purifier","floor":28,"gold_loss":0}],"is_beta":false,"boss_relics":[{"not_picked":["Black Star","Orrery"],"picked":"Astrolabe"}],"items_purged_floors":[2,20,30],"is_endless":false,"potions_floor_spawned":[3,5,13,14,21,22],"killed_by":"Collector","ascension_level":0}