{"gold_per_floor":[119,194,212,225,75,109,74,74,74,87,120,120,135,169,169,271,321,341,341,356,271,0,0,0,0,27,47,80,94,10,36,36,131,131,151,202,222,21,21,21,121,121,121,132,149,65,80,93,93,93],"floor_reached":51,"playtime":2394,"items_purged":["Writhe","Strike_B"],"score":1203,"play_id":"1e74ff11-b226-43d8-a8a9-fc94ed13010f","local_time":"20190629135142","is_ascension_mode":true,"campfire_choices":[{"data":"Tempest","floor":8,"key":"SMITH"},{"floor":15,"key":"REST"},{"floor":23,"key":"REST"},{"data":"Zap","floor":25,"key":"SMITH"},{"floor":32,"key":"REST"},{"data":"White Noise","floor":40,"key":"SMITH"},{"data":"Seek","floor":42,"key":"SMITH"},{"data":"Loop","floor":49,"key":"SMITH"}],"neow_cost":"CURSE","seed_source_timestamp":752432337397498,"circlet_count":0,"master_deck":["AscendersBane","Strike_B","Strike_B","Defend_B","Defend_B","Defend_B","Defend_B","Zap+1","Dualcast","Electrodynamics","Genetic Algorithm","Tempest+1","Steam","Loop+1","Go for the Eyes","Conserve Battery","Coolheaded+1","Compile Driver","Seek+1","Go for the Eyes","Necronomicurse","White Noise+1","Self Repair","Leap+1","Genetic Algorithm+1","BootSequence+1","Fusion+1","Multi-Cast+1","Echo Form","Consume+1","Beam Cell+1","Darkness+1","Streamline","Defragment+1","Doom and Gloom","Capacitor","Barrage+1","Fusion+1"],"relics":["Cracked Core","Bottled Lightning","Gremlin Horn","Matryoshka","Smiling Mask","StoneCalendar","Tiny House","Necronomicon","Toxic Egg 2","Bag of Preparation","Vajra","Anchor","Mercury Hourglass","PreservedInsect","Blood Vial","Sozu","Unceasing Top","Chemical X","Ginger","Cables","Kunai"],"potions_floor_usage":[14,20,28,28,33],"damage_taken":[{"damage":0,"enemies":"Small Slimes","floor":1,"turns":3},{"damage":7,"enemies":"2 Louse","floor":3,"turns":2},{"damage":0,"enemies":"Cultist","floor":4,"turns":3},{"damage":24,"enemies":"3 Sentries","floor":6,"turns":4},{"damage":0,"enemies":"2 Fungi Beasts","floor":10,"turns":3},{"damage":28,"enemies":"Lagavulin","floor":11,"turns":5},{"damage":2,"enemies":"Red Slaver","floor":13,"turns":4},{"damage":0,"enemies":"3 Sentries","floor":14,"turns":3},{"damage":9,"enemies":"The Guardian","floor":16,"turns":15},{"damage":17,"enemies":"Chosen","floor":18,"turns":5},{"damage":16,"enemies":"2 Thieves","floor":20,"turns":5},{"damage":7,"enemies":"3 Cultists","floor":27,"turns":3},{"damage":16,"enemies":"Slavers","floor":28,"turns":4},{"damage":22,"enemies":"Sentry and Sphere","floor":29,"turns":6},{"damage":11,"enemies":"Gremlin Leader","floor":31,"turns":4},{"damage":5,"enemies":"Automaton","floor":33,"turns":10},{"damage":0,"enemies":"3 Darklings","floor":35,"turns":4},{"damage":5,"enemies":"2 Orb Walkers","floor":36,"turns":4},{"damage":10,"enemies":"3 Shapes","floor":37,"turns":4},{"damage":15,"enemies":"Mind Bloom Boss Battle","floor":41,"turns":7},{"damage":10,"enemies":"Sphere and 2 Shapes","floor":44,"turns":3},{"damage":0,"enemies":"4 Shapes","floor":45,"turns":2},{"damage":5,"enemies":"Maw","floor":47,"turns":7},{"damage":24,"enemies":"Spire Growth","floor":48,"turns":5},{"damage":48,"enemies":"Awakened One","floor":50,"turns":10}],"seed_played":"1836695796044067593","potions_obtained":[{"floor":6,"key":"Strength Potion"},{"floor":10,"key":"Explosive Potion"},{"floor":11,"key":"Block Potion"},{"floor":17,"key":"EssenceOfSteel"},{"floor":24,"key":"Regen Potion"},{"floor":31,"key":"PowerPotion"}],"is_trial":false,"path_per_floor":["M","?","M","M","$","E","?","R","T","M","E","?","M","E","R","B",null,"M","?","M","?","$","R","?","R","T","M","E","M","?","E","R","B",null,"M","?","M","$","?","R","?","R","T","M","M","$","M","M","R","B",null],"character_chosen":"DEFECT","items_purchased":["Loop","Bag of Preparation","Self Repair","Leap+1","Chemical X","Capacitor"],"campfire_rested":3,"item_purchase_floors":[5,22,22,22,38,46],"current_hp_per_floor":[68,57,50,50,50,26,44,44,44,44,16,16,14,14,36,27,68,51,35,19,19,19,43,43,43,43,43,39,31,31,27,51,55,74,80,75,80,80,80,80,72,72,72,64,73,73,80,63,63,24],"gold":93,"neow_bonus":"THREE_RARE_CARDS","is_prod":false,"is_daily":false,"chose_seed":false,"campfire_upgraded":5,"win_rate":0,"timestamp":1561834302,"path_taken":["M","?","M","M","$","E","?","R","T","M","E","?","M","E","R","BOSS","M","?","M","?","$","R","?","R","T","M","E","?","?","E","R","BOSS","M","?","M","$","?","R","?","R","T","M","M","$","M","M","R","BOSS"],"build_version":"2019-01-23","purchased_purges":2,"victory":true,"max_hp_per_floor":[75,75,75,75,75,75,75,75,75,75,75,75,75,75,75,75,80,80,80,80,80,80,80,80,80,80,80,80,80,80,80,80,80,80,80,80,80,80,80,80,80,80,80,80,80,80,80,80,80,80],"card_choices":[{"not_picked":["Buffer","Core Surge"],"picked":"Electrodynamics","floor":0},{"not_picked":["Compile Driver","Go for the Eyes"],"picked":"Genetic Algorithm","floor":1},{"not_picked":["Self Repair","Stack"],"picked":"Tempest","floor":3},{"not_picked":["Gash","Stack"],"picked":"Steam","floor":4},{"not_picked":["Coolheaded","Compile Driver"],"picked":"Go for the Eyes","floor":6},{"not_picked":["Self Repair","Blizzard"],"picked":"Conserve Battery","floor":10},{"not_picked":["Streamline","Storm"],"picked":"Coolheaded","floor":11},{"not_picked":["Gash","Skim","Stack"],"picked":"SKIP","floor":13},{"not_picked":["Tempest","Chaos"],"picked":"Compile Driver","floor":14},{"not_picked":["Multi-Cast","Thunder Strike"],"picked":"Seek","floor":16},{"not_picked":["Stack","Sweeping Beam"],"picked":"Go for the Eyes","floor":18},{"not_picked":["Compile Driver","Gash"],"picked":"White Noise","floor":20},{"not_picked":["Steam Power+1","Blizzard"],"picked":"Genetic Algorithm+1","floor":27},{"not_picked":["Scrape","Hologram+1"],"picked":"BootSequence+1","floor":28},{"not_picked":["Skim+1","Leap+1"],"picked":"Fusion+1","floor":29},{"not_picked":["Steam+1","Streamline"],"picked":"Multi-Cast+1","floor":31},{"not_picked":["Buffer","Core Surge"],"picked":"Echo Form","floor":33},{"not_picked":["Cold Snap","Sweeping Beam"],"picked":"Consume+1","floor":35},{"not_picked":["Leap+1","Storm+1"],"picked":"Beam Cell+1","floor":36},{"not_picked":["Lockon","Ball Lightning"],"picked":"Darkness+1","floor":37},{"not_picked":["Beam Cell","Ball Lightning"],"picked":"Streamline","floor":41},{"not_picked":["Fusion+1","Cold Snap+1"],"picked":"Defragment+1","floor":44},{"not_picked":["Glacier+1","Streamline+1"],"picked":"Doom and Gloom","floor":45},{"not_picked":["Skim+1","Redo+1"],"picked":"Barrage+1","floor":47},{"not_picked":["Beam Cell+1","Go for the Eyes"],"picked":"Fusion+1","floor":48}],"player_experience":309690,"relics_obtained":[{"floor":6,"key":"Bottled Lightning"},{"floor":9,"key":"Gremlin Horn"},{"floor":11,"key":"Matryoshka"},{"floor":14,"key":"StoneCalendar"},{"floor":19,"key":"Necronomicon"},{"floor":26,"key":"Vajra"},{"floor":26,"key":"Anchor"},{"floor":28,"key":"Mercury Hourglass"},{"floor":31,"key":"Blood Vial"},{"floor":36,"key":"Unceasing Top"},{"floor":41,"key":"Ginger"},{"floor":43,"key":"Cables"},{"floor":43,"key":"Kunai"}],"event_choices":[{"damage_healed":0,"gold_gain":75,"player_choice":"Gather Gold","damage_taken":11,"max_hp_gain":0,"max_hp_loss":0,"event_name":"World of Goop","floor":2,"gold_loss":0},{"damage_healed":18,"gold_gain":0,"player_choice":"Healed","damage_taken":0,"max_hp_gain":0,"max_hp_loss":0,"event_name":"The Cleric","floor":7,"gold_loss":35},{"damage_healed":0,"gold_gain":0,"player_choice":"Searched \u00272\u0027 times","damage_taken":0,"relics_obtained":["Smiling Mask"],"max_hp_gain":0,"max_hp_loss":0,"event_name":"Dead Adventurer","floor":12,"gold_loss":0},{"damage_healed":0,"gold_gain":0,"player_choice":"Obtained Book","damage_taken":16,"max_hp_gain":0,"max_hp_loss":0,"event_name":"Cursed Tome","floor":19,"gold_loss":0},{"damage_healed":0,"gold_gain":0,"player_choice":"Obtained Relic","damage_taken":0,"relics_obtained":["Toxic Egg 2"],"max_hp_gain":0,"max_hp_loss":0,"event_name":"Addict","floor":21,"gold_loss":85},{"damage_healed":0,"gold_gain":0,"player_choice":"Got Potions","damage_taken":0,"max_hp_gain":0,"max_hp_loss":0,"event_name":"Lab","floor":24,"gold_loss":0},{"damage_healed":0,"gold_gain":0,"player_choice":"Paid Gold","damage_taken":0,"relics_obtained":["PreservedInsect"],"max_hp_gain":0,"max_hp_loss":0,"event_name":"WeMeetAgain","floor":30,"gold_loss":84},{"damage_healed":0,"gold_gain":0,"player_choice":"Fight","damage_taken":0,"max_hp_gain":0,"max_hp_loss":0,"event_name":"Mysterious Sphere","floor":36,"gold_loss":0},{"cards_removed":["Strike_B"],"damage_healed":0,"gold_gain":0,"player_choice":"Removed Attack","damage_taken":0,"max_hp_gain":0,"max_hp_loss":0,"event_name":"Falling","floor":39,"gold_loss":0},{"damage_healed":0,"gold_gain":0,"player_choice":"Fight","damage_taken":0,"max_hp_gain":0,"max_hp_loss":0,"event_name":"MindBloom","floor":41,"gold_loss":0}],"is_beta":false,"boss_relics":[{"not_picked":["Calling Bell","FrozenCore"],"picked":"Tiny House"},{"not_picked":["Black Star","Philosopher\u0027s Stone"],"picked":"Sozu"}],"items_purged_floors":[5,46],"is_endless":false,"potions_floor_spawned":[6,10,11,31,35,36,47,48],"ascension_level":12}