{"gold_per_floor":[110,129,129,32,51,51,79,99,99,109,109,124,137,156,156,258,258,272,371,391,391,316,316,141,155,155,155,155,174,184,196,196,291,291,307,307,30,46,46,46,46,46,46,46,46],"floor_reached":45,"playtime":2759,"items_purged":["Defend_R","Strike_R","Strike_R"],"score":459,"play_id":"67f1d051-ee25-46d9-a2a9-03867996eddc","local_time":"20190725135138","is_ascension_mode":true,"campfire_choices":[{"data":"Armaments","floor":6,"key":"SMITH"},{"data":"Bash","floor":15,"key":"SMITH"},{"data":"Body Slam","floor":23,"key":"SMITH"},{"floor":27,"key":"REST"},{"data":"Fire Breathing","floor":32,"key":"SMITH"},{"floor":40,"key":"REST"},{"data":"Double Tap","floor":44,"key":"SMITH"}],"neow_cost":"NONE","seed_source_timestamp":141644931336573,"circlet_count":0,"master_deck":["Defend_R","Bash+1","Armaments+1","Body Slam+1","Iron Wave","Iron Wave","Whirlwind","Headbutt","Burning Pact","Evolve","Shrug It Off","Reaper","Headbutt","Impervious","Uppercut","Berserk","Infernal Blade+1","Fire Breathing+1","Carnage+1","Entrench+1","Double Tap+1","Power Through","Feed","Rampage+1","Madness","Madness"],"relics":["Burning Blood","NeowsBlessing","StoneCalendar","Thread and Needle","Runic Pyramid","Incense Burner","Black Star","Toxic Egg 2"],"potions_floor_usage":[8,33,33,33],"damage_taken":[{"damage":0,"enemies":"Cultist","floor":1,"turns":1},{"damage":0,"enemies":"Jaw Worm","floor":2,"turns":1},{"damage":0,"enemies":"Small Slimes","floor":5,"turns":1},{"damage":29,"enemies":"3 Sentries","floor":7,"turns":13},{"damage":16,"enemies":"Exordium Wildlife","floor":8,"turns":4},{"damage":2,"enemies":"3 Louse","floor":10,"turns":4},{"damage":0,"enemies":"Blue Slaver","floor":12,"turns":3},{"damage":0,"enemies":"Exordium Wildlife","floor":13,"turns":3},{"damage":16,"enemies":"Exordium Thugs","floor":14,"turns":5},{"damage":16,"enemies":"Slime Boss","floor":16,"turns":7},{"damage":16,"enemies":"3 Byrds","floor":18,"turns":7},{"damage":14,"enemies":"Shell Parasite","floor":20,"turns":7},{"damage":48,"enemies":"3 Cultists","floor":25,"turns":7},{"damage":23,"enemies":"Shelled Parasite and Fungi","floor":29,"turns":7},{"damage":8,"enemies":"Snecko","floor":30,"turns":5},{"damage":14,"enemies":"Sentry and Sphere","floor":31,"turns":6},{"damage":31,"enemies":"Champ","floor":33,"turns":9},{"damage":45,"enemies":"Orb Walker","floor":35,"turns":3},{"damage":15,"enemies":"3 Shapes","floor":38,"turns":4},{"damage":56,"enemies":"3 Darklings","floor":45,"turns":5}],"seed_played":"-1402129190882139497","potions_obtained":[{"floor":2,"key":"BloodPotion"},{"floor":10,"key":"LiquidBronze"},{"floor":12,"key":"Fire Potion"},{"floor":18,"key":"Poison Potion"},{"floor":30,"key":"PowerPotion"}],"is_trial":false,"path_per_floor":["M","M","?","$","M","R","E","M","T","M","?","M","M","M","R","B",null,"M","?","M","?","?","R","$","M","T","R","?","M","M","M","R","B",null,"M","?","$","M","?","R","$","?","T","R","M"],"character_chosen":"IRONCLAD","items_purchased":["Iron Wave","Impervious","Feed"],"campfire_rested":2,"item_purchase_floors":[4,24,37],"current_hp_per_floor":[80,80,73,73,79,79,56,66,66,70,70,76,80,70,70,60,80,73,73,72,57,57,57,57,27,27,52,52,35,39,36,36,11,85,46,46,46,37,26,51,51,51,51,51,0],"gold":46,"neow_bonus":"THREE_ENEMY_KILL","is_prod":false,"is_daily":false,"chose_seed":false,"campfire_upgraded":5,"win_rate":0,"timestamp":1564087898,"path_taken":["M","?","?","?","M","R","E","?","T","M","?","M","M","M","R","BOSS","M","?","M","?","?","R","?","?","T","R","?","M","M","M","R","BOSS","M","?","$","M","?","R","$","?","T","R","M"],"build_version":"2019-07-17","purchased_purges":3,"victory":false,"max_hp_per_floor":[80,80,80,80,80,80,80,80,80,80,80,80,80,80,80,80,80,80,80,80,85,85,85,85,85,85,85,85,85,85,85,85,85,85,85,85,85,85,85,85,85,85,85,85,85],"card_choices":[{"not_picked":["Cleave","Sword Boomerang"],"picked":"Armaments","floor":1},{"not_picked":["Havoc","Armaments"],"picked":"Body Slam","floor":2},{"not_picked":["Pummel","Clothesline"],"picked":"Iron Wave","floor":5},{"not_picked":["Perfected Strike","Reckless Charge"],"picked":"Whirlwind","floor":7},{"not_picked":["Intimidate","Perfected Strike"],"picked":"Headbutt","floor":8},{"not_picked":["Disarm","Havoc"],"picked":"Burning Pact","floor":10},{"not_picked":["Armaments","True Grit","Double Tap"],"picked":"SKIP","floor":12},{"not_picked":["Anger","Twin Strike"],"picked":"Evolve","floor":13},{"not_picked":["Warcry","Anger"],"picked":"Shrug It Off","floor":14},{"not_picked":["Dark Embrace","Brutality"],"picked":"Reaper","floor":16},{"not_picked":["Wild Strike","Second Wind+1"],"picked":"Headbutt","floor":18},{"not_picked":["Heavy Blade","Perfected Strike","Flex"],"picked":"SKIP","floor":20},{"not_picked":["Clash","Power Through"],"picked":"Uppercut","floor":25},{"not_picked":["Sword Boomerang","Headbutt+1"],"picked":"Fire Breathing","floor":29},{"not_picked":["Intimidate","Iron Wave"],"picked":"Carnage+1","floor":30},{"not_picked":["Sword Boomerang","Armaments+1"],"picked":"Entrench+1","floor":31},{"not_picked":["Dark Embrace","Brutality"],"picked":"Double Tap","floor":33},{"not_picked":["Shrug It Off","True Grit"],"picked":"Power Through","floor":35},{"not_picked":["Warcry","Iron Wave"],"picked":"Rampage+1","floor":38}],"player_experience":208719,"relics_obtained":[{"floor":7,"key":"StoneCalendar"},{"floor":9,"key":"Thread and Needle"},{"floor":26,"key":"Incense Burner"},{"floor":43,"key":"Toxic Egg 2"}],"event_choices":[{"cards_removed":["Strike_R"],"damage_healed":0,"gold_gain":0,"player_choice":"Card Removal","damage_taken":7,"max_hp_gain":0,"max_hp_loss":0,"event_name":"Golden Wing","floor":3,"gold_loss":0},{"damage_healed":0,"gold_gain":0,"cards_transformed":["Strike_R"],"player_choice":"Change","damage_taken":0,"max_hp_gain":0,"max_hp_loss":0,"event_name":"Living Wall","floor":11,"gold_loss":0,"cards_obtained":["Clash"]},{"damage_healed":0,"gold_gain":99,"player_choice":"Stole From Cult","damage_taken":0,"max_hp_gain":0,"max_hp_loss":0,"event_name":"Nest","floor":19,"gold_loss":0},{"damage_healed":0,"gold_gain":0,"player_choice":"Shed Blood","damage_taken":20,"max_hp_gain":5,"max_hp_loss":0,"event_name":"Forgotten Altar","floor":21,"gold_loss":0},{"cards_removed":["Defend_R"],"damage_healed":0,"gold_gain":0,"player_choice":"Gave Gold","damage_taken":0,"max_hp_gain":0,"max_hp_loss":0,"event_name":"Beggar","floor":22,"gold_loss":75},{"damage_healed":0,"gold_gain":0,"cards_transformed":["Defend_R","Strike_R"],"player_choice":"Became Test Subject","damage_taken":0,"max_hp_gain":0,"max_hp_loss":0,"event_name":"Drug Dealer","floor":28,"gold_loss":0,"cards_obtained":["Berserk","Infernal Blade"]},{"cards_removed":["Clash"],"damage_healed":0,"gold_gain":0,"player_choice":"Removed Attack","damage_taken":0,"max_hp_gain":0,"max_hp_loss":0,"event_name":"Falling","floor":36,"gold_loss":0},{"damage_healed":0,"gold_gain":0,"player_choice":"Embrace Madness","damage_taken":11,"max_hp_gain":0,"max_hp_loss":0,"event_name":"Winding Halls","floor":39,"gold_loss":0,"cards_obtained":["Madness","Madness"]},{"damage_healed":0,"gold_gain":0,"player_choice":"Forge","damage_taken":0,"max_hp_gain":0,"max_hp_loss":0,"event_name":"Accursed Blacksmith","floor":42,"gold_loss":0,"cards_upgraded":["Infernal Blade"]}],"is_beta":false,"boss_relics":[{"not_picked":["Fusion Hammer","Sozu"],"picked":"Runic Pyramid"},{"not_picked":["Snecko Eye","Runic Cube"],"picked":"Black Star"}],"items_purged_floors":[4,24,37],"is_endless":false,"potions_floor_spawned":[2,10,12,18,20,30],"killed_by":"3 Darklings","ascension_level":2}