{"gold_per_floor":[119,119,133,151,151,182,107,132,180,180],"floor_reached":10,"playtime":313,"items_purged":["Strike_R"],"score":141,"play_id":"2d918960-6063-45f4-a3f6-e4c245940d69","local_time":"20190819221731","is_ascension_mode":true,"campfire_choices":[],"neow_cost":"NONE","seed_source_timestamp":172794782195362,"circlet_count":0,"master_deck":["AscendersBane","Strike_R","Strike_R","Strike_R","Defend_R","Defend_R+1","Defend_R","Defend_R+1","Bash","Battle Trance","Clothesline","Inflame","Spot Weakness"],"relics":["Burning Blood","NeowsBlessing","Blood Vial","War Paint"],"potions_floor_usage":[6],"damage_taken":[{"damage":0,"enemies":"Cultist","floor":1,"turns":1},{"damage":0,"enemies":"Small Slimes","floor":3,"turns":2},{"damage":0,"enemies":"Jaw Worm","floor":4,"turns":1},{"damage":20,"enemies":"Gremlin Nob","floor":6,"turns":4},{"damage":52,"enemies":"3 Sentries","floor":8,"turns":13},{"damage":22,"enemies":"Lagavulin","floor":10,"turns":7}],"seed_played":"501867977587091854","potions_obtained":[{"floor":4,"key":"Explosive Potion"}],"is_trial":false,"path_per_floor":["M","?","M","M","?","E","$","E","T","E"],"character_chosen":"IRONCLAD","items_purchased":[],"campfire_rested":0,"item_purchase_floors":[],"current_hp_per_floor":[74,79,80,80,73,59,59,13,13,0],"gold":180,"neow_bonus":"THREE_ENEMY_KILL","is_prod":false,"is_daily":false,"chose_seed":false,"campfire_upgraded":0,"win_rate":0,"timestamp":1566267451,"path_taken":["M","?","M","M","?","E","?","E","T","E"],"build_version":"2019-07-17","purchased_purges":1,"victory":false,"max_hp_per_floor":[75,80,80,80,80,80,80,80,80,80],"card_choices":[{"not_picked":["Armaments","Warcry","Rupture"],"picked":"SKIP","floor":1},{"not_picked":["Clash","Pommel Strike"],"picked":"Battle Trance","floor":3},{"not_picked":["Whirlwind","Wild Strike"],"picked":"Clothesline","floor":4},{"not_picked":["Perfected Strike","Impervious"],"picked":"Inflame","floor":6},{"not_picked":["Second Wind","Heavy Blade"],"picked":"Spot Weakness","floor":8}],"player_experience":782276,"relics_obtained":[{"floor":8,"key":"Blood Vial"},{"floor":9,"key":"War Paint"}],"event_choices":[{"damage_healed":0,"gold_gain":0,"player_choice":"Donut","damage_taken":0,"max_hp_gain":5,"max_hp_loss":0,"event_name":"Big Fish","floor":2,"gold_loss":0},{"cards_removed":["Strike_R"],"damage_healed":0,"gold_gain":0,"player_choice":"Card Removal","damage_taken":7,"max_hp_gain":0,"max_hp_loss":0,"event_name":"Golden Wing","floor":5,"gold_loss":0}],"is_beta":false,"boss_relics":[],"items_purged_floors":[7],"is_endless":false,"potions_floor_spawned":[4],"killed_by":"Lagavulin","ascension_level":17}