{"gold_per_floor":[115,290,302,317,317,346,346,33,33,33,64,76,76,91,91,193,193,193,193,193,193,193,193,193,193,193,193,23,23,23,23,23,23,23,23,23,23,23,23,23,23,23,23,23,23,23,23,23,23,23],"floor_reached":50,"playtime":2280,"items_purged":["Doubt","Writhe"],"score":686,"play_id":"9adc8da6-303c-41dc-af34-11df8b7cfaf4","local_time":"20190307002618","is_ascension_mode":true,"campfire_choices":[{"floor":7,"key":"REST"},{"data":"Whirlwind","floor":15,"key":"SMITH"},{"floor":23,"key":"REST"},{"data":"Armaments","floor":30,"key":"SMITH"},{"data":"Armaments","floor":32,"key":"SMITH"},{"floor":40,"key":"RECALL"},{"data":"Anger","floor":44,"key":"SMITH"},{"data":"Reaper","floor":49,"key":"SMITH"}],"neow_cost":"NONE","seed_source_timestamp":509992227995876,"circlet_count":0,"master_deck":["Strike_R","Strike_R","Strike_R","Strike_R","Strike_R","Defend_R","Defend_R","Defend_R","Defend_R","Bash","Armaments+1","Whirlwind+1","Armaments+1","Anger+1","Uppercut","Havoc","Havoc","Inflame+1","Reaper+1","Corruption+1","Battle Trance","Rupture+1","Cleave","Evolve+1","Pommel Strike+1","True Grit","Shockwave","Intimidate+1","Decay","Dark Embrace+1","Shrug It Off","Writhe","Parasite","Shrug It Off+1","Regret","Dark Embrace+1","Metallicize+1","Shrug It Off"],"relics":["Burning Blood","Self Forming Clay","Bottled Flame","Lee\u0027s Waffle","Frozen Egg 2","Ectoplasm","Gambling Chip","Singing Bowl","Art of War","Gremlin Horn","Happy Flower","Pocketwatch","Coffee Dripper","Shuriken","Mercury Hourglass","Molten Egg 2"],"potions_floor_usage":[6,24,24,25,29,33,46],"damage_taken":[{"damage":6,"enemies":"Cultist","floor":1,"turns":4},{"damage":12,"enemies":"Jaw Worm","floor":3,"turns":3},{"damage":0,"enemies":"Small Slimes","floor":4,"turns":4},{"damage":57,"enemies":"3 Sentries","floor":6,"turns":8},{"damage":33,"enemies":"Lagavulin","floor":11,"turns":6},{"damage":4,"enemies":"Looter","floor":12,"turns":4},{"damage":24,"enemies":"Exordium Wildlife","floor":14,"turns":5},{"damage":41,"enemies":"Slime Boss","floor":16,"turns":9},{"damage":0,"enemies":"3 Byrds","floor":18,"turns":3},{"damage":31,"enemies":"Colosseum Slavers","floor":19,"turns":5},{"damage":20,"enemies":"Colosseum Nobs","floor":19,"turns":4},{"damage":11,"enemies":"Spheric Guardian","floor":21,"turns":4},{"damage":23,"enemies":"Centurion and Healer","floor":22,"turns":7},{"damage":35,"enemies":"Book of Stabbing","floor":24,"turns":6},{"damage":29,"enemies":"Snake Plant","floor":25,"turns":5},{"damage":0,"enemies":"Gremlin Leader","floor":27,"turns":4},{"damage":0,"enemies":"Snecko","floor":29,"turns":5},{"damage":46,"enemies":"Automaton","floor":33,"turns":8},{"damage":13,"enemies":"Orb Walker","floor":35,"turns":3},{"damage":33,"enemies":"3 Shapes","floor":36,"turns":2},{"damage":8,"enemies":"Spire Growth","floor":39,"turns":4},{"damage":28,"enemies":"Writhing Mass","floor":41,"turns":6},{"damage":43,"enemies":"Reptomancer","floor":45,"turns":4},{"damage":36,"enemies":"Sphere and 2 Shapes","floor":46,"turns":6},{"damage":37,"enemies":"Nemesis","floor":47,"turns":7},{"damage":27,"enemies":"Time Eater","floor":50,"turns":3}],"seed_played":"-6804683407357633856","potions_obtained":[{"floor":0,"key":"Ancient Potion"},{"floor":0,"key":"FairyPotion"},{"floor":0,"key":"Poison Potion"},{"floor":11,"key":"BloodPotion"},{"floor":12,"key":"Weak Potion"},{"floor":25,"key":"PowerPotion"},{"floor":29,"key":"SkillPotion"},{"floor":33,"key":"Swift Potion"},{"floor":35,"key":"Regen Potion"},{"floor":46,"key":"Fire Potion"}],"is_trial":false,"path_per_floor":["M","?","M","M","T","E","R","$","T","$","E","M","$","M","R","B",null,"M","?","?","M","M","R","E","M","T","E","$","M","R","?","R","B",null,"M","M","?","$","M","R","M","?","T","R","E","M","E","$","R","B"],"character_chosen":"IRONCLAD","items_purchased":["Lee\u0027s Waffle","Uppercut","Shockwave"],"campfire_rested":2,"item_purchase_floors":[8,8,28],"current_hp_per_floor":[80,80,74,80,80,29,53,87,87,87,60,62,62,44,44,9,87,87,55,55,54,45,71,42,27,27,33,33,45,45,45,45,17,87,82,55,77,77,87,87,65,65,65,65,44,34,12,12,12,0],"gold":23,"neow_bonus":"THREE_SMALL_POTIONS","is_prod":false,"is_daily":false,"chose_seed":false,"campfire_upgraded":5,"win_rate":0,"timestamp":1551936378,"path_taken":["M","?","M","M","?","E","R","?","T","$","E","M","?","M","R","BOSS","M","?","?","M","M","R","E","M","T","E","?","?","R","?","R","BOSS","M","M","?","$","M","R","M","?","T","R","E","M","E","$","R","BOSS"],"build_version":"2019-01-23","purchased_purges":2,"victory":false,"max_hp_per_floor":[80,80,80,80,80,80,80,87,87,87,87,87,87,87,87,87,87,87,87,87,87,87,87,87,87,87,87,87,87,87,87,87,87,87,89,89,89,89,91,91,91,91,91,91,91,91,91,91,91,91],"card_choices":[{"not_picked":["Havoc","True Grit"],"picked":"Armaments","floor":1},{"not_picked":["Reckless Charge","Feed"],"picked":"Whirlwind","floor":3},{"not_picked":["Flex","Sentinel"],"picked":"Armaments","floor":4},{"not_picked":["Entrench","Body Slam"],"picked":"Anger","floor":6},{"not_picked":["Wild Strike","Sever Soul"],"picked":"Havoc","floor":11},{"not_picked":["Fire Breathing+1","Armaments"],"picked":"Havoc","floor":12},{"not_picked":["Demon Form+1","Wild Strike"],"picked":"Inflame+1","floor":14},{"not_picked":["Demon Form+1","Berserk+1"],"picked":"Reaper","floor":16},{"not_picked":["Body Slam","Bloodletting"],"picked":"Corruption+1","floor":18},{"not_picked":["Flex+1","Wild Strike"],"picked":"Battle Trance","floor":19},{"not_picked":["Wild Strike","Heavy Blade+1"],"picked":"Rupture+1","floor":21},{"not_picked":["Perfected Strike","Rupture+1"],"picked":"Cleave","floor":22},{"not_picked":["Havoc+1","Bloodletting"],"picked":"Evolve+1","floor":24},{"not_picked":["Intimidate","Whirlwind+1"],"picked":"Pommel Strike+1","floor":25},{"not_picked":["Dropkick","Flex+1"],"picked":"True Grit","floor":27},{"not_picked":["Power Through","Dual Wield"],"picked":"Intimidate+1","floor":29},{"not_picked":["Fiend Fire","Barricade+1"],"picked":"Dark Embrace+1","floor":33},{"not_picked":["Dropkick+1","Pummel+1","Anger+1"],"picked":"Singing Bowl","floor":35},{"not_picked":["Thunderclap+1","Iron Wave+1"],"picked":"Shrug It Off","floor":36},{"not_picked":["True Grit","Blood for Blood","Wild Strike+1"],"picked":"Singing Bowl","floor":39},{"not_picked":["Ghostly Armor","Power Through+1"],"picked":"Shrug It Off+1","floor":41},{"not_picked":["Thunderclap+1","Pommel Strike+1"],"picked":"Dark Embrace+1","floor":45},{"not_picked":["Wild Strike+1","Twin Strike"],"picked":"Metallicize+1","floor":46},{"not_picked":["Rampage","Exhume"],"picked":"Shrug It Off","floor":47}],"player_experience":301049,"relics_obtained":[{"floor":5,"key":"Self Forming Clay"},{"floor":6,"key":"Bottled Flame"},{"floor":11,"key":"Frozen Egg 2"},{"floor":19,"key":"Gambling Chip"},{"floor":19,"key":"Singing Bowl"},{"floor":24,"key":"Gremlin Horn"},{"floor":26,"key":"Happy Flower"},{"floor":27,"key":"Pocketwatch"},{"floor":43,"key":"Shuriken"},{"floor":45,"key":"Mercury Hourglass"},{"floor":47,"key":"Molten Egg 2"}],"event_choices":[{"damage_healed":0,"gold_gain":175,"player_choice":"AGREE","damage_taken":0,"max_hp_gain":0,"max_hp_loss":0,"event_name":"Liars Game","floor":2,"gold_loss":0,"cards_obtained":["Doubt"]},{"damage_healed":0,"gold_gain":0,"player_choice":"Fight","damage_taken":0,"max_hp_gain":0,"max_hp_loss":0,"event_name":"Colosseum","floor":19,"gold_loss":0},{"damage_healed":0,"gold_gain":0,"player_choice":"Fought Nobs","damage_taken":0,"max_hp_gain":0,"max_hp_loss":0,"event_name":"Colosseum","floor":19,"gold_loss":0},{"damage_healed":0,"gold_gain":0,"player_choice":"Opened","damage_taken":0,"relics_obtained":["Art of War"],"max_hp_gain":0,"max_hp_loss":0,"event_name":"The Mausoleum","floor":20,"gold_loss":0,"cards_obtained":["Writhe"]},{"damage_healed":0,"gold_gain":0,"player_choice":"Smashed Altar","damage_taken":0,"max_hp_gain":0,"max_hp_loss":0,"event_name":"Forgotten Altar","floor":31,"gold_loss":0,"cards_obtained":["Decay"]},{"damage_healed":22,"gold_gain":0,"player_choice":"Writhe","damage_taken":0,"max_hp_gain":0,"max_hp_loss":0,"event_name":"Winding Halls","floor":37,"gold_loss":0,"cards_obtained":["Writhe"]},{"damage_healed":0,"gold_gain":275,"player_choice":"Desecrate","damage_taken":0,"max_hp_gain":0,"max_hp_loss":0,"event_name":"Golden Shrine","floor":42,"gold_loss":0,"cards_obtained":["Regret"]}],"is_beta":false,"boss_relics":[{"not_picked":["White Beast Statue","Eternal Feather"],"picked":"Ectoplasm"},{"not_picked":["Velvet Choker","Tiny House"],"picked":"Coffee Dripper"}],"items_purged_floors":[8,28],"is_endless":false,"potions_floor_spawned":[11,12,16,18,21,22,25,29,33,35,46],"killed_by":"Time Eater","ascension_level":3}