{"gold_per_floor":[111,36,36,36,36,36,55,55,55,66,85,99,117,146,146,146],"floor_reached":16,"playtime":698,"items_purged":["Strike_B"],"score":112,"play_id":"9d26ab8f-a7cd-476a-b38f-1eb4c69d0a1b","local_time":"20190731193958","is_ascension_mode":true,"campfire_choices":[{"data":"Leap","floor":6,"key":"SMITH"},{"data":"Self Repair","floor":8,"key":"SMITH"},{"data":"Zap","floor":15,"key":"SMITH"}],"neow_cost":"NONE","seed_source_timestamp":362536714219198,"circlet_count":0,"master_deck":["Strike_B","Strike_B","Strike_B","Defend_B","Defend_B","Defend_B","Zap+1","Dualcast","Leap+1","Self Repair+1","Undo","Go for the Eyes","Hologram","Reprogram"],"relics":["Philosopher\u0027s Stone","Pantograph","Pocketwatch"],"potions_floor_usage":[16,16],"damage_taken":[{"damage":0,"enemies":"Cultist","floor":1,"turns":3},{"damage":6,"enemies":"Small Slimes","floor":7,"turns":3},{"damage":3,"enemies":"Jaw Worm","floor":10,"turns":3},{"damage":5,"enemies":"Exordium Wildlife","floor":11,"turns":4},{"damage":1,"enemies":"Red Slaver","floor":12,"turns":4},{"damage":1,"enemies":"Blue Slaver","floor":13,"turns":4},{"damage":35,"enemies":"3 Sentries","floor":14,"turns":10},{"damage":83,"enemies":"Slime Boss","floor":16,"turns":11}],"seed_played":"-3961449967052832484","potions_obtained":[{"floor":7,"key":"Block Potion"},{"floor":12,"key":"Regen Potion"}],"is_trial":false,"path_per_floor":["M","$","?","?","$","R","M","R","T","M","M","M","M","E","R","B"],"character_chosen":"DEFECT","items_purchased":[],"campfire_rested":0,"item_purchase_floors":[],"current_hp_per_floor":[75,75,68,68,68,68,62,62,62,69,74,75,75,50,50,0],"gold":146,"neow_bonus":"BOSS_RELIC","is_prod":false,"is_daily":false,"chose_seed":false,"campfire_upgraded":3,"win_rate":0,"timestamp":1564627198,"path_taken":["M","$","?","?","?","R","M","R","T","M","M","M","M","E","R","BOSS"],"build_version":"2019-07-17","purchased_purges":1,"victory":false,"max_hp_per_floor":[75,75,75,75,75,75,75,75,75,75,75,75,75,75,75,75],"card_choices":[{"not_picked":["Go for the Eyes","Chaos"],"picked":"Leap","floor":1},{"not_picked":["Redo","Ball Lightning"],"picked":"Self Repair","floor":7},{"not_picked":["Redo","Chill"],"picked":"Undo","floor":10},{"not_picked":["Streamline","Buffer"],"picked":"Go for the Eyes","floor":11},{"not_picked":["White Noise","Hello World"],"picked":"Hologram","floor":12},{"not_picked":["Barrage","Cold Snap","Undo"],"picked":"SKIP","floor":13},{"not_picked":["Steam","Meteor Strike"],"picked":"Reprogram","floor":14}],"player_experience":287699,"relics_obtained":[{"floor":9,"key":"Pantograph"},{"floor":14,"key":"Pocketwatch"}],"event_choices":[{"cards_removed":["Defend_B"],"damage_healed":0,"gold_gain":0,"player_choice":"Card Removal","damage_taken":7,"max_hp_gain":0,"max_hp_loss":0,"event_name":"Golden Wing","floor":3,"gold_loss":0},{"damage_healed":0,"gold_gain":0,"player_choice":"Ignored","damage_taken":0,"max_hp_gain":0,"max_hp_loss":0,"event_name":"Liars Game","floor":4,"gold_loss":0}],"is_beta":false,"boss_relics":[],"items_purged_floors":[2],"is_endless":false,"potions_floor_spawned":[7,12],"killed_by":"Slime Boss","ascension_level":2}