{"gold_per_floor":[118,118,131,150,150,150,179,197,197,226,226,226,226,253,253,351,351,367,357,30,30,30,63,63,76,76,76],"floor_reached":27,"playtime":1524,"items_purged":["Strike_R"],"score":377,"play_id":"0b2fd3ee-e354-4e9c-bb28-aa32635d4208","local_time":"20190522102354","is_ascension_mode":true,"campfire_choices":[{"data":"True Grit","floor":6,"key":"SMITH"},{"data":"Armaments","floor":13,"key":"SMITH"},{"data":"Inflame","floor":15,"key":"SMITH"}],"neow_cost":"NONE","seed_source_timestamp":647153295913726,"circlet_count":0,"master_deck":["AscendersBane","Strike_R","Strike_R","Defend_R","Defend_R","Defend_R","Defend_R","Bash","Clothesline","Inflame+1","True Grit+1","Armaments+1","Spot Weakness","Spot Weakness","Flame Barrier","Fiend Fire+1","Burning Pact","Uppercut+1","Limit Break","Shrug It Off","Shame","Sword Boomerang+1","Burning Pact"],"relics":["Burning Blood","Charon\u0027s Ashes","The Courier","Molten Egg 2","Potion Belt","PreservedInsect","Letter Opener","Mark of Pain","Lee\u0027s Waffle","Ginger","Mercury Hourglass","Mummified Hand"],"potions_floor_usage":[3,10,16,16,23,24,24],"damage_taken":[{"damage":3,"enemies":"2 Louse","floor":1,"turns":3},{"damage":6,"enemies":"Small Slimes","floor":3,"turns":6},{"damage":6,"enemies":"Cultist","floor":4,"turns":3},{"damage":26,"enemies":"3 Sentries","floor":7,"turns":6},{"damage":5,"enemies":"Looter","floor":8,"turns":4},{"damage":24,"enemies":"Lagavulin","floor":10,"turns":9},{"damage":17,"enemies":"3 Sentries","floor":14,"turns":7},{"damage":19,"enemies":"Hexaghost","floor":16,"turns":12},{"damage":15,"enemies":"Shell Parasite","floor":18,"turns":4},{"damage":27,"enemies":"2 Thieves","floor":19,"turns":4},{"damage":44,"enemies":"Gremlin Leader","floor":23,"turns":5},{"damage":19,"enemies":"Snecko","floor":24,"turns":6},{"damage":6,"enemies":"Sentry and Sphere","floor":25,"turns":3},{"damage":38,"enemies":"Book of Stabbing","floor":27,"turns":5}],"seed_played":"-4326093957878678118","potions_obtained":[{"floor":0,"key":"SmokeBomb"},{"floor":0,"key":"SkillPotion"},{"floor":0,"key":"Regen Potion"},{"floor":4,"key":"PowerPotion"},{"floor":14,"key":"LiquidBronze"},{"floor":19,"key":"Swift Potion"},{"floor":23,"key":"GamblersBrew"}],"is_trial":false,"path_per_floor":["M","?","M","M","?","R","E","M","T","E","?","?","R","E","R","B",null,"M","M","$","?","?","E","M","M","T","E"],"character_chosen":"IRONCLAD","items_purchased":["Lee\u0027s Waffle","Limit Break","Shrug It Off"],"campfire_rested":0,"item_purchase_floors":[20,20,20],"current_hp_per_floor":[75,63,78,78,71,71,51,52,52,34,34,34,34,23,23,10,63,54,33,87,87,87,49,36,36,36,0],"gold":76,"neow_bonus":"THREE_SMALL_POTIONS","is_prod":false,"is_daily":false,"chose_seed":false,"campfire_upgraded":3,"win_rate":0,"timestamp":1558535034,"path_taken":["M","?","M","M","?","R","E","M","T","E","?","?","R","E","R","BOSS","M","M","$","?","?","E","?","M","T","E"],"build_version":"2019-01-23","purchased_purges":1,"victory":false,"max_hp_per_floor":[80,80,80,80,80,80,80,80,80,80,80,80,80,80,80,80,80,80,80,87,87,87,87,87,87,87,87],"card_choices":[{"not_picked":["Pommel Strike","Iron Wave"],"picked":"Clothesline","floor":1},{"not_picked":["Heavy Blade","Clothesline"],"picked":"Inflame","floor":3},{"not_picked":["Wild Strike","Clothesline"],"picked":"True Grit","floor":4},{"not_picked":["Cleave","Rampage"],"picked":"Armaments","floor":7},{"not_picked":["Thunderclap","Twin Strike"],"picked":"Spot Weakness","floor":8},{"not_picked":["Second Wind","Barricade"],"picked":"Spot Weakness","floor":10},{"not_picked":["Thunderclap+1","True Grit"],"picked":"Flame Barrier","floor":14},{"not_picked":["Dark Embrace","Juggernaut"],"picked":"Fiend Fire+1","floor":16},{"not_picked":["Armaments+1","Dropkick+1"],"picked":"Burning Pact","floor":18},{"not_picked":["Thunderclap+1","Dropkick+1"],"picked":"Uppercut+1","floor":19},{"not_picked":["Armaments","Bludgeon+1"],"picked":"Sword Boomerang+1","floor":23},{"not_picked":["Dropkick+1","Bloodletting+1"],"picked":"Burning Pact","floor":25}],"player_experience":405291,"relics_obtained":[{"floor":7,"key":"The Courier"},{"floor":9,"key":"Molten Egg 2"},{"floor":10,"key":"Potion Belt"},{"floor":14,"key":"Letter Opener"},{"floor":23,"key":"Mercury Hourglass"},{"floor":26,"key":"Mummified Hand"}],"event_choices":[{"damage_healed":0,"gold_gain":0,"player_choice":"Success","damage_taken":12,"relics_obtained":["Charon\u0027s Ashes"],"max_hp_gain":0,"max_hp_loss":0,"event_name":"Scrap Ooze","floor":2,"gold_loss":0},{"cards_removed":["Strike_R"],"damage_healed":0,"gold_gain":0,"player_choice":"Card Removal","damage_taken":7,"max_hp_gain":0,"max_hp_loss":0,"event_name":"Golden Wing","floor":5,"gold_loss":0},{"damage_healed":0,"gold_gain":0,"player_choice":"Searched \u00271\u0027 times","damage_taken":0,"relics_obtained":["PreservedInsect"],"max_hp_gain":0,"max_hp_loss":0,"event_name":"Dead Adventurer","floor":11,"gold_loss":0},{"cards_removed":["Strike_R"],"damage_healed":0,"gold_gain":0,"player_choice":"Purged","damage_taken":0,"max_hp_gain":0,"max_hp_loss":0,"event_name":"Purifier","floor":12,"gold_loss":0},{"damage_healed":0,"gold_gain":0,"player_choice":"Ignored","damage_taken":0,"max_hp_gain":0,"max_hp_loss":0,"event_name":"Beggar","floor":21,"gold_loss":0},{"damage_healed":0,"gold_gain":0,"player_choice":"Stole Relic","damage_taken":0,"relics_obtained":["Ginger"],"max_hp_gain":0,"max_hp_loss":0,"event_name":"Addict","floor":22,"gold_loss":0,"cards_obtained":["Shame"]}],"is_beta":false,"boss_relics":[{"not_picked":["Tiny House","Black Star"],"picked":"Mark of Pain"}],"items_purged_floors":[20],"is_endless":false,"potions_floor_spawned":[1,4,14,19,23],"killed_by":"Book of Stabbing","ascension_level":10}