{"gold_per_floor":[367,72,89,89,89,123,123,138,138,47,64,64,97,114,114,211,211,228,79,89,0,0,27,27,41,41,41,60,60,60,60,60,157,157,176,176,187,187,187,187,206,206,206,206,220,240,240,260,260,260],"floor_reached":50,"playtime":2186,"items_purged":["Strike_R"],"score":567,"play_id":"c3e85b1e-efde-465d-9e29-2bc1d8095008","local_time":"20190531232915","is_ascension_mode":true,"campfire_choices":[{"floor":7,"key":"REST"},{"data":"Feed","floor":12,"key":"SMITH"},{"floor":15,"key":"REST"},{"floor":24,"key":"REST"},{"data":"Barricade","floor":29,"key":"SMITH"},{"floor":32,"key":"REST"},{"floor":40,"key":"REST"},{"floor":42,"key":"RECALL"},{"data":"Inflame","floor":49,"key":"SMITH"}],"neow_cost":"PERCENT_DAMAGE","seed_source_timestamp":1089375677624933,"circlet_count":0,"master_deck":["Strike_R+1","Strike_R+1","Strike_R+1","Defend_R+1","Defend_R+1","Defend_R+1","Bash+1","Flex+1","Spot Weakness+1","Feed+1","Power Through+1","Inflame+1","Shrug It Off+1","Seeing Red+1","Iron Wave+1","Barricade+1","Parasite","Dropkick+1","Cleave+1","Cleave+1","Feed+1","Wild Strike+1","Shame","Demon Form+1","Shrug It Off+1","Mind Blast+1","Intimidate+1","Flex+1","Inflame+1","Writhe","Pommel Strike+1"],"relics":["Burning Blood","Bag of Preparation","Paper Frog","Mercury Hourglass","Omamori","Calling Bell","Pen Nib","Molten Egg 2","Thread and Needle","Lantern","Happy Flower","Potion Belt","Self Forming Clay","MutagenicStrength","Velvet Choker","Mark of the Bloom","Letter Opener"],"potions_floor_usage":[16,33,33,33,35,45,45],"damage_taken":[{"damage":9,"enemies":"2 Louse","floor":1,"turns":2},{"damage":6,"enemies":"Jaw Worm","floor":3,"turns":4},{"damage":51,"enemies":"3 Sentries","floor":6,"turns":9},{"damage":10,"enemies":"Cultist","floor":8,"turns":5},{"damage":3,"enemies":"Exordium Thugs","floor":11,"turns":4},{"damage":23,"enemies":"Lagavulin","floor":13,"turns":8},{"damage":3,"enemies":"Large Slime","floor":14,"turns":5},{"damage":23,"enemies":"Hexaghost","floor":16,"turns":12},{"damage":21,"enemies":"Shell Parasite","floor":18,"turns":5},{"damage":8,"enemies":"3 Byrds","floor":20,"turns":5},{"damage":56,"enemies":"Gremlin Leader","floor":23,"turns":7},{"damage":14,"enemies":"Cultist and Chosen","floor":25,"turns":5},{"damage":0,"enemies":"3 Cultists","floor":28,"turns":4},{"damage":67,"enemies":"Automaton","floor":33,"turns":12},{"damage":12,"enemies":"Orb Walker","floor":35,"turns":2},{"damage":6,"enemies":"3 Darklings","floor":37,"turns":3},{"damage":8,"enemies":"Spire Growth","floor":41,"turns":5},{"damage":6,"enemies":"Writhing Mass","floor":45,"turns":3},{"damage":0,"enemies":"Jaw Worm Horde","floor":46,"turns":1},{"damage":0,"enemies":"Sphere and 2 Shapes","floor":48,"turns":3},{"damage":87,"enemies":"Donu and Deca","floor":50,"turns":7}],"seed_played":"-1137582208177161197","potions_obtained":[{"floor":1,"key":"PowerPotion"},{"floor":3,"key":"SpeedPotion"},{"floor":13,"key":"Strength Potion"},{"floor":18,"key":"SteroidPotion"},{"floor":28,"key":"Fire Potion"},{"floor":35,"key":"Fire Potion"},{"floor":37,"key":"Regen Potion"}],"is_trial":false,"path_per_floor":["M","$","M","?","?","E","R","M","T","$","M","R","E","M","R","B",null,"M","$","M","?","?","E","R","M","T","?","M","R","?","?","R","B",null,"M","?","M","?","?","R","M","R","T","?","M","M","?","M","R","B"],"character_chosen":"IRONCLAD","items_purchased":["Spot Weakness","Bag of Preparation","Inflame","Shrug It Off","Lantern"],"campfire_rested":5,"item_purchase_floors":[2,2,10,10,19],"current_hp_per_floor":[53,53,53,53,53,8,32,31,31,31,37,37,20,27,54,41,94,79,79,77,77,77,27,55,47,47,47,57,57,57,57,86,25,98,92,92,86,86,86,86,78,78,78,78,72,72,72,72,72,0],"gold":260,"neow_bonus":"TWO_FIFTY_GOLD","is_prod":false,"is_daily":false,"chose_seed":false,"campfire_upgraded":3,"win_rate":0,"timestamp":1559363355,"path_taken":["M","$","M","?","?","E","R","?","T","?","M","R","E","M","R","BOSS","M","$","M","?","?","E","R","M","T","?","?","R","?","?","R","BOSS","M","?","M","?","?","R","M","R","T","?","M","M","?","M","R","BOSS"],"build_version":"2019-01-23","purchased_purges":1,"victory":false,"max_hp_per_floor":[80,80,80,80,80,80,80,83,83,83,86,86,86,90,90,94,94,94,94,94,94,94,94,94,94,94,94,98,98,98,98,98,98,98,98,98,98,98,98,98,98,98,98,98,102,106,106,106,106,106],"card_choices":[{"not_picked":["Blood for Blood","Armaments"],"picked":"Flex","floor":1},{"not_picked":["Wild Strike","Headbutt","Perfected Strike"],"picked":"SKIP","floor":3},{"not_picked":["Perfected Strike","Carnage"],"picked":"Feed","floor":6},{"not_picked":["Spot Weakness","Clothesline"],"picked":"Power Through","floor":8},{"not_picked":["Cleave","Hemokinesis"],"picked":"Seeing Red","floor":11},{"not_picked":["Second Wind","Havoc","Heavy Blade"],"picked":"SKIP","floor":13},{"not_picked":["Anger","Havoc"],"picked":"Iron Wave","floor":14},{"not_picked":["Bludgeon","Brutality"],"picked":"Barricade","floor":16},{"not_picked":["Uppercut+1","Rage+1"],"picked":"Dropkick+1","floor":18},{"not_picked":["Seeing Red","Carnage+1"],"picked":"Cleave+1","floor":20},{"not_picked":["Havoc","Shrug It Off"],"picked":"Cleave+1","floor":23},{"not_picked":["Hemokinesis+1","Wild Strike+1","Clash+1"],"picked":"SKIP","floor":25},{"not_picked":["Clash+1","Cleave+1"],"picked":"Wild Strike+1","floor":28},{"not_picked":["Dark Embrace","Barricade"],"picked":"Demon Form","floor":33},{"not_picked":["Wild Strike+1","Shrug It Off","Havoc"],"picked":"SKIP","floor":35},{"not_picked":["Cleave+1","Clash+1"],"picked":"Shrug It Off+1","floor":37},{"not_picked":["Secret Weapon","Dramatic Entrance+1"],"picked":"Mind Blast+1","floor":38},{"not_picked":["Havoc","Armaments"],"picked":"Intimidate+1","floor":41},{"not_picked":["Iron Wave+1","Headbutt+1"],"picked":"Flex+1","floor":45},{"not_picked":["Sword Boomerang+1","Clash+1"],"picked":"Inflame","floor":46},{"not_picked":["Heavy Blade+1","Pummel+1"],"picked":"Pommel Strike+1","floor":48}],"player_experience":52214,"relics_obtained":[{"floor":6,"key":"Paper Frog"},{"floor":9,"key":"Mercury Hourglass"},{"floor":13,"key":"Omamori"},{"floor":17,"key":"Pen Nib"},{"floor":17,"key":"Molten Egg 2"},{"floor":17,"key":"Thread and Needle"},{"floor":23,"key":"Happy Flower"},{"floor":26,"key":"Potion Belt"},{"floor":43,"key":"Letter Opener"}],"event_choices":[{"damage_healed":0,"gold_gain":0,"player_choice":"Ignored","damage_taken":0,"max_hp_gain":0,"max_hp_loss":0,"event_name":"Shining Light","floor":4,"gold_loss":0},{"cards_removed":["Defend_R"],"damage_healed":0,"gold_gain":0,"player_choice":"Offered Basic","damage_taken":0,"max_hp_gain":0,"max_hp_loss":0,"event_name":"Bonfire Elementals","floor":5,"gold_loss":0},{"damage_healed":0,"gold_gain":0,"player_choice":"Paid Fearfully","damage_taken":0,"max_hp_gain":0,"max_hp_loss":0,"event_name":"Masked Bandits","floor":21,"gold_loss":89},{"damage_healed":0,"gold_gain":0,"player_choice":"Ignored","damage_taken":0,"max_hp_gain":0,"max_hp_loss":0,"event_name":"Ghosts","floor":22,"gold_loss":0},{"damage_healed":0,"gold_gain":0,"player_choice":"Copied","damage_taken":0,"max_hp_gain":0,"max_hp_loss":0,"event_name":"Duplicator","floor":27,"gold_loss":0,"cards_obtained":["Feed"]},{"damage_healed":0,"gold_gain":0,"player_choice":"Stole Relic","damage_taken":0,"relics_obtained":["Self Forming Clay"],"max_hp_gain":0,"max_hp_loss":0,"event_name":"Addict","floor":30,"gold_loss":0,"cards_obtained":["Shame"]},{"damage_healed":0,"gold_gain":0,"player_choice":"Inject Mutagens","damage_taken":0,"relics_obtained":["MutagenicStrength"],"max_hp_gain":0,"max_hp_loss":0,"event_name":"Drug Dealer","floor":31,"gold_loss":0},{"damage_healed":0,"gold_gain":0,"player_choice":"Upgrade","damage_taken":0,"relics_obtained":["Mark of the Bloom"],"max_hp_gain":0,"max_hp_loss":0,"event_name":"MindBloom","floor":36,"gold_loss":0,"cards_upgraded":["Strike_R","Strike_R","Strike_R","Strike_R","Defend_R","Defend_R","Defend_R","Bash","Flex","Spot Weakness","Power Through","Inflame","Shrug It Off","Seeing Red","Iron Wave","Demon Form"]},{"damage_healed":0,"gold_gain":0,"player_choice":"Memory 1","damage_taken":0,"max_hp_gain":0,"max_hp_loss":0,"event_name":"SensoryStone","floor":38,"gold_loss":0},{"damage_healed":0,"gold_gain":0,"player_choice":"Ignored","damage_taken":0,"max_hp_gain":0,"max_hp_loss":0,"event_name":"Mysterious Sphere","floor":39,"gold_loss":0},{"cards_removed":["Strike_R"],"damage_healed":0,"gold_gain":0,"player_choice":"Removed Attack","damage_taken":0,"max_hp_gain":0,"max_hp_loss":0,"event_name":"Falling","floor":44,"gold_loss":0},{"damage_healed":27,"gold_gain":0,"player_choice":"Writhe","damage_taken":0,"max_hp_gain":0,"max_hp_loss":0,"event_name":"Winding Halls","floor":47,"gold_loss":0,"cards_obtained":["Writhe"]}],"is_beta":false,"boss_relics":[{"not_picked":["Sozu","Snecko Eye"],"picked":"Calling Bell"},{"not_picked":["Cursed Key","Coffee Dripper"],"picked":"Velvet Choker"}],"items_purged_floors":[2],"is_endless":false,"potions_floor_spawned":[1,3,13,14,18,20,28,35,37],"killed_by":"Donu and Deca","ascension_level":2}