{"gold_per_floor":[111,127,147,97,127,127,161,188,214,42,42],"floor_reached":11,"playtime":306,"items_purged":["Strike_B"],"score":99,"play_id":"5036837e-d906-4dc1-bd79-d100655784ce","local_time":"20190608083050","is_ascension_mode":true,"campfire_choices":[{"data":"Chaos","floor":6,"key":"SMITH"}],"neow_cost":"NONE","seed_source_timestamp":170564766757367,"circlet_count":0,"master_deck":["Strike_B","Strike_B","Defend_B","Defend_B","Defend_B","Defend_B","Zap","Dualcast","Conserve Battery","Chaos+1","Heatsinks","Biased Cognition","Coolheaded","Capacitor"],"relics":["Cracked Core","Tiny Chest","Pen Nib","Smiling Mask","Bag of Preparation"],"potions_floor_usage":[11],"damage_taken":[{"damage":4,"enemies":"2 Louse","floor":1,"turns":2},{"damage":0,"enemies":"Small Slimes","floor":2,"turns":3},{"damage":0,"enemies":"Jaw Worm","floor":3,"turns":5},{"damage":21,"enemies":"Lagavulin","floor":7,"turns":9},{"damage":49,"enemies":"Gremlin Nob","floor":11,"turns":6}],"seed_played":"4694481016823779041","potions_obtained":[{"floor":7,"key":"Weak Potion"}],"is_trial":false,"path_per_floor":["M","M","M","?","?","R","E","T","T","$","E"],"character_chosen":"DEFECT","items_purchased":["Coolheaded","Capacitor"],"campfire_rested":0,"item_purchase_floors":[10,10],"current_hp_per_floor":[71,71,71,71,68,68,47,47,47,47,0],"gold":42,"neow_bonus":"TEN_PERCENT_HP_BONUS","is_prod":false,"is_daily":false,"chose_seed":false,"campfire_upgraded":1,"win_rate":0,"timestamp":1559997050,"path_taken":["M","M","M","?","?","R","E","?","T","?","E"],"build_version":"2019-01-23","purchased_purges":1,"victory":false,"max_hp_per_floor":[82,82,82,82,82,82,82,82,82,82,82],"card_choices":[{"not_picked":["Go for the Eyes","Hologram"],"picked":"Conserve Battery","floor":1},{"not_picked":["Streamline","Reinforced Body"],"picked":"Chaos","floor":2},{"not_picked":["Steam","Rebound"],"picked":"Heatsinks","floor":3},{"not_picked":["Stack","BootSequence"],"picked":"Biased Cognition","floor":7}],"player_experience":595851,"relics_obtained":[{"floor":7,"key":"Pen Nib"},{"floor":8,"key":"Smiling Mask"},{"floor":9,"key":"Bag of Preparation"}],"event_choices":[{"cards_removed":["Strike_B"],"damage_healed":0,"gold_gain":0,"player_choice":"Card Removal","damage_taken":0,"max_hp_gain":0,"max_hp_loss":0,"event_name":"The Cleric","floor":4,"gold_loss":50},{"damage_healed":0,"gold_gain":0,"player_choice":"Success","damage_taken":3,"relics_obtained":["Tiny Chest"],"max_hp_gain":0,"max_hp_loss":0,"event_name":"Scrap Ooze","floor":5,"gold_loss":0}],"is_beta":false,"boss_relics":[],"items_purged_floors":[10],"is_endless":false,"potions_floor_spawned":[7],"killed_by":"Gremlin Nob","ascension_level":8}