{"gold_per_floor":[19,119,131,142,156,181,181,198,270,296,315,350,365,385,385,489,489,508,522,535,23,33,66,77,77,77,89,89,106,119,119,119,214,214,227,227,227,227,240,268,268,268,295,320,18,118,131,144,144,144],"floor_reached":51,"playtime":6786,"items_purged":["Strike_R","Strike_R"],"score":855,"play_id":"0d837758-4de3-4b6b-a96c-76ae7afa0e4a","local_time":"20181123145013","is_ascension_mode":false,"campfire_choices":[{"data":"Entrench","floor":7,"key":"SMITH"},{"data":"Armaments","floor":15,"key":"SMITH"},{"data":"Shockwave","floor":25,"key":"SMITH"},{"data":"Body Slam","floor":28,"key":"SMITH"},{"data":"Fire Breathing","floor":32,"key":"SMITH"},{"data":"Strike_R","floor":41,"key":"PURGE"},{"data":"Strike_R","floor":49,"key":"PURGE"}],"neow_cost":"NO_GOLD","seed_source_timestamp":2397115315791114,"circlet_count":0,"master_deck":["Defend_R","Defend_R","Defend_R","Defend_R","Bash","Entrench+1","Clothesline","Iron Wave","Disarm","Shockwave+1","True Grit+1","Double Tap","Body Slam+1","Feed","Sever Soul","Armaments+1","Juggernaut","Power Through+1","Headbutt","Iron Wave","Fire Breathing+1","Shrug It Off+1","Flame Barrier","Feel No Pain+1","Twin Strike+1","Heavy Blade","Ghostly","Ghostly","Ghostly","Ghostly","Ghostly+1","Offering","Dual Wield","Finesse","Rage","Battle Trance"],"relics":["Burning Blood","Thread and Needle","Centennial Puzzle","Shuriken","Peace Pipe","Bag of Marbles","Mark of Pain","Bottled Lightning","PreservedInsect","Mercury Hourglass","Gambling Chip","Fusion Hammer","Self Forming Clay","War Paint","Bag of Preparation","OrangePellets","FossilizedHelix"],"potions_floor_usage":[8,8,12,16,20,23,23,44,50,50,50,50,50],"damage_taken":[{"damage":1,"enemies":"Small Slimes","floor":1,"turns":3},{"damage":0,"enemies":"Cultist","floor":3,"turns":5},{"damage":1,"enemies":"2 Louse","floor":4,"turns":3},{"damage":13,"enemies":"2 Fungi Beasts","floor":5,"turns":4},{"damage":34,"enemies":"Lagavulin","floor":6,"turns":12},{"damage":17,"enemies":"Gremlin Gang","floor":8,"turns":9},{"damage":37,"enemies":"3 Sentries","floor":10,"turns":14},{"damage":3,"enemies":"Looter","floor":11,"turns":3},{"damage":12,"enemies":"Lagavulin","floor":12,"turns":9},{"damage":0,"enemies":"Exordium Wildlife","floor":13,"turns":2},{"damage":5,"enemies":"Blue Slaver","floor":14,"turns":3},{"damage":3,"enemies":"Hexaghost","floor":16,"turns":15},{"damage":0,"enemies":"Chosen","floor":18,"turns":4},{"damage":10,"enemies":"2 Thieves","floor":19,"turns":4},{"damage":8,"enemies":"Cultist and Chosen","floor":20,"turns":7},{"damage":5,"enemies":"Snecko","floor":22,"turns":6},{"damage":5,"enemies":"Slavers","floor":23,"turns":4},{"damage":3,"enemies":"Centurion and Healer","floor":24,"turns":6},{"damage":3,"enemies":"3 Cultists","floor":27,"turns":5},{"damage":3,"enemies":"Shelled Parasite and Fungi","floor":29,"turns":4},{"damage":13,"enemies":"Snake Plant","floor":30,"turns":5},{"damage":0,"enemies":"Champ","floor":33,"turns":12},{"damage":0,"enemies":"3 Shapes","floor":35,"turns":4},{"damage":0,"enemies":"3 Darklings","floor":39,"turns":7},{"damage":0,"enemies":"Reptomancer","floor":40,"turns":5},{"damage":8,"enemies":"Giant Head","floor":44,"turns":6},{"damage":9,"enemies":"Mind Bloom Boss Battle","floor":46,"turns":8},{"damage":0,"enemies":"Transient","floor":47,"turns":5},{"damage":9,"enemies":"4 Shapes","floor":48,"turns":4},{"damage":22,"enemies":"Awakened One","floor":50,"turns":12}],"seed_played":"-3933710931133659306","potions_obtained":[{"floor":1,"key":"SneckoOil"},{"floor":3,"key":"Strength Potion"},{"floor":4,"key":"BloodPotion"},{"floor":6,"key":"BloodPotion"},{"floor":13,"key":"EssenceOfSteel"},{"floor":16,"key":"AttackPotion"},{"floor":19,"key":"PowerPotion"},{"floor":20,"key":"Regen Potion"},{"floor":22,"key":"Explosive Potion"},{"floor":24,"key":"SpeedPotion"},{"floor":33,"key":"GamblersBrew"},{"floor":40,"key":"EntropicBrew"},{"floor":47,"key":"Regen Potion"}],"is_trial":false,"path_per_floor":["M","?","M","M","M","E","R","M","T","E","M","E","M","M","R","B",null,"M","M","M","$","M","E","M","R","T","M","R","M","M","?","R","B",null,"M","?","?","?","M","E","R","?","T","E","$","?","M","M","R","B",null],"character_chosen":"IRONCLAD","items_purchased":["Bottled Lightning","PreservedInsect","Fire Breathing","OrangePellets"],"campfire_rested":0,"item_purchase_floors":[21,21,21,45],"current_hp_per_floor":[80,80,80,80,73,45,45,50,50,19,22,16,22,23,23,26,80,80,80,78,78,82,87,90,90,90,91,91,91,84,45,45,45,45,45,45,45,45,45,45,45,45,45,43,43,40,45,42,42,45],"gold":144,"neow_bonus":"ONE_RARE_RELIC","is_prod":false,"is_daily":false,"chose_seed":false,"campfire_upgraded":5,"win_rate":0.0,"timestamp":1542963013,"path_taken":["M","?","M","M","?","E","R","M","T","E","M","E","M","M","R","BOSS","M","M","M","$","M","E","M","R","T","M","R","M","M","?","R","BOSS","M","?","?","?","?","E","R","?","T","E","$","?","M","M","R","BOSS"],"build_version":"2018-11-15","purchased_purges":2,"victory":true,"max_hp_per_floor":[80,80,80,80,80,80,80,80,80,80,80,80,80,80,80,80,80,80,84,84,84,87,91,91,91,91,91,91,91,91,45,45,45,45,45,45,45,45,45,45,45,45,45,45,45,45,45,45,45,45],"card_choices":[{"not_picked":["Armaments","Heavy Blade"],"picked":"Entrench","floor":1},{"not_picked":["Flex","Rupture"],"picked":"Clothesline","floor":3},{"not_picked":["Anger","Heavy Blade"],"picked":"Iron Wave","floor":4},{"not_picked":["Fire Breathing","Infernal Blade"],"picked":"Disarm","floor":5},{"not_picked":["Carnage","Anger"],"picked":"Shockwave","floor":6},{"not_picked":["Perfected Strike","Combust"],"picked":"True Grit","floor":8},{"not_picked":["Disarm","Burning Pact"],"picked":"Double Tap","floor":10},{"not_picked":["Heavy Blade","Thunderclap"],"picked":"Body Slam","floor":11},{"not_picked":["True Grit","Rupture"],"picked":"Feed","floor":12},{"not_picked":["Cleave","Heavy Blade"],"picked":"Sever Soul","floor":13},{"not_picked":["Fire Breathing","Entrench"],"picked":"Armaments","floor":14},{"not_picked":["Brutality","Bludgeon"],"picked":"Juggernaut","floor":16},{"not_picked":["Corruption+1","Cleave"],"picked":"Power Through+1","floor":18},{"not_picked":["Clothesline","Sever Soul"],"picked":"Headbutt","floor":19},{"not_picked":["Inflame+1","Uppercut"],"picked":"Iron Wave","floor":20},{"not_picked":["Heavy Blade","Cleave"],"picked":"Shrug It Off+1","floor":22},{"not_picked":["Bludgeon","Anger"],"picked":"Flame Barrier","floor":23},{"not_picked":["Thunderclap","Dual Wield"],"picked":"Feel No Pain+1","floor":24},{"not_picked":["Headbutt","Hemokinesis+1"],"picked":"Twin Strike+1","floor":27},{"not_picked":["Anger+1","Cleave"],"picked":"Heavy Blade","floor":29},{"not_picked":["Thunderclap+1","Disarm","Fire Breathing"],"picked":"SKIP","floor":30},{"not_picked":["Bludgeon","Juggernaut"],"picked":"Offering","floor":33},{"not_picked":["Clothesline+1","Headbutt"],"picked":"Dual Wield","floor":35},{"not_picked":["Metamorphosis","The Bomb"],"picked":"Finesse","floor":36},{"not_picked":["Intimidate","Sword Boomerang"],"picked":"Flame Barrier+1","floor":39},{"not_picked":["Carnage+1","Burning Pact","Disarm"],"picked":"SKIP","floor":40},{"not_picked":["Pommel Strike+1","Flex+1"],"picked":"Rage","floor":44},{"not_picked":["Carnage","Anger+1"],"picked":"Battle Trance","floor":46},{"not_picked":["Blood for Blood","Perfected Strike","Burning Pact+1"],"picked":"SKIP","floor":47},{"not_picked":["Sword Boomerang","Perfected Strike+1","Thunderclap+1"],"picked":"SKIP","floor":48}],"player_experience":9105,"relics_obtained":[{"floor":6,"key":"Centennial Puzzle"},{"floor":9,"key":"Shuriken"},{"floor":10,"key":"Peace Pipe"},{"floor":12,"key":"Bag of Marbles"},{"floor":23,"key":"Mercury Hourglass"},{"floor":26,"key":"Gambling Chip"},{"floor":40,"key":"Self Forming Clay"},{"floor":43,"key":"War Paint"},{"floor":44,"key":"Bag of Preparation"},{"floor":46,"key":"FossilizedHelix"}],"event_choices":[{"damage_healed":0,"gold_gain":100,"player_choice":"Pray","damage_taken":0,"max_hp_gain":0,"max_hp_loss":0,"event_name":"Golden Shrine","floor":2,"gold_loss":0},{"damage_healed":0,"gold_gain":0,"player_choice":"Became a Ghost","damage_taken":0,"max_hp_gain":0,"max_hp_loss":46,"event_name":"Ghosts","floor":31,"gold_loss":0,"cards_obtained":["Ghostly","Ghostly","Ghostly","Ghostly","Ghostly"]},{"damage_healed":0,"gold_gain":0,"player_choice":"Memory 1","damage_taken":0,"max_hp_gain":0,"max_hp_loss":0,"event_name":"SensoryStone","floor":36,"gold_loss":0},{"damage_healed":0,"gold_gain":0,"player_choice":"Ignored","damage_taken":0,"max_hp_gain":0,"max_hp_loss":0,"event_name":"Tomb of Lord Red Mask","floor":37,"gold_loss":0},{"cards_removed":["Strike_R"],"damage_healed":0,"gold_gain":0,"player_choice":"Offered Basic","damage_taken":0,"max_hp_gain":0,"max_hp_loss":0,"event_name":"Bonfire Elementals","floor":38,"gold_loss":0},{"cards_removed":["Flame Barrier"],"damage_healed":0,"gold_gain":0,"player_choice":"Removed Skill","damage_taken":0,"max_hp_gain":0,"max_hp_loss":0,"event_name":"Falling","floor":42,"gold_loss":0},{"damage_healed":0,"gold_gain":0,"player_choice":"Fight","damage_taken":0,"max_hp_gain":0,"max_hp_loss":0,"event_name":"MindBloom","floor":46,"gold_loss":0}],"is_beta":false,"boss_relics":[{"not_picked":["Calling Bell","Astrolabe"],"picked":"Mark of Pain"},{"not_picked":["Runic Pyramid","Empty Cage"],"picked":"Fusion Hammer"}],"items_purged_floors":[21,45],"is_endless":false,"potions_floor_spawned":[1,3,4,6,13,16,19,20,22,24,33,39,40,47],"ascension_level":0}