{"gold_per_floor":[214,230,405,417,20,47,47,78,150,150,150,100,115,149,149,249,249,217,235,249,29,43,78,78,78,78,106,116,144,69,83,83,188,188,199,199,211,71,71,71,34,34,34,69,69,82,94,119,119,119,119,119,35,60,60],"floor_reached":56,"playtime":3874,"items_purged":["Doubt","Strike_R"],"score":1554,"play_id":"d953d6c1-6a5c-4710-a751-b6154fef8269","local_time":"20190323093810","is_ascension_mode":true,"campfire_choices":[{"floor":11,"key":"REST"},{"data":"True Grit","floor":15,"key":"SMITH"},{"data":"Armaments","floor":25,"key":"SMITH"},{"floor":32,"key":"REST"},{"floor":40,"key":"RECALL"},{"data":"Combust","floor":42,"key":"SMITH"},{"data":"Shrug It Off","floor":45,"key":"SMITH"},{"data":"Feel No Pain","floor":49,"key":"SMITH"},{"data":"Reaper","floor":52,"key":"SMITH"}],"neow_cost":"NONE","seed_source_timestamp":887197581244753,"circlet_count":0,"master_deck":["Strike_R","Strike_R+1","Defend_R","Defend_R+1","Defend_R","Defend_R+1","Bash+1","Flame Barrier","Shrug It Off+1","Rampage+1","Corruption+1","Shrug It Off+1","Impervious","True Grit+1","Anger","Feed","Shockwave","Exhume","Armaments+1","True Grit+1","Metallicize+1","Reaper+1","Spot Weakness+1","Combust+1","Feel No Pain+1","Juggernaut","Dual Wield+1","Spot Weakness"],"relics":["Burning Blood","Strange Spoon","Ice Cream","Whetstone","Dodecahedron","Mercury Hourglass","Black Star","Centennial Puzzle","Pocketwatch","Pear","Meat on the Bone","Pantograph","Dream Catcher","Omamori","Ornamental Fan","Runic Pyramid","Blood Vial","War Paint","Ginger","Bronze Scales","Pen Nib","Happy Flower"],"potions_floor_usage":[8,18,20,23,29,31,33,44,50,50,55],"damage_taken":[{"damage":5,"enemies":"2 Louse","floor":1,"turns":4},{"damage":0,"enemies":"Small Slimes","floor":2,"turns":3},{"damage":2,"enemies":"Jaw Worm","floor":4,"turns":7},{"damage":28,"enemies":"Lagavulin","floor":6,"turns":8},{"damage":24,"enemies":"Gremlin Nob","floor":8,"turns":4},{"damage":2,"enemies":"Exordium Wildlife","floor":13,"turns":4},{"damage":0,"enemies":"Lagavulin","floor":14,"turns":6},{"damage":9,"enemies":"Hexaghost","floor":16,"turns":9},{"damage":6,"enemies":"2 Thieves","floor":18,"turns":5},{"damage":5,"enemies":"3 Byrds","floor":19,"turns":7},{"damage":18,"enemies":"Snake Plant","floor":20,"turns":8},{"damage":15,"enemies":"3 Cultists","floor":22,"turns":6},{"damage":13,"enemies":"Gremlin Leader","floor":23,"turns":9},{"damage":1,"enemies":"Book of Stabbing","floor":27,"turns":7},{"damage":20,"enemies":"Chosen and Byrds","floor":28,"turns":9},{"damage":18,"enemies":"Gremlin Leader","floor":29,"turns":8},{"damage":14,"enemies":"Centurion and Healer","floor":31,"turns":9},{"damage":76,"enemies":"Champ","floor":33,"turns":14},{"damage":0,"enemies":"3 Darklings","floor":35,"turns":6},{"damage":0,"enemies":"Orb Walker","floor":37,"turns":4},{"damage":51,"enemies":"Giant Head","floor":44,"turns":10},{"damage":19,"enemies":"Jaw Worm Horde","floor":46,"turns":5},{"damage":19,"enemies":"Writhing Mass","floor":47,"turns":6},{"damage":13,"enemies":"Nemesis","floor":48,"turns":11},{"damage":74,"enemies":"Awakened One","floor":50,"turns":11},{"damage":53,"enemies":"Shield and Spear","floor":54,"turns":5},{"damage":36,"enemies":"The Heart","floor":55,"turns":9}],"seed_played":"111470334240161497","potions_obtained":[{"floor":1,"key":"BloodPotion"},{"floor":2,"key":"SteroidPotion"},{"floor":6,"key":"Poison Potion"},{"floor":13,"key":"Block Potion"},{"floor":20,"key":"Swift Potion"},{"floor":29,"key":"SkillPotion"},{"floor":31,"key":"AttackPotion"},{"floor":33,"key":"Fire Potion"},{"floor":35,"key":"Ancient Potion"},{"floor":36,"key":"EssenceOfSteel"},{"floor":37,"key":"LiquidBronze"}],"is_trial":false,"path_per_floor":["M","M","?","M","$","E","?","E","T","?","R","?","M","E","R","B",null,"M","M","M","$","M","E","$","R","T","E","M","E","?","M","R","B",null,"M","?","M","$","?","R","$","R","T","E","R","M","M","E","R","B",null,"R","$","E","B",null],"character_chosen":"IRONCLAD","items_purchased":["Corruption","Strange Spoon","Shrug It Off","Armaments","Centennial Puzzle","Fire Potion","Combust","Feel No Pain","Spot Weakness","PowerPotion"],"campfire_rested":2,"item_purchase_floors":[5,5,5,21,21,21,38,41,53,53],"current_hp_per_floor":[80,80,80,80,80,58,42,24,24,24,48,48,52,58,58,55,74,77,78,66,66,63,70,70,70,70,78,68,68,68,63,96,59,103,117,117,120,120,120,120,120,120,120,82,82,79,81,111,111,121,135,135,135,138,138],"gold":60,"neow_bonus":"HUNDRED_GOLD","is_prod":false,"is_daily":false,"chose_seed":false,"campfire_upgraded":6,"win_rate":0,"timestamp":1553348290,"path_taken":["M","M","?","M","$","E","?","E","T","?","R","?","M","E","R","BOSS","M","M","M","$","M","E","$","R","T","E","M","E","?","M","R","BOSS","M","?","?","$","?","R","?","R","T","E","R","M","?","E","R","BOSS","R","$","E","BOSS"],"build_version":"2019-01-23","purchased_purges":2,"victory":true,"max_hp_per_floor":[80,80,80,80,80,80,80,80,80,80,80,80,80,80,80,80,80,83,83,83,83,89,103,103,103,103,106,110,110,110,113,113,117,117,117,117,120,120,120,120,120,120,120,124,124,132,132,136,136,139,139,139,139,143,143],"card_choices":[{"not_picked":["Shockwave","Sword Boomerang"],"picked":"Flame Barrier","floor":1},{"not_picked":["Wild Strike","Twin Strike"],"picked":"Shrug It Off","floor":2},{"not_picked":["Bludgeon","Warcry"],"picked":"Rampage","floor":4},{"not_picked":["Body Slam","Heavy Blade"],"picked":"Impervious","floor":6},{"not_picked":["Pummel","Twin Strike"],"picked":"True Grit","floor":8},{"not_picked":["Power Through","Sword Boomerang","Iron Wave"],"picked":"SKIP","floor":13},{"not_picked":["Sever Soul","Second Wind"],"picked":"Anger","floor":14},{"not_picked":["Limit Break","Berserk"],"picked":"Feed","floor":16},{"not_picked":["Havoc","Sword Boomerang+1"],"picked":"Shockwave","floor":18},{"not_picked":["Sword Boomerang","Warcry","Blood for Blood"],"picked":"SKIP","floor":19},{"not_picked":["Heavy Blade","Pommel Strike"],"picked":"Exhume","floor":20},{"not_picked":["Fire Breathing","Sword Boomerang","Sever Soul+1"],"picked":"SKIP","floor":22},{"not_picked":["Heavy Blade+1","Iron Wave","Carnage+1"],"picked":"SKIP","floor":23},{"not_picked":["Infernal Blade","Flex"],"picked":"True Grit+1","floor":27},{"not_picked":["Iron Wave","Fire Breathing+1","Shockwave"],"picked":"SKIP","floor":28},{"not_picked":["Bloodletting","Pummel","Fire Breathing"],"picked":"SKIP","floor":29},{"not_picked":["Sword Boomerang","Heavy Blade+1","Flex+1"],"picked":"SKIP","floor":31},{"not_picked":["Double Tap","True Grit"],"picked":"Metallicize+1","floor":32},{"not_picked":["Exhume","Juggernaut"],"picked":"Reaper","floor":33},{"not_picked":["Thunderclap+1","Headbutt"],"picked":"Spot Weakness+1","floor":35},{"not_picked":["Heavy Blade","Clash+1","Sever Soul"],"picked":"SKIP","floor":37},{"not_picked":["Fire Breathing+1","Havoc+1"],"picked":"Juggernaut","floor":44},{"not_picked":["Perfected Strike","Headbutt"],"picked":"Dual Wield+1","floor":46},{"not_picked":["Infernal Blade","Flex+1","Clash"],"picked":"SKIP","floor":47},{"not_picked":["Burning Pact+1","Blood for Blood+1","Heavy Blade"],"picked":"SKIP","floor":48},{"not_picked":["Perfected Strike","Cleave+1","Whirlwind"],"picked":"SKIP","floor":54}],"player_experience":340291,"relics_obtained":[{"floor":6,"key":"Ice Cream"},{"floor":8,"key":"Whetstone"},{"floor":9,"key":"Dodecahedron"},{"floor":14,"key":"Mercury Hourglass"},{"floor":23,"key":"Pocketwatch"},{"floor":23,"key":"Pear"},{"floor":26,"key":"Meat on the Bone"},{"floor":27,"key":"Pantograph"},{"floor":27,"key":"Dream Catcher"},{"floor":29,"key":"Omamori"},{"floor":29,"key":"Ornamental Fan"},{"floor":44,"key":"Blood Vial"},{"floor":44,"key":"War Paint"},{"floor":48,"key":"Ginger"},{"floor":48,"key":"Bronze Scales"},{"floor":54,"key":"Pen Nib"},{"floor":54,"key":"Happy Flower"}],"event_choices":[{"damage_healed":0,"gold_gain":175,"player_choice":"AGREE","damage_taken":0,"max_hp_gain":0,"max_hp_loss":0,"event_name":"Liars Game","floor":3,"gold_loss":0,"cards_obtained":["Doubt"]},{"damage_healed":0,"gold_gain":0,"player_choice":"Entered Light","damage_taken":16,"max_hp_gain":0,"max_hp_loss":0,"event_name":"Shining Light","floor":7,"gold_loss":0,"cards_upgraded":["Defend_R","Bash"]},{"damage_healed":0,"gold_gain":0,"player_choice":"Grow","damage_taken":0,"max_hp_gain":0,"max_hp_loss":0,"event_name":"Living Wall","floor":10,"gold_loss":0,"cards_upgraded":["Corruption"]},{"cards_removed":["Strike_R"],"damage_healed":0,"gold_gain":0,"player_choice":"Card Removal","damage_taken":0,"max_hp_gain":0,"max_hp_loss":0,"event_name":"The Cleric","floor":12,"gold_loss":50},{"cards_removed":["Strike_R"],"damage_healed":0,"gold_gain":0,"player_choice":"Gave Gold","damage_taken":0,"max_hp_gain":0,"max_hp_loss":0,"event_name":"Beggar","floor":30,"gold_loss":75},{"damage_healed":0,"gold_gain":0,"player_choice":"Got Potions","damage_taken":0,"max_hp_gain":0,"max_hp_loss":0,"event_name":"Lab","floor":36,"gold_loss":0},{"damage_healed":0,"gold_gain":0,"player_choice":"Memory 1","damage_taken":0,"max_hp_gain":0,"max_hp_loss":0,"event_name":"SensoryStone","floor":39,"gold_loss":0}],"is_beta":false,"boss_relics":[{"not_picked":["Mark of Pain","Coffee Dripper"],"picked":"Black Star"},{"not_picked":["Velvet Choker","Runic Dome"],"picked":"Runic Pyramid"}],"items_purged_floors":[5,38],"is_endless":false,"potions_floor_spawned":[1,2,6,13,14,20,29,31,33,35,37],"ascension_level":5}