{"gold_per_floor":[110,122,122,134,134,147,147,180,180,91,91],"floor_reached":11,"playtime":328,"items_purged":[],"score":113,"play_id":"4b379844-dff3-4d72-aa4d-84f5f3a8d0a4","local_time":"20190531224443","is_ascension_mode":true,"campfire_choices":[{"data":"Bash","floor":7,"key":"SMITH"}],"neow_cost":"NONE","seed_source_timestamp":1470409686777509,"circlet_count":0,"master_deck":["AscendersBane","Strike_R","Strike_R","Strike_R","Strike_R","Strike_R","Defend_R","Defend_R","Defend_R","Defend_R","Bash+1","Exhume","Perfected Strike","Battle Trance","Havoc","Inflame"],"relics":["Burning Blood","Pear","Shuriken","Mercury Hourglass"],"potions_floor_usage":[11],"damage_taken":[{"damage":8,"enemies":"2 Louse","floor":1,"turns":3},{"damage":18,"enemies":"Jaw Worm","floor":2,"turns":5},{"damage":4,"enemies":"Small Slimes","floor":4,"turns":5},{"damage":12,"enemies":"3 Louse","floor":6,"turns":3},{"damage":55,"enemies":"3 Sentries","floor":8,"turns":10},{"damage":4,"enemies":"Red Slaver","floor":11,"turns":2}],"seed_played":"-9143295853855971661","potions_obtained":[{"floor":2,"key":"Swift Potion"}],"is_trial":false,"path_per_floor":["M","M","?","M","?","M","R","E","T","$","M"],"character_chosen":"IRONCLAD","items_purchased":["Inflame","Fire Potion"],"campfire_rested":0,"item_purchase_floors":[10,10],"current_hp_per_floor":[70,58,58,60,63,57,57,8,8,8,4],"gold":91,"neow_bonus":"ONE_RANDOM_RARE_CARD","is_prod":false,"is_daily":false,"chose_seed":false,"campfire_upgraded":1,"win_rate":0,"timestamp":1559357083,"path_taken":["M","M","?","M","?","M","R","E","T","?","M"],"build_version":"2019-01-23","purchased_purges":0,"victory":false,"max_hp_per_floor":[80,80,80,80,90,90,90,90,90,90,90],"card_choices":[{"not_picked":["Clash","Warcry","Twin Strike"],"picked":"SKIP","floor":1},{"not_picked":["Dual Wield","Ghostly Armor","Clash"],"picked":"SKIP","floor":2},{"not_picked":["Twin Strike","Iron Wave"],"picked":"Perfected Strike","floor":4},{"not_picked":["Whirlwind","Wild Strike"],"picked":"Battle Trance","floor":6},{"not_picked":["Sword Boomerang","Sever Soul"],"picked":"Havoc","floor":8}],"player_experience":550366,"relics_obtained":[{"floor":8,"key":"Shuriken"},{"floor":9,"key":"Mercury Hourglass"}],"event_choices":[{"damage_healed":0,"gold_gain":0,"player_choice":"Ignored","damage_taken":0,"max_hp_gain":0,"max_hp_loss":0,"event_name":"Liars Game","floor":3,"gold_loss":0},{"damage_healed":0,"gold_gain":0,"player_choice":"Success","damage_taken":7,"relics_obtained":["Pear"],"max_hp_gain":0,"max_hp_loss":0,"event_name":"Scrap Ooze","floor":5,"gold_loss":0}],"is_beta":false,"boss_relics":[],"items_purged_floors":[],"is_endless":false,"potions_floor_spawned":[2],"killed_by":"Red Slaver","ascension_level":11}