{"gold_per_floor":[115,115,127,142,25,25,55,72,72,72,88,100,124,144,144,241,241,258,9,9,24,44,44,61,61,61,89,106,124,124,124],"floor_reached":31,"playtime":2209,"items_purged":["Defend_B"],"score":289,"play_id":"04253316-7abc-4387-8318-72feb2ff8240","local_time":"20190725150727","is_ascension_mode":true,"campfire_choices":[{"data":"Chill","floor":6,"key":"SMITH"},{"data":"Creative AI","floor":15,"key":"SMITH"},{"data":"Defragment","floor":23,"key":"SMITH"}],"neow_cost":"NONE","seed_source_timestamp":178616713838316,"circlet_count":0,"master_deck":["Strike_B","Strike_B","Strike_B","Strike_B","Defend_B","Defend_B","Defend_B","Zap","Dualcast","Hologram","Chill+1","Beam Cell","Self Repair","Conserve Battery","Ball Lightning","Storm+1","Creative AI+1","Barrage","Sunder","Go for the Eyes","Amplify","Ball Lightning+1","Defragment+1","Defragment","Steam Power+1","Coolheaded","Consume+1","Loop","Coolheaded+1","Self Repair","Shame"],"relics":["Cracked Core","NeowsBlessing","Dodecahedron","Bottled Flame","Bottled Lightning","Odd Mushroom","Coffee Dripper","Bird Faced Urn","Bag of Marbles","Vajra"],"potions_floor_usage":[7,8,12,16,18,21,24,25,27,27,28,31],"damage_taken":[{"damage":0,"enemies":"2 Louse","floor":1,"turns":1},{"damage":0,"enemies":"Jaw Worm","floor":3,"turns":1},{"damage":0,"enemies":"Small Slimes","floor":4,"turns":1},{"damage":32,"enemies":"Gremlin Nob","floor":7,"turns":5},{"damage":3,"enemies":"Gremlin Gang","floor":8,"turns":4},{"damage":5,"enemies":"Looter","floor":11,"turns":3},{"damage":7,"enemies":"2 Fungi Beasts","floor":12,"turns":3},{"damage":3,"enemies":"The Mushroom Lair","floor":13,"turns":5},{"damage":8,"enemies":"3 Louse","floor":14,"turns":3},{"damage":40,"enemies":"The Guardian","floor":16,"turns":9},{"damage":23,"enemies":"Spheric Guardian","floor":18,"turns":4},{"damage":3,"enemies":"3 Byrds","floor":21,"turns":4},{"damage":27,"enemies":"Centurion and Healer","floor":22,"turns":3},{"damage":1,"enemies":"Chosen and Byrds","floor":24,"turns":4},{"damage":0,"enemies":"Snake Plant","floor":25,"turns":1},{"damage":33,"enemies":"Gremlin Leader","floor":27,"turns":5},{"damage":21,"enemies":"3 Cultists","floor":28,"turns":4},{"damage":14,"enemies":"Shelled Parasite and Fungi","floor":29,"turns":5},{"damage":29,"enemies":"Snake Plant","floor":31,"turns":2}],"seed_played":"-1797215482733886371","potions_obtained":[{"floor":4,"key":"SteroidPotion"},{"floor":7,"key":"SteroidPotion"},{"floor":11,"key":"EssenceOfSteel"},{"floor":12,"key":"Block Potion"},{"floor":16,"key":"Poison Potion"},{"floor":21,"key":"SneckoOil"},{"floor":24,"key":"Strength Potion"},{"floor":27,"key":"Strength Potion"},{"floor":29,"key":"AttackPotion"}],"is_trial":false,"path_per_floor":["M","?","M","M","$","R","E","M","T","?","M","M","?","M","R","B",null,"M","$","?","M","M","R","M","M","T","E","M","M","?","M"],"character_chosen":"DEFECT","items_purchased":["Self Repair","Conserve Battery","Defragment","EntropicBrew"],"campfire_rested":0,"item_purchase_floors":[5,5,19,19],"current_hp_per_floor":[75,57,57,57,57,57,32,36,36,36,38,38,42,41,41,8,75,52,52,52,56,29,29,35,35,35,25,23,19,19,0],"gold":124,"neow_bonus":"THREE_ENEMY_KILL","is_prod":false,"is_daily":false,"chose_seed":false,"campfire_upgraded":3,"win_rate":0,"timestamp":1564085247,"path_taken":["M","?","M","M","$","R","E","M","T","?","M","M","?","M","R","BOSS","M","$","?","M","M","R","M","M","T","E","M","?","?","M"],"build_version":"2019-07-17","purchased_purges":1,"victory":false,"max_hp_per_floor":[75,75,75,75,75,75,75,75,75,75,75,75,75,75,75,75,75,75,75,75,75,75,75,75,75,75,75,75,75,75,75],"card_choices":[{"not_picked":["BootSequence","Stack"],"picked":"Hologram","floor":1},{"not_picked":["Redo","Hello World"],"picked":"Chill","floor":3},{"not_picked":["Sunder","Undo"],"picked":"Beam Cell","floor":4},{"not_picked":["Recycle","Redo"],"picked":"Ball Lightning","floor":7},{"not_picked":["Turbo","Stack"],"picked":"Storm","floor":8},{"not_picked":["Coolheaded","Sunder"],"picked":"Creative AI","floor":11},{"not_picked":["Reinforced Body","Gash"],"picked":"Barrage","floor":12},{"not_picked":["Recycle","Steam"],"picked":"Sunder","floor":13},{"not_picked":["Sweeping Beam","Aggregate"],"picked":"Go for the Eyes","floor":14},{"not_picked":["Seek","All For One"],"picked":"Amplify","floor":16},{"not_picked":["White Noise","Beam Cell"],"picked":"Ball Lightning+1","floor":18},{"not_picked":["Melter","Chill+1"],"picked":"Steam Power+1","floor":21},{"not_picked":["Recycle","Doom and Gloom"],"picked":"Coolheaded","floor":22},{"not_picked":["Reinforced Body","Sweeping Beam+1"],"picked":"Consume+1","floor":24},{"not_picked":["Gash","Lockon+1"],"picked":"Loop","floor":27},{"not_picked":["Barrage","Turbo"],"picked":"Coolheaded+1","floor":28},{"not_picked":["Blizzard","Stack"],"picked":"Self Repair","floor":29}],"player_experience":94971,"relics_obtained":[{"floor":7,"key":"Bottled Flame"},{"floor":9,"key":"Bottled Lightning"},{"floor":13,"key":"Odd Mushroom"},{"floor":26,"key":"Bird Faced Urn"},{"floor":27,"key":"Bag of Marbles"}],"event_choices":[{"damage_healed":0,"gold_gain":0,"player_choice":"Success","damage_taken":18,"relics_obtained":["Dodecahedron"],"max_hp_gain":0,"max_hp_loss":0,"event_name":"Scrap Ooze","floor":2,"gold_loss":0},{"damage_healed":0,"gold_gain":0,"player_choice":"Grow","damage_taken":0,"max_hp_gain":0,"max_hp_loss":0,"event_name":"Living Wall","floor":10,"gold_loss":0,"cards_upgraded":["Storm"]},{"damage_healed":0,"gold_gain":0,"player_choice":"Fought Mushrooms","damage_taken":0,"max_hp_gain":0,"max_hp_loss":0,"event_name":"Mushrooms","floor":13,"gold_loss":0},{"damage_healed":0,"gold_gain":0,"player_choice":"Copied","damage_taken":0,"max_hp_gain":0,"max_hp_loss":0,"event_name":"Duplicator","floor":20,"gold_loss":0,"cards_obtained":["Defragment"]},{"damage_healed":0,"gold_gain":0,"player_choice":"Stole Relic","damage_taken":0,"relics_obtained":["Vajra"],"max_hp_gain":0,"max_hp_loss":0,"event_name":"Addict","floor":30,"gold_loss":0,"cards_obtained":["Shame"]}],"is_beta":false,"boss_relics":[{"not_picked":["Sozu","Runic Dome"],"picked":"Coffee Dripper"}],"items_purged_floors":[19],"is_endless":false,"potions_floor_spawned":[4,7,11,12,16,21,24,25,27,29],"killed_by":"Snake Plant","ascension_level":2}