{"gold_per_floor":[99,99,99,50,50,50,50,50],"floor_reached":8,"playtime":556,"items_purged":[],"score":104,"play_id":"8ebbf761-c06d-4731-8534-83d926f64070","local_time":"20190819152259","is_ascension_mode":true,"campfire_choices":[{"data":"Terror","floor":6,"key":"SMITH"}],"neow_cost":"NONE","seed_source_timestamp":16479904617690,"circlet_count":0,"master_deck":["AscendersBane","Strike_G","Strike_G","Strike_G","Strike_G","Strike_G","Defend_G","Defend_G","Defend_G","Defend_G","Defend_G","Survivor","Neutralize","Cloak And Dagger","Caltrops","Terror+1","Skewer"],"relics":["Ectoplasm","GremlinMask","Du-Vu Doll"],"potions_floor_usage":[2,7],"damage_taken":[{"damage":9,"enemies":"Small Slimes","floor":1,"turns":5},{"damage":0,"enemies":"2 Louse","floor":2,"turns":3},{"damage":12,"enemies":"Cultist","floor":3,"turns":5},{"damage":24,"enemies":"3 Sentries","floor":7,"turns":12},{"damage":23,"enemies":"Gremlin Gang","floor":8,"turns":3}],"seed_played":"5649094607862749293","potions_obtained":[{"floor":1,"key":"AttackPotion"},{"floor":2,"key":"GhostInAJar"}],"is_trial":false,"path_per_floor":["M","M","M","?","?","R","E","M"],"character_chosen":"THE_SILENT","items_purchased":[],"campfire_rested":0,"item_purchase_floors":[],"current_hp_per_floor":[50,50,38,38,38,38,14,0],"gold":50,"neow_bonus":"BOSS_RELIC","is_prod":false,"is_daily":false,"chose_seed":false,"campfire_upgraded":1,"win_rate":0,"timestamp":1566253379,"path_taken":["M","M","M","?","?","R","E","M"],"build_version":"2019-07-17","purchased_purges":0,"victory":false,"max_hp_per_floor":[66,66,66,66,66,66,66,66],"card_choices":[{"not_picked":["Finisher","Masterful Stab"],"picked":"Cloak And Dagger","floor":1},{"not_picked":["Slice","Crippling Poison"],"picked":"Caltrops","floor":2},{"not_picked":["Poisoned Stab","Underhanded Strike"],"picked":"Terror","floor":3},{"not_picked":["Slice","Distraction"],"picked":"Skewer","floor":7}],"player_experience":701755,"relics_obtained":[{"floor":7,"key":"Du-Vu Doll"}],"event_choices":[{"damage_healed":0,"gold_gain":0,"player_choice":"Left Gold","damage_taken":0,"max_hp_gain":0,"max_hp_loss":0,"event_name":"World of Goop","floor":4,"gold_loss":49},{"damage_healed":0,"gold_gain":0,"player_choice":"Trade","damage_taken":0,"relics_obtained":["GremlinMask"],"max_hp_gain":0,"max_hp_loss":0,"event_name":"FaceTrader","floor":5,"gold_loss":0}],"is_beta":false,"boss_relics":[],"items_purged_floors":[],"is_endless":false,"potions_floor_spawned":[1,2],"killed_by":"Gremlin Gang","ascension_level":17}