{"gold_per_floor":[118,40,58,58,72,106,106,106,129,54,81,94,94,94,94,94],"floor_reached":16,"playtime":2293,"items_purged":["Strike_R"],"score":110,"play_id":"5032339e-29ed-43ce-988f-0f09fd3f7f27","local_time":"20181120220153","is_ascension_mode":false,"campfire_choices":[{"data":"Armaments","floor":7,"key":"SMITH"},{"data":"Infernal Blade","floor":15,"key":"SMITH"}],"neow_cost":"NONE","seed_source_timestamp":591716977664747,"circlet_count":0,"master_deck":["Strike_R","Strike_R","Strike_R","Defend_R","Defend_R","Defend_R","Defend_R","Bash","Armaments+1","Evolve","Infernal Blade+1","Havoc","Fire Breathing","Cleave","Dropkick"],"relics":["Burning Blood","Dream Catcher","Potion Belt","Boot","Matryoshka","Ancient Tea Set","Omamori"],"potions_floor_usage":[6,8,11,16],"damage_taken":[{"damage":7,"enemies":"Small Slimes","floor":1,"turns":3},{"damage":9,"enemies":"Cultist","floor":3,"turns":4},{"damage":13,"enemies":"2 Louse","floor":5,"turns":2},{"damage":44,"enemies":"Lagavulin","floor":6,"turns":8},{"damage":0,"enemies":"Exordium Wildlife","floor":8,"turns":1},{"damage":23,"enemies":"3 Sentries","floor":11,"turns":8},{"damage":0,"enemies":"Large Slime","floor":12,"turns":5},{"damage":28,"enemies":"The Guardian","floor":16,"turns":5}],"seed_played":"7555557324390372013","potions_obtained":[{"floor":1,"key":"EssenceOfSteel"},{"floor":4,"key":"SmokeBomb"},{"floor":4,"key":"Swift Potion"},{"floor":6,"key":"Fire Potion"}],"is_trial":false,"path_per_floor":["M","$","M","?","M","E","R","M","T","$","E","M","?","T","R","B"],"character_chosen":"IRONCLAD","items_purchased":["Evolve"],"campfire_rested":0,"item_purchase_floors":[2],"current_hp_per_floor":[79,79,76,76,69,31,31,37,37,37,20,26,26,26,26,0],"gold":94,"neow_bonus":"REMOVE_CARD","is_prod":false,"is_daily":false,"chose_seed":false,"campfire_upgraded":2,"win_rate":0,"timestamp":1542769313,"path_taken":["M","$","M","?","M","E","R","M","T","$","E","?","?","?","R","BOSS"],"build_version":"2018-11-15","purchased_purges":1,"victory":false,"max_hp_per_floor":[80,80,80,80,80,80,80,80,80,80,80,80,80,80,80,80],"card_choices":[{"not_picked":["Sever Soul","Clothesline"],"picked":"Armaments","floor":1},{"not_picked":["Flame Barrier","Cleave"],"picked":"Infernal Blade","floor":3},{"not_picked":["Entrench","Pummel"],"picked":"Havoc","floor":5},{"not_picked":["Heavy Blade","Headbutt"],"picked":"Fire Breathing","floor":6},{"not_picked":["Iron Wave","Thunderclap"],"picked":"Cleave","floor":11},{"not_picked":["Headbutt","Berserk"],"picked":"Dropkick","floor":12}],"player_experience":134229,"relics_obtained":[{"floor":6,"key":"Dream Catcher"},{"floor":9,"key":"Potion Belt"},{"floor":11,"key":"Boot"},{"floor":14,"key":"Ancient Tea Set"},{"floor":14,"key":"Omamori"}],"event_choices":[{"damage_healed":0,"gold_gain":0,"player_choice":"Got Potions","damage_taken":0,"max_hp_gain":0,"max_hp_loss":0,"event_name":"Lab","floor":4,"gold_loss":0},{"damage_healed":0,"gold_gain":0,"player_choice":"Searched \u00271\u0027 times","damage_taken":0,"relics_obtained":["Matryoshka"],"max_hp_gain":0,"max_hp_loss":0,"event_name":"Dead Adventurer","floor":13,"gold_loss":0}],"is_beta":false,"boss_relics":[],"items_purged_floors":[10],"is_endless":false,"potions_floor_spawned":[1,5,6],"killed_by":"The Guardian","ascension_level":0}