{"gold_per_floor":[112,127,127,143,143,143,177,187,267,267,279,279],"floor_reached":12,"playtime":738,"items_purged":[],"score":105,"play_id":"508d6576-8d5a-4e60-94cb-f9f514e0521b","local_time":"20190817172612","is_ascension_mode":false,"campfire_choices":[{"data":"PiercingWail","floor":6,"key":"SMITH"},{"data":"Crippling Poison","floor":10,"key":"SMITH"}],"neow_cost":"NONE","seed_source_timestamp":143953981816100,"circlet_count":0,"master_deck":["Strike_G","Strike_G","Strike_G","Strike_G","Defend_G","Defend_G","Defend_G","Defend_G","Defend_G","Survivor","Neutralize","PiercingWail+1","Crippling Poison+1"],"relics":["Ring of the Snake","NeowsBlessing","Nunchaku","Pear"],"potions_floor_usage":[7,12],"damage_taken":[{"damage":0,"enemies":"2 Louse","floor":1,"turns":1},{"damage":0,"enemies":"Cultist","floor":2,"turns":1},{"damage":0,"enemies":"Jaw Worm","floor":4,"turns":1},{"damage":40,"enemies":"Gremlin Nob","floor":7,"turns":7},{"damage":8,"enemies":"3 Louse","floor":8,"turns":4},{"damage":8,"enemies":"Exordium Wildlife","floor":11,"turns":8},{"damage":29,"enemies":"Lagavulin","floor":12,"turns":11}],"seed_played":"2431519056688406177","potions_obtained":[{"floor":4,"key":"FearPotion"},{"floor":8,"key":"EssenceOfSteel"},{"floor":11,"key":"Explosive Potion"}],"is_trial":false,"path_per_floor":["M","M","?","M","?","R","E","M","T","R","M","E"],"character_chosen":"THE_SILENT","items_purchased":[],"campfire_rested":0,"item_purchase_floors":[],"current_hp_per_floor":[70,70,75,75,75,75,35,27,37,37,29,0],"gold":279,"neow_bonus":"THREE_ENEMY_KILL","is_prod":false,"is_daily":false,"chose_seed":false,"campfire_upgraded":2,"win_rate":0.0,"timestamp":1566087972,"path_taken":["M","M","?","M","?","R","E","M","T","R","?","E"],"build_version":"2019-07-17","purchased_purges":0,"victory":false,"max_hp_per_floor":[70,70,75,75,75,75,75,75,85,85,85,85],"card_choices":[{"not_picked":["Flying Knee","Underhanded Strike","Sucker Punch"],"picked":"SKIP","floor":1},{"not_picked":["Underhanded Strike","Blade Dance","Expertise"],"picked":"SKIP","floor":2},{"not_picked":["Distraction","Dagger Throw"],"picked":"PiercingWail","floor":4},{"not_picked":["Dagger Spray","Outmaneuver"],"picked":"Crippling Poison","floor":7},{"not_picked":["Outmaneuver","Underhanded Strike","Sucker Punch"],"picked":"SKIP","floor":8},{"not_picked":["Dagger Spray","Flying Knee","Heel Hook"],"picked":"SKIP","floor":11}],"player_experience":174193,"relics_obtained":[{"floor":7,"key":"Nunchaku"},{"floor":9,"key":"Pear"}],"event_choices":[{"damage_healed":0,"gold_gain":0,"player_choice":"Donut","damage_taken":0,"max_hp_gain":5,"max_hp_loss":0,"event_name":"Big Fish","floor":3,"gold_loss":0},{"cards_removed":["Strike_G"],"damage_healed":0,"gold_gain":0,"player_choice":"Offered Basic","damage_taken":0,"max_hp_gain":0,"max_hp_loss":0,"event_name":"Bonfire Elementals","floor":5,"gold_loss":0}],"is_beta":false,"boss_relics":[],"items_purged_floors":[],"is_endless":false,"potions_floor_spawned":[4,8,11],"killed_by":"Lagavulin","ascension_level":0}