{"gold_per_floor":[119,119,194,119,119,119,149,149,226,285,285,317,0,16,16,90,90,102,113,113,145,145,145,171,186,265,291,308,336,336,348,348,348],"floor_reached":33,"playtime":1255,"items_purged":["Strike_G","Strike_G"],"score":768,"play_id":"cadfda88-9eba-4520-8688-616476d4fd10","local_time":"20190817182601","is_ascension_mode":true,"campfire_choices":[{"data":"Neutralize","floor":6.0,"key":"SMITH"},{"floor":8.0,"key":"REST"},{"floor":11.0,"key":"REST"},{"floor":15.0,"key":"REST"},{"floor":23.0,"key":"REST"},{"data":"Malaise","floor":30.0,"key":"SMITH"},{"data":"Catalyst","floor":32.0,"key":"SMITH"}],"neow_cost":"NONE","seed_source_timestamp":56880642841200,"circlet_count":0,"master_deck":["AscendersBane","Strike_G","Defend_G","Defend_G","Defend_G","Defend_G","Defend_G","Survivor","Neutralize+1","Unload","Flying Knee","Backstab","Dagger Spray","Deadly Poison","Deadly Poison","Flechettes+1","Malaise+1","PiercingWail","Backstab+1","Deadly Poison","Corpse Explosion","RitualDagger+1","Catalyst+1","Backflip+1"],"special_seed":0,"relics":["Ring of the Snake","Ninja Scroll","Dream Catcher","Molten Egg 2","PreservedInsect","Bronze Scales","Oddly Smooth Stone","Busted Crown","Red Mask","Pantograph","Bottled Lightning","Meat on the Bone","Frozen Egg 2"],"potions_floor_usage":[33,33],"damage_taken":[{"damage":0.0,"enemies":"Cultist","floor":1.0,"turns":4.0},{"damage":33.0,"enemies":"Lagavulin","floor":7.0,"turns":6.0},{"damage":40.0,"enemies":"Lagavulin Event","floor":10.0,"turns":6.0},{"damage":0.0,"enemies":"Gremlin Nob","floor":12.0,"turns":2.0},{"damage":0.0,"enemies":"Jaw Worm","floor":14.0,"turns":2.0},{"damage":23.0,"enemies":"Slime Boss","floor":16.0,"turns":9.0},{"damage":0.0,"enemies":"Chosen","floor":18.0,"turns":3.0},{"damage":9.0,"enemies":"Shell Parasite","floor":19.0,"turns":3.0},{"damage":6.0,"enemies":"Masked Bandits","floor":21.0,"turns":3.0},{"damage":0.0,"enemies":"Book of Stabbing","floor":24.0,"turns":2.0},{"damage":3.0,"enemies":"Snake Plant","floor":25.0,"turns":3.0},{"damage":0.0,"enemies":"Slavers","floor":27.0,"turns":1.0},{"damage":2.0,"enemies":"Centurion and Healer","floor":28.0,"turns":3.0},{"damage":17.0,"enemies":"Gremlin Leader","floor":29.0,"turns":5.0},{"damage":10.0,"enemies":"Snecko","floor":31.0,"turns":4.0},{"damage":86,"enemies":"Champ","floor":33,"turns":8}],"seed_played":"1654489654623355388","potions_obtained":[{"floor":10.0,"key":"GamblersBrew"},{"floor":12.0,"key":"Strength Potion"},{"floor":19.0,"key":"SteroidPotion"},{"floor":25.0,"key":"Strength Potion"},{"floor":29.0,"key":"Strength Potion"},{"floor":31.0,"key":"Block Potion"}],"is_trial":false,"path_per_floor":["M","T","?","$","?","R","E","R","T","?","R","E","$","M","R","B",null,"M","M","?","?","?","R","E","M","T","E","M","E","R","M","R","B"],"character_chosen":"THE_SILENT","items_purchased":["Oddly Smooth Stone","PiercingWail"],"campfire_rested":4,"item_purchase_floors":[13,13],"current_hp_per_floor":[59,59,59,59,59,59,26,45,45,5,24,24,24,24,43,20,55,55,46,40,34,34,53,53,50,50,50,48,43,43,45,45,0],"gold":348,"neow_bonus":"ONE_RANDOM_RARE_CARD","is_prod":false,"is_daily":false,"chose_seed":false,"campfire_upgraded":3,"win_rate":0,"timestamp":1566059161,"path_taken":["M","?","?","$","?","R","E","R","T","?","R","E","$","M","R","BOSS","M","M","?","?","?","R","E","M","T","E","M","E","R","M","R","BOSS"],"build_version":"2019-07-17","purchased_purges":2,"victory":false,"max_hp_per_floor":[66,66,66,66,66,66,66,66,66,66,66,66,66,66,66,66,66,66,66,66,66,66,66,66,66,66,66,66,66,66,66,66,66],"card_choices":[{"not_picked":["Blade Dance","Deflect"],"picked":"Flying Knee","floor":1.0},{"not_picked":["Cloak And Dagger","Sucker Punch"],"picked":"Dagger Spray","floor":7.0},{"not_picked":["Finisher","Underhanded Strike"],"picked":"Deadly Poison","floor":8.0},{"not_picked":["Acrobatics","Poisoned Stab+1"],"picked":"Deadly Poison","floor":10.0},{"not_picked":["Deflect","Eviscerate+1"],"picked":"Flechettes+1","floor":11.0},{"not_picked":["Escape Plan","Blade Dance"],"picked":"Malaise","floor":12.0},{"not_picked":["PiercingWail","Poisoned Stab+1"],"picked":"Backstab+1","floor":14.0},{"not_picked":["Infinite Blades","Deflect"],"picked":"Deadly Poison","floor":15.0},{"not_picked":["Bullet Time","Wraith Form v2"],"picked":"Corpse Explosion","floor":16.0},{"not_picked":["Flying Knee+1"],"picked":"SKIP","floor":18.0},{"not_picked":["Dagger Spray+1"],"picked":"SKIP","floor":19.0},{"not_picked":[],"picked":"Catalyst","floor":21.0},{"not_picked":["Dagger Throw+1"],"picked":"SKIP","floor":24.0},{"not_picked":["Underhanded Strike+1"],"picked":"SKIP","floor":25.0},{"not_picked":["Eviscerate+1"],"picked":"SKIP","floor":27.0},{"not_picked":["Deflect"],"picked":"SKIP","floor":28.0},{"not_picked":["Poisoned Stab+1"],"picked":"SKIP","floor":29.0},{"not_picked":[],"picked":"Backflip+1","floor":31.0}],"player_experience":1097152,"relics_obtained":[{"floor":2.0,"key":"Ninja Scroll"},{"floor":7.0,"key":"Dream Catcher"},{"floor":9.0,"key":"Molten Egg 2"},{"floor":10.0,"key":"PreservedInsect"},{"floor":12.0,"key":"Bronze Scales"},{"floor":21.0,"key":"Red Mask"},{"floor":24.0,"key":"Pantograph"},{"floor":26.0,"key":"Bottled Lightning"},{"floor":27.0,"key":"Meat on the Bone"},{"floor":29.0,"key":"Frozen Egg 2"}],"event_choices":[{"damage_healed":0.0,"max_hp_gain":0.0,"max_hp_loss":0.0,"gold_gain":75.0,"event_name":"Golden Wing","player_choice":"Gained Gold","floor":3.0,"gold_loss":0.0,"damage_taken":0.0},{"damage_healed":0.0,"max_hp_gain":0.0,"max_hp_loss":0.0,"gold_gain":0.0,"cards_transformed":["Strike_G"],"event_name":"Living Wall","player_choice":"Change","floor":5.0,"gold_loss":0.0,"damage_taken":0.0,"cards_obtained":["Backstab"]},{"damage_healed":0.0,"max_hp_gain":0.0,"max_hp_loss":0.0,"gold_gain":0.0,"event_name":"Dead Adventurer","player_choice":"Searched \u00271\u0027 times","floor":10.0,"gold_loss":0.0,"damage_taken":0.0},{"damage_healed":0.0,"max_hp_gain":0.0,"max_hp_loss":0.0,"gold_gain":0.0,"event_name":"Nest","player_choice":"Joined the Cult","floor":20.0,"gold_loss":0.0,"damage_taken":6.0,"cards_obtained":["RitualDagger"]},{"damage_healed":0.0,"max_hp_gain":0.0,"max_hp_loss":0.0,"gold_gain":0.0,"event_name":"Masked Bandits","player_choice":"Fought Bandits","floor":21.0,"gold_loss":0.0,"damage_taken":0.0},{"cards_removed":["Strike_G"],"damage_healed":0.0,"max_hp_gain":0.0,"max_hp_loss":0.0,"gold_gain":0.0,"event_name":"Back to Basics","player_choice":"Elegance","floor":22.0,"gold_loss":0.0,"damage_taken":0.0}],"is_beta":false,"boss_relics":[{"not_picked":["Empty Cage","Snecko Eye"],"picked":"Busted Crown"}],"items_purged_floors":[4,13],"is_endless":false,"potions_floor_spawned":[10,12,19,25,29,31],"killed_by":"Champ","ascension_level":20}