{"gold_per_floor":[117,128,128,128,78,78,93,93,140,156,156,191,38,73,73,168,168,179,193,40,40,57,92,92,117,117,134,134,134],"floor_reached":29,"playtime":1070,"items_purged":["Strike_B"],"score":325,"play_id":"f8b21f91-26a7-4b44-8d61-4c65be0fdd74","local_time":"20190317215133","is_ascension_mode":true,"campfire_choices":[{"data":"Zap","floor":6,"key":"SMITH"},{"data":"Force Field","floor":8,"key":"SMITH"},{"data":"Gash","floor":11,"key":"SMITH"},{"floor":15,"key":"REST"},{"floor":24,"key":"REST"}],"neow_cost":"NONE","seed_source_timestamp":415621326717012,"circlet_count":0,"master_deck":["Strike_B+1","Defend_B","Defend_B+1","Defend_B","Defend_B","Zap+1","Steam","Self Repair","Force Field+1","Defragment","Static Discharge","Auto Shields","Echo Form","Hologram","Doom and Gloom","Sweeping Beam","Lockon","Amplify","Cold Snap","BootSequence","Consume","Self Repair"],"relics":["Cracked Core","Matryoshka","Bronze Scales","Pen Nib","DataDisk","PreservedInsect","Inserter","Orichalcum","Ornamental Fan","Regal Pillow","Strawberry","Molten Egg 2"],"potions_floor_usage":[18,23,25,25],"damage_taken":[{"damage":1,"enemies":"Cultist","floor":1,"turns":3},{"damage":7,"enemies":"Small Slimes","floor":2,"turns":3},{"damage":0,"enemies":"2 Louse","floor":7,"turns":2},{"damage":9,"enemies":"Red Slaver","floor":10,"turns":3},{"damage":23,"enemies":"Gremlin Nob","floor":12,"turns":4},{"damage":11,"enemies":"Lagavulin","floor":14,"turns":5},{"damage":15,"enemies":"Slime Boss","floor":16,"turns":10},{"damage":33,"enemies":"Chosen","floor":18,"turns":4},{"damage":7,"enemies":"3 Byrds","floor":19,"turns":1},{"damage":19,"enemies":"Cultist and Chosen","floor":22,"turns":6},{"damage":32,"enemies":"Book of Stabbing","floor":23,"turns":4},{"damage":42,"enemies":"Slavers","floor":25,"turns":5},{"damage":15,"enemies":"Centurion and Healer","floor":27,"turns":10},{"damage":14,"enemies":"Snecko","floor":29,"turns":4}],"seed_played":"1109897143479149063","potions_obtained":[{"floor":10,"key":"Swift Potion"},{"floor":12,"key":"LiquidBronze"},{"floor":14,"key":"FocusPotion"},{"floor":22,"key":"Dexterity Potion"},{"floor":27,"key":"Energy Potion"}],"is_trial":false,"path_per_floor":["M","M","T","?","?","R","M","R","T","M","R","E","$","E","R","B",null,"M","M","$","?","M","E","R","E","T","M","?","M"],"character_chosen":"DEFECT","items_purchased":["Static Discharge","Orichalcum"],"campfire_rested":2,"item_purchase_floors":[13,20],"current_hp_per_floor":[81,74,74,58,58,58,58,58,58,56,56,40,40,36,60,52,82,63,56,56,56,44,19,43,15,22,14,14,0],"gold":134,"neow_bonus":"TEN_PERCENT_HP_BONUS","is_prod":false,"is_daily":false,"chose_seed":false,"campfire_upgraded":3,"win_rate":0,"timestamp":1552873893,"path_taken":["M","M","?","?","?","R","M","R","T","M","R","E","$","E","R","BOSS","M","M","$","?","M","E","R","E","T","M","?","M"],"build_version":"2019-01-23","purchased_purges":1,"victory":false,"max_hp_per_floor":[82,82,82,82,82,82,82,82,82,82,82,82,82,82,82,82,82,82,82,82,82,82,82,82,82,89,89,89,89],"card_choices":[{"not_picked":["Turbo","Streamline"],"picked":"Steam","floor":1},{"not_picked":["Rebound","Compile Driver"],"picked":"Self Repair","floor":2},{"not_picked":["Consume","Self Repair"],"picked":"Force Field","floor":7},{"not_picked":["Go for the Eyes","Rebound"],"picked":"Gash","floor":10},{"not_picked":["Sweeping Beam","Sunder"],"picked":"Defragment","floor":12},{"not_picked":["Darkness","Skim"],"picked":"Auto Shields","floor":14},{"not_picked":["Biased Cognition","Hyperbeam"],"picked":"Echo Form","floor":16},{"not_picked":["Rebound","Turbo+1"],"picked":"Hologram","floor":18},{"not_picked":["Steam+1","Stack+1"],"picked":"Doom and Gloom","floor":19},{"not_picked":["Steam","Barrage"],"picked":"Amplify","floor":22},{"not_picked":["Turbo","Conserve Battery+1"],"picked":"Cold Snap","floor":23},{"not_picked":["Blizzard","Beam Cell"],"picked":"BootSequence","floor":25},{"not_picked":["Reinforced Body+1","Streamline+1"],"picked":"Consume","floor":27}],"player_experience":334035,"relics_obtained":[{"floor":3,"key":"Matryoshka"},{"floor":9,"key":"Bronze Scales"},{"floor":9,"key":"Pen Nib"},{"floor":12,"key":"DataDisk"},{"floor":14,"key":"PreservedInsect"},{"floor":23,"key":"Ornamental Fan"},{"floor":25,"key":"Regal Pillow"},{"floor":26,"key":"Strawberry"},{"floor":26,"key":"Molten Egg 2"}],"event_choices":[{"damage_healed":0,"gold_gain":0,"player_choice":"Entered Light","damage_taken":16,"max_hp_gain":0,"max_hp_loss":0,"event_name":"Shining Light","floor":4,"gold_loss":0,"cards_upgraded":["Strike_B","Defend_B"]},{"cards_removed":["Strike_B"],"damage_healed":0,"gold_gain":0,"player_choice":"Card Removal","damage_taken":0,"max_hp_gain":0,"max_hp_loss":0,"event_name":"The Cleric","floor":5,"gold_loss":50},{"damage_healed":0,"gold_gain":0,"cards_transformed":["Strike_B","Dualcast"],"player_choice":"Became Test Subject","damage_taken":0,"max_hp_gain":0,"max_hp_loss":0,"event_name":"Drug Dealer","floor":21,"gold_loss":0,"cards_obtained":["Sweeping Beam","Lockon"]},{"damage_healed":0,"gold_gain":0,"cards_transformed":["Gash"],"player_choice":"Transformed","damage_taken":0,"max_hp_gain":0,"max_hp_loss":0,"event_name":"Transmorgrifier","floor":28,"gold_loss":0,"cards_obtained":["Self Repair"]}],"is_beta":false,"boss_relics":[{"not_picked":["Eternal Feather","Coffee Dripper"],"picked":"Inserter"}],"items_purged_floors":[13],"is_endless":false,"potions_floor_spawned":[10,12,14,16,22,27],"killed_by":"Snecko","ascension_level":4}