{"gold_per_floor":[116,116,5,5,21,21,47,62,62,62,62,62,75,108,108,201,201,217,132,148,148,163,163,203,203,203,239,239,277,297,338,338,434,434,447,127,148,162,185,185,185],"floor_reached":41,"playtime":2648,"items_purged":["Defend_B"],"score":1308,"play_id":"Baalorlord-40528335","local_time":"20190625184312","is_ascension_mode":true,"campfire_choices":[{"floor":6,"key":"REST"},{"data":"Hologram","floor":10,"key":"SMITH"},{"data":"Conserve Battery","floor":12,"key":"SMITH"},{"data":"Undo","floor":15,"key":"SMITH"},{"floor":23,"key":"REST"},{"data":"Ghostly","floor":25,"key":"SMITH"},{"data":"Ghostly","floor":32,"key":"SMITH"},{"data":"Ghostly","floor":40,"key":"SMITH"}],"neow_cost":"NONE","seed_source_timestamp":118581093462300,"circlet_count":0,"master_deck":["AscendersBane","Defend_B","Defend_B","Defend_B","Zap","Dualcast","Ball Lightning","Ball Lightning","Conserve Battery+1","Undo+1","Hologram+1","Sweeping Beam+1","Creative AI","Thunder Strike+1","Stack","Ghostly+1","Ghostly+1","Ghostly+1","White Noise","Glacier","Ball Lightning+1","Hyperbeam+1","Meteor Strike+1","White Noise+1","Beam Cell+1","Redo+1","Skim","Defragment","Recycle+1","Tempest"],"relics":["Snecko Eye","Sundial","Molten Egg 2","Golden Idol","PreservedInsect","Cursed Key","Cables","Unceasing Top","Omamori","Emotion Chip","Lantern","Astrolabe"],"potions_floor_usage":[16,16,27,31,31,41],"damage_taken":[{"damage":7,"enemies":"Small Slimes","floor":1,"turns":3},{"damage":2,"enemies":"2 Louse","floor":5,"turns":2},{"damage":8,"enemies":"Lagavulin","floor":7,"turns":6},{"damage":5,"enemies":"Jaw Worm","floor":8,"turns":3},{"damage":0,"enemies":"Large Slime","floor":13,"turns":4},{"damage":0,"enemies":"Gremlin Nob","floor":14,"turns":3},{"damage":0,"enemies":"Slime Boss","floor":16,"turns":5},{"damage":10,"enemies":"Spheric Guardian","floor":18,"turns":4},{"damage":18,"enemies":"Chosen","floor":20,"turns":4},{"damage":20,"enemies":"Centurion and Healer","floor":22,"turns":11},{"damage":0,"enemies":"Gremlin Leader","floor":24,"turns":5},{"damage":3,"enemies":"Slavers","floor":27,"turns":4},{"damage":0,"enemies":"Gremlin Leader","floor":29,"turns":5},{"damage":2,"enemies":"Shelled Parasite and Fungi","floor":30,"turns":8},{"damage":9,"enemies":"Slavers","floor":31,"turns":7},{"damage":0,"enemies":"Collector","floor":33,"turns":12},{"damage":0,"enemies":"3 Darklings","floor":35,"turns":2},{"damage":0,"enemies":"Orb Walker","floor":37,"turns":1},{"damage":0,"enemies":"3 Darklings","floor":38,"turns":2},{"damage":0,"enemies":"Transient","floor":39,"turns":6},{"damage":38,"enemies":"Reptomancer","floor":41,"turns":3}],"seed_played":"-5533261330699612145","potions_obtained":[{"floor":7,"key":"Poison Potion"},{"floor":13,"key":"Explosive Potion"},{"floor":14,"key":"AttackPotion"},{"floor":16,"key":"Dexterity Potion"},{"floor":24,"key":"GamblersBrew"},{"floor":27,"key":"SteroidPotion"},{"floor":29,"key":"Weak Potion"}],"is_trial":false,"path_per_floor":["M","?","$","?","M","R","E","M","T","R","?","R","M","E","R","B",null,"M","?","M","?","M","R","E","R","T","E","?","E","M","E","R","B",null,"M","$","M","M","M","R","E"],"character_chosen":"DEFECT","items_purchased":["Fire Potion","Ball Lightning","Defragment","FocusPotion","FocusPotion"],"campfire_rested":2,"item_purchase_floors":[3,3,36,36,36],"current_hp_per_floor":[57,36,36,36,34,55,47,42,42,42,42,42,42,42,42,42,59,49,49,31,31,11,20,20,20,20,17,17,17,15,6,6,6,26,26,26,26,26,26,26,0],"gold":185,"neow_bonus":"BOSS_RELIC","is_prod":false,"is_daily":false,"chose_seed":false,"campfire_upgraded":6,"win_rate":0,"timestamp":1561502592,"path_taken":["M","?","$","?","M","R","E","M","T","R","?","R","M","E","R","BOSS","M","?","M","?","M","R","E","R","T","E","?","E","M","E","R","BOSS","M","?","M","?","M","R","E"],"build_version":"2019-01-23","purchased_purges":1,"victory":false,"max_hp_per_floor":[71,71,71,71,71,71,71,71,71,71,64,64,64,64,64,64,64,64,64,64,32,32,32,32,32,32,32,32,32,32,32,32,32,32,32,32,32,32,32,32,32],"card_choices":[{"not_picked":["Hologram","Stack"],"picked":"Ball Lightning","floor":1},{"not_picked":["Melter","Sweeping Beam"],"picked":"Conserve Battery","floor":5},{"not_picked":["Darkness","Multi-Cast"],"picked":"Undo","floor":7},{"not_picked":["Beam Cell","Chaos"],"picked":"Hologram","floor":8},{"not_picked":["Hologram","Double Energy"],"picked":"Sweeping Beam+1","floor":13},{"not_picked":["Rip and Tear+1","Gash+1"],"picked":"Creative AI","floor":14},{"not_picked":["Creative AI","Seek"],"picked":"Thunder Strike+1","floor":16},{"not_picked":["Redo","Heatsinks+1","Fusion"],"picked":"SKIP","floor":18},{"not_picked":["Gash+1","Hologram"],"picked":"Stack","floor":20},{"not_picked":["Redo","BootSequence"],"picked":"White Noise","floor":22},{"not_picked":["Streamline+1","Auto Shields"],"picked":"Glacier","floor":24},{"not_picked":["Turbo","Amplify","Gash+1"],"picked":"SKIP","floor":27},{"not_picked":["Coolheaded","Blizzard+1","Melter+1"],"picked":"SKIP","floor":29},{"not_picked":["Coolheaded","Blizzard+1","Melter+1"],"picked":"SKIP","floor":29},{"not_picked":["Scrape+1","Melter+1"],"picked":"Ball Lightning+1","floor":30},{"not_picked":["Redo","Gash+1"],"picked":"Hyperbeam+1","floor":31},{"not_picked":["All For One+1","Fission"],"picked":"Meteor Strike+1","floor":33},{"not_picked":["Stack","Loop"],"picked":"Skim","floor":35},{"not_picked":["Streamline+1","White Noise+1"],"picked":"Recycle+1","floor":37},{"not_picked":["Double Energy+1","Ball Lightning+1","Beam Cell+1"],"picked":"SKIP","floor":38},{"not_picked":["Blizzard+1","Sweeping Beam+1"],"picked":"Tempest","floor":39}],"player_experience":2163656,"relics_obtained":[{"floor":7,"key":"Sundial"},{"floor":9,"key":"Molten Egg 2"},{"floor":14,"key":"PreservedInsect"},{"floor":24,"key":"Unceasing Top"},{"floor":27,"key":"Omamori"},{"floor":29,"key":"Emotion Chip"},{"floor":31,"key":"Lantern"}],"event_choices":[{"damage_healed":0,"gold_gain":0,"player_choice":"Entered Light","damage_taken":21,"max_hp_gain":0,"max_hp_loss":0,"event_name":"Shining Light","floor":2,"gold_loss":0,"cards_upgraded":["Strike_B","Strike_B"]},{"damage_healed":0,"gold_gain":0,"player_choice":"Leave","damage_taken":0,"max_hp_gain":0,"max_hp_loss":0,"event_name":"The Cleric","floor":4,"gold_loss":0},{"damage_healed":0,"gold_gain":0,"player_choice":"Lose Max HP","damage_taken":0,"relics_obtained":["Golden Idol"],"max_hp_gain":0,"max_hp_loss":7,"event_name":"Golden Idol","floor":11,"gold_loss":0},{"damage_healed":0,"gold_gain":0,"player_choice":"Obtained Relic","damage_taken":0,"relics_obtained":["Cables"],"max_hp_gain":0,"max_hp_loss":0,"event_name":"Addict","floor":19,"gold_loss":85},{"damage_healed":0,"gold_gain":0,"player_choice":"Became a Ghost","damage_taken":0,"max_hp_gain":0,"max_hp_loss":32,"event_name":"Ghosts","floor":21,"gold_loss":0,"cards_obtained":["Ghostly","Ghostly","Ghostly"]},{"cards_removed":["Strike_B"],"damage_healed":0,"gold_gain":0,"player_choice":"Card Removal","damage_taken":0,"max_hp_gain":0,"max_hp_loss":0,"event_name":"Wheel of Change","floor":28,"gold_loss":0}],"is_beta":false,"boss_relics":[{"not_picked":["Eternal Feather","Calling Bell"],"picked":"Cursed Key"},{"not_picked":["Orrery","Inserter"],"picked":"Astrolabe"}],"items_purged_floors":[36],"is_endless":false,"potions_floor_spawned":[7,13,14,16,24,27,29,30],"killed_by":"Reptomancer","ascension_level":20}