{"gold_per_floor":[213,230,246,266,279,307,7,7,7,42,42,42,55,80,80,184,184,168,128,142,67,67,67,86,119,144,169,169,195,24,36,36,132,132,147,147,166,166,182,212,212,212,212,212,239,239,251,262,262,262],"floor_reached":51,"playtime":4831,"items_purged":[],"score":1062,"play_id":"61076890-206c-4186-a3eb-f31ebfd80f57","local_time":"20190716163022","is_ascension_mode":true,"campfire_choices":[{"data":"Infernal Blade","floor":8.0,"key":"SMITH"},{"data":"Uppercut","floor":11.0,"key":"SMITH"},{"data":"Flame Barrier","floor":15.0,"key":"SMITH"},{"data":"Havoc","floor":23.0,"key":"SMITH"},{"data":"Whirlwind","floor":28.0,"key":"SMITH"},{"data":"Limit Break","floor":32.0,"key":"SMITH"},{"data":"Heavy Blade","floor":42.0,"key":"SMITH"},{"floor":44.0,"key":"REST"},{"floor":46.0,"key":"REST"},{"floor":49.0,"key":"REST"}],"neow_cost":"NONE","seed_source_timestamp":0,"circlet_count":0,"master_deck":["Strike_R+1","Strike_R+1","Strike_R+1","Strike_R+1","Defend_R+1","Defend_R+1","Defend_R+1","Defend_R+1","Bash+1","Flame Barrier+1","Uppercut+1","Sword Boomerang","Infernal Blade+1","Havoc+1","Iron Wave","Clothesline","Seeing Red+1","Feel No Pain+1","Limit Break+1","Bludgeon+1","Dual Wield","Armaments+1","Body Slam+1","Whirlwind+1","Heavy Blade+1","True Grit","Fiend Fire","Carnage+1","Inflame+1","Spot Weakness+1","Battle Trance"],"special_seed":0,"relics":["Burning Blood","Bottled Lightning","Kunai","Strawberry","Lantern","Bottled Tornado","Lizard Tail","Mummified Hand","War Paint","Boot","Red Skull","Anchor","Mark of Pain","Frozen Egg 2","Vajra","Whetstone"],"potions_floor_usage":[50,50,50],"damage_taken":[{"damage":14.0,"enemies":"Small Slimes","floor":1.0,"turns":4.0},{"damage":9.0,"enemies":"2 Louse","floor":2.0,"turns":4.0},{"damage":2.0,"enemies":"Cultist","floor":3.0,"turns":4.0},{"damage":22.0,"enemies":"2 Fungi Beasts","floor":4.0,"turns":5.0},{"damage":11.0,"enemies":"Blue Slaver","floor":5.0,"turns":4.0},{"damage":10.0,"enemies":"Lagavulin","floor":6.0,"turns":3.0},{"damage":19.0,"enemies":"3 Sentries","floor":10.0,"turns":7.0},{"damage":0.0,"enemies":"Red Slaver","floor":13.0,"turns":1.0},{"damage":21.0,"enemies":"Gremlin Nob","floor":14.0,"turns":5.0},{"damage":16.0,"enemies":"Slime Boss","floor":16.0,"turns":13.0},{"damage":24.0,"enemies":"2 Thieves","floor":18.0,"turns":4.0},{"damage":5.0,"enemies":"Spheric Guardian","floor":20.0,"turns":4.0},{"damage":0.0,"enemies":"Snake Plant","floor":24.0,"turns":1.0},{"damage":19.0,"enemies":"Slavers","floor":25.0,"turns":6.0},{"damage":45.0,"enemies":"Book of Stabbing","floor":27.0,"turns":7.0},{"damage":6.0,"enemies":"3 Cultists","floor":31.0,"turns":4.0},{"damage":19.0,"enemies":"Collector","floor":33.0,"turns":8.0},{"damage":31.0,"enemies":"Orb Walker","floor":35.0,"turns":6.0},{"damage":6.0,"enemies":"3 Shapes","floor":37.0,"turns":9.0},{"damage":11.0,"enemies":"Jaw Worm Horde","floor":39.0,"turns":3.0},{"damage":18.0,"enemies":"Nemesis","floor":40.0,"turns":5.0},{"damage":38.0,"enemies":"Reptomancer","floor":45.0,"turns":7.0},{"damage":44.0,"enemies":"Writhing Mass","floor":47.0,"turns":6.0},{"damage":8.0,"enemies":"Sphere and 2 Shapes","floor":48.0,"turns":3.0},{"damage":72,"enemies":"Awakened One","floor":50,"turns":8}],"seed_played":"-1819578424431551336","potions_obtained":[{"floor":3.0,"key":"AttackPotion"},{"floor":4.0,"key":"AttackPotion"},{"floor":10.0,"key":"EssenceOfSteel"},{"floor":13.0,"key":"Weak Potion"},{"floor":16.0,"key":"Regen Potion"},{"floor":20.0,"key":"Fire Potion"},{"floor":24.0,"key":"Fruit Juice"},{"floor":27.0,"key":"Explosive Potion"},{"floor":31.0,"key":"EntropicBrew"},{"floor":35.0,"key":"GamblersBrew"},{"floor":45.0,"key":"FearPotion"},{"floor":47.0,"key":"AttackPotion"},{"floor":48.0,"key":"Regen Potion"}],"is_trial":false,"path_per_floor":["M","M","M","M","M","E","$","R","T","E","R","?","M","E","R","B",null,"M","?","M","?","?","R","M","E","T","E","R","T","$","M","R","B",null,"M","?","M","?","M","E","T","R","T","R","E","R","M","M","R","B",null],"character_chosen":"IRONCLAD","items_purchased":["Kunai","Clothesline","Anchor","True Grit"],"campfire_rested":3,"item_purchase_floors":[7,7,30,30],"current_hp_per_floor":[64,61,65,49,44,40,40,40,47,34,34,34,40,25,25,15,69,51,51,52,52,52,52,63,50,50,26,26,26,26,26,26,13,72,47,47,47,47,42,30,30,30,30,57,25,52,14,12,39,37],"gold":262,"neow_bonus":"HUNDRED_GOLD","is_prod":false,"is_daily":false,"chose_seed":false,"campfire_upgraded":7,"win_rate":0,"timestamp":1563319822,"path_taken":["M","M","M","M","M","E","$","R","T","E","R","?","M","E","R","BOSS","M","?","?","?","?","R","M","E","T","E","R","?","$","M","R","BOSS","M","?","?","?","M","E","?","R","T","R","E","R","M","?","R","BOSS"],"build_version":"2019-07-05","purchased_purges":0,"victory":true,"max_hp_per_floor":[80,80,80,80,80,80,80,80,87,87,87,87,87,87,87,87,87,87,87,87,87,87,87,92,92,92,92,92,92,92,92,92,92,92,92,92,92,92,92,92,92,92,92,92,92,92,92,92,92,92],"card_choices":[{"not_picked":["Sword Boomerang","Power Through"],"picked":"Flame Barrier","floor":1.0},{"not_picked":["Pummel","Cleave"],"picked":"Uppercut","floor":2.0},{"not_picked":["Disarm","Clash"],"picked":"Sword Boomerang","floor":3.0},{"not_picked":["Body Slam","Armaments"],"picked":"Infernal Blade","floor":4.0},{"not_picked":["Shrug It Off","Flex"],"picked":"Havoc","floor":5.0},{"not_picked":["Thunderclap","Shockwave"],"picked":"Iron Wave","floor":6.0},{"not_picked":["Sword Boomerang","Rupture"],"picked":"Seeing Red","floor":10.0},{"not_picked":["Headbutt","Pommel Strike"],"picked":"Feel No Pain","floor":13.0},{"not_picked":["Carnage","Thunderclap"],"picked":"Limit Break","floor":14.0},{"not_picked":["Limit Break","Barricade"],"picked":"Bludgeon","floor":16.0},{"not_picked":["Warcry+1","Sword Boomerang+1"],"picked":"Dual Wield","floor":18.0},{"not_picked":["Flex","Cleave"],"picked":"Armaments","floor":20.0},{"not_picked":["Warcry","Havoc"],"picked":"Body Slam+1","floor":24.0},{"not_picked":["Intimidate","Sword Boomerang+1"],"picked":"Whirlwind","floor":25.0},{"not_picked":["Wild Strike","Brutality"],"picked":"Heavy Blade","floor":27.0},{"not_picked":["Rage","Searing Blow","Thunderclap"],"picked":"SKIP","floor":31.0},{"not_picked":["Feed","Limit Break"],"picked":"Fiend Fire","floor":33.0},{"not_picked":["Perfected Strike+1","Pommel Strike"],"picked":"Carnage+1","floor":35.0},{"not_picked":["Searing Blow+1","True Grit","Heavy Blade"],"picked":"SKIP","floor":37.0},{"not_picked":["Limit Break","Pommel Strike","Anger"],"picked":"SKIP","floor":39.0},{"not_picked":["Limit Break","Pommel Strike","Anger"],"picked":"SKIP","floor":39.0},{"not_picked":["Sever Soul","Whirlwind"],"picked":"Inflame+1","floor":40.0},{"not_picked":["Juggernaut+1","Cleave"],"picked":"Spot Weakness+1","floor":45.0},{"not_picked":["Flex+1","Wild Strike+1","Clash"],"picked":"SKIP","floor":47.0},{"not_picked":["Evolve+1","Heavy Blade"],"picked":"Battle Trance","floor":48.0}],"player_experience":294935,"relics_obtained":[{"floor":6.0,"key":"Bottled Lightning"},{"floor":9.0,"key":"Strawberry"},{"floor":10.0,"key":"Lantern"},{"floor":14.0,"key":"Bottled Tornado"},{"floor":25.0,"key":"Mummified Hand"},{"floor":26.0,"key":"War Paint"},{"floor":27.0,"key":"Boot"},{"floor":29.0,"key":"Red Skull"},{"floor":40.0,"key":"Frozen Egg 2"},{"floor":41.0,"key":"Vajra"},{"floor":45.0,"key":"Whetstone"}],"event_choices":[{"damage_healed":0.0,"max_hp_gain":0.0,"max_hp_loss":0.0,"gold_gain":0.0,"event_name":"Liars Game","player_choice":"Ignored","floor":12.0,"gold_loss":0.0,"damage_taken":0.0},{"damage_healed":0.0,"max_hp_gain":0.0,"max_hp_loss":0.0,"gold_gain":0.0,"event_name":"Designer","player_choice":"Upgrade","floor":19.0,"gold_loss":40.0,"damage_taken":0.0,"cards_upgraded":["Feel No Pain"]},{"cards_removed":["Strike_R"],"damage_healed":0.0,"max_hp_gain":0.0,"max_hp_loss":0.0,"gold_gain":0.0,"event_name":"Beggar","player_choice":"Gave Gold","floor":21.0,"gold_loss":75.0,"damage_taken":0.0},{"damage_healed":0.0,"max_hp_gain":0.0,"max_hp_loss":0.0,"gold_gain":0.0,"event_name":"Back to Basics","player_choice":"Simplicity","floor":22.0,"gold_loss":0.0,"damage_taken":0.0,"cards_upgraded":["Strike_R","Strike_R","Strike_R","Strike_R","Defend_R","Defend_R","Defend_R","Defend_R"]},{"damage_healed":0.0,"max_hp_gain":0.0,"max_hp_loss":0.0,"gold_gain":0.0,"event_name":"SecretPortal","player_choice":"Ignored","floor":36.0,"gold_loss":0.0,"damage_taken":0.0},{"damage_healed":0.0,"max_hp_gain":0.0,"max_hp_loss":0.0,"gold_gain":0.0,"event_name":"Tomb of Lord Red Mask","player_choice":"Ignored","floor":38.0,"gold_loss":0.0,"damage_taken":0.0}],"is_beta":false,"boss_relics":[{"not_picked":["Calling Bell","Tiny House"],"picked":"Lizard Tail"},{"not_picked":["Empty Cage","Astrolabe"],"picked":"Mark of Pain"}],"items_purged_floors":[],"is_endless":false,"potions_floor_spawned":[3,4,10,13,16,20,24,27,31,35,45,47,48],"ascension_level":6}