{"gold_per_floor":[109,184,201,218,237,272,272,290,338,348,366,380,380,82,82,82],"floor_reached":16,"playtime":489,"items_purged":["Injury"],"score":117,"play_id":"4aef4bc7-cce9-4dbb-bd13-b84c2eac6241","local_time":"20190117214514","is_ascension_mode":true,"campfire_choices":[{"floor":7,"key":"REST"},{"floor":15,"key":"REST"}],"neow_cost":"NONE","seed_source_timestamp":791751582542737,"circlet_count":0,"master_deck":["Defend_G","Defend_G","Defend_G","Defend_G","Defend_G","Strike_G","Strike_G","Strike_G","Strike_G","Strike_G","Survivor","Neutralize","Slice","Poisoned Stab","Acrobatics","Dagger Throw","Deadly Poison","Catalyst","Noxious Fumes","Slice","Blur","Dodge and Roll","Sadistic Nature"],"relics":["Ring of the Snake","The Specimen","Bronze Scales","Golden Idol"],"potions_floor_usage":[1,5,6,12],"damage_taken":[{"damage":7,"enemies":"Small Slimes","floor":1,"turns":5},{"damage":11,"enemies":"Jaw Worm","floor":3,"turns":4},{"damage":0,"enemies":"2 Louse","floor":4,"turns":2},{"damage":10,"enemies":"Red Slaver","floor":5,"turns":4},{"damage":19,"enemies":"3 Sentries","floor":6,"turns":8},{"damage":4,"enemies":"Blue Slaver","floor":8,"turns":4},{"damage":4,"enemies":"Looter","floor":10,"turns":3},{"damage":21,"enemies":"Exordium Wildlife","floor":11,"turns":5},{"damage":3,"enemies":"Blue Slaver","floor":12,"turns":3},{"damage":22,"enemies":"The Guardian","floor":16,"turns":2}],"seed_played":"3829117802549990253","potions_obtained":[{"floor":0,"key":"Ancient Potion"},{"floor":0,"key":"PowerPotion"},{"floor":0,"key":"SneckoOil"},{"floor":1,"key":"Weak Potion"},{"floor":11,"key":"SteroidPotion"}],"is_trial":false,"path_per_floor":["M","?","M","M","M","E","R","M","T","M","M","M","?","$","R","B"],"character_chosen":"THE_SILENT","items_purchased":["Dodge and Roll","Sadistic Nature"],"campfire_rested":2,"item_purchase_floors":[14,14],"current_hp_per_floor":[63,52,41,41,31,12,33,29,29,25,4,1,1,1,22,0],"gold":82,"neow_bonus":"THREE_SMALL_POTIONS","is_prod":false,"is_daily":false,"chose_seed":false,"campfire_upgraded":0,"win_rate":0,"timestamp":1547779514,"path_taken":["M","?","M","M","M","E","R","M","T","M","M","M","?","$","R","BOSS"],"build_version":"2019-01-17","purchased_purges":1,"victory":false,"max_hp_per_floor":[70,70,70,70,70,70,70,70,70,70,70,70,70,70,70,70],"card_choices":[{"not_picked":["Sucker Punch","Bane"],"picked":"Slice","floor":1},{"not_picked":["Well Laid Plans","Outmaneuver"],"picked":"Poisoned Stab","floor":3},{"not_picked":["Sucker Punch","Blade Dance"],"picked":"Acrobatics","floor":4},{"not_picked":["Dodge and Roll","Underhanded Strike"],"picked":"Dagger Throw","floor":5},{"not_picked":["Bullet Time","Dagger Spray"],"picked":"Deadly Poison","floor":6},{"not_picked":["Underhanded Strike","Prepared"],"picked":"Catalyst","floor":8},{"not_picked":["Well Laid Plans","Prepared"],"picked":"Noxious Fumes","floor":10},{"not_picked":["Accuracy","Flechettes"],"picked":"Slice","floor":11},{"not_picked":["Quick Slash","Slice"],"picked":"Blur","floor":12}],"player_experience":274458,"relics_obtained":[{"floor":6,"key":"The Specimen"},{"floor":9,"key":"Bronze Scales"}],"event_choices":[{"damage_healed":0,"gold_gain":75,"player_choice":"Gather Gold","damage_taken":11,"max_hp_gain":0,"max_hp_loss":0,"event_name":"World of Goop","floor":2,"gold_loss":0},{"damage_healed":0,"gold_gain":0,"player_choice":"Take Wound","damage_taken":0,"relics_obtained":["Golden Idol"],"max_hp_gain":0,"max_hp_loss":0,"event_name":"Golden Idol","floor":13,"gold_loss":0,"cards_obtained":["Injury"]}],"is_beta":false,"boss_relics":[],"items_purged_floors":[14],"is_endless":false,"potions_floor_spawned":[1,4,11],"killed_by":"The Guardian","ascension_level":2}