{"gold_per_floor":[118,118,32,42,57,57,89,89,89,101,101,101,130,142,142,214,214,226,256,276,13,23,23,23],"floor_reached":24,"playtime":926,"items_purged":[],"score":412,"play_id":"5f395986-ee07-4d62-8b6c-f6d9bc4c56af","local_time":"20190815095716","is_ascension_mode":true,"campfire_choices":[{"data":"Noxious Fumes","floor":6.0,"key":"SMITH"},{"data":"Dagger Spray","floor":8.0,"key":"SMITH"},{"floor":12.0,"key":"REST"},{"data":"Bane","floor":15.0,"key":"SMITH"},{"data":"Catalyst","floor":23,"key":"SMITH"}],"neow_cost":"CURSE","seed_source_timestamp":4561988708500,"circlet_count":0,"master_deck":["AscendersBane","Strike_G","Strike_G","Strike_G","Strike_G","Strike_G","Defend_G","Defend_G","Defend_G","Defend_G","Defend_G","Survivor","Neutralize","Dagger Spray+1","Noxious Fumes+1","Predator","PiercingWail","Bane+1","Poisoned Stab","Adrenaline","Deadly Poison","Shame","Catalyst+1","Panache","Deflect","Dodge and Roll"],"special_seed":0,"relics":["Ring of the Snake","Bottled Flame","Orichalcum","Bronze Scales","Eternal Feather","Tiny Chest"],"potions_floor_usage":[],"damage_taken":[{"damage":10.0,"enemies":"2 Louse","floor":1.0,"turns":4.0},{"damage":1.0,"enemies":"Cultist","floor":4.0,"turns":4.0},{"damage":2.0,"enemies":"Jaw Worm","floor":5.0,"turns":6.0},{"damage":23.0,"enemies":"3 Sentries","floor":7.0,"turns":7.0},{"damage":0.0,"enemies":"Exordium Wildlife","floor":10.0,"turns":1.0},{"damage":18.0,"enemies":"Gremlin Nob","floor":13.0,"turns":4.0},{"damage":1.0,"enemies":"Blue Slaver","floor":14.0,"turns":3.0},{"damage":17.0,"enemies":"Hexaghost","floor":16.0,"turns":8.0},{"damage":24.0,"enemies":"Shell Parasite","floor":18.0,"turns":5.0},{"damage":0,"enemies":"3 Byrds","floor":20,"turns":2},{"damage":20,"enemies":"Snecko","floor":22,"turns":5},{"damage":0,"enemies":"Gremlin Leader","floor":24,"turns":4}],"seed_played":"-4118833748319798673","potions_obtained":[{"floor":1.0,"key":"PowerPotion"},{"floor":4.0,"key":"Block Potion"},{"floor":7.0,"key":"Energy Potion"},{"floor":10.0,"key":"FearPotion"},{"floor":13.0,"key":"GamblersBrew"},{"floor":16.0,"key":"SteroidPotion"}],"is_trial":false,"path_per_floor":["M","?","$","M","M","R","E","R","T","M","?","R","E","M","R","B",null,"M","?","M","$","M","R","E"],"character_chosen":"THE_SILENT","items_purchased":["Noxious Fumes","Panache","Deflect"],"campfire_rested":1,"item_purchase_floors":[3,21,21],"current_hp_per_floor":[61,61,61,60,58,58,35,35,35,35,35,58,40,39,39,22,64,40,40,40,40,20,35,35],"gold":23,"neow_bonus":"TWENTY_PERCENT_HP_BONUS","is_prod":false,"is_daily":false,"chose_seed":false,"campfire_upgraded":4,"win_rate":0,"timestamp":1565855836,"path_taken":["M","?","$","?","M","R","E","R","T","M","?","R","E","M","R","BOSS","M","?","M","$","M","R","E"],"build_version":"2019-07-17","purchased_purges":0,"victory":false,"max_hp_per_floor":[78,78,78,78,78,78,78,78,78,78,78,78,78,78,78,78,78,78,78,78,78,78,78,78],"card_choices":[{"not_picked":["Masterful Stab","Slice"],"picked":"Dagger Spray","floor":1.0},{"not_picked":["Cloak And Dagger","Riddle With Holes"],"picked":"Predator","floor":4.0},{"not_picked":["Dagger Throw","Eviscerate","Cloak And Dagger"],"picked":"SKIP","floor":5.0},{"not_picked":["Blade Dance","Riddle With Holes"],"picked":"PiercingWail","floor":7.0},{"not_picked":["Deflect","Sucker Punch"],"picked":"Bane","floor":10.0},{"not_picked":["Acrobatics","Dash"],"picked":"Poisoned Stab","floor":13.0},{"not_picked":["Setup","Prepared","Flying Knee"],"picked":"SKIP","floor":14.0},{"not_picked":["Phantasmal Killer","Grand Finale"],"picked":"Adrenaline","floor":16.0},{"not_picked":["Poisoned Stab","Cloak And Dagger+1"],"picked":"Deadly Poison","floor":18.0},{"not_picked":["Dagger Throw","Quick Slash"],"picked":"Catalyst","floor":20},{"not_picked":["Sucker Punch+1","Poisoned Stab"],"picked":"Dodge and Roll","floor":22}],"player_experience":1009243,"relics_obtained":[{"floor":7.0,"key":"Bottled Flame"},{"floor":9.0,"key":"Orichalcum"},{"floor":13.0,"key":"Bronze Scales"}],"event_choices":[{"cards_removed":["Regret"],"damage_healed":0.0,"max_hp_gain":0.0,"max_hp_loss":0.0,"gold_gain":0.0,"event_name":"Purifier","player_choice":"Purged","floor":2.0,"gold_loss":0.0,"damage_taken":0.0},{"damage_healed":0.0,"max_hp_gain":0.0,"max_hp_loss":0.0,"gold_gain":0.0,"event_name":"Lab","player_choice":"Got Potions","floor":11.0,"gold_loss":0.0,"damage_taken":0.0},{"damage_healed":0.0,"max_hp_gain":0.0,"max_hp_loss":0.0,"gold_gain":0.0,"event_name":"Addict","player_choice":"Stole Relic","floor":19.0,"gold_loss":0.0,"damage_taken":0.0,"relics_obtained":["Tiny Chest"],"cards_obtained":["Shame"]}],"is_beta":false,"boss_relics":[{"not_picked":["Fusion Hammer","Ring of the Serpent"],"picked":"Eternal Feather"}],"items_purged_floors":[],"is_endless":false,"potions_floor_spawned":[1,4,7,10,13,16],"killed_by":"Gremlin Leader","ascension_level":20}