{"gold_per_floor":[115,135,135,135,60,60,76,76,76,76],"floor_reached":10,"playtime":374,"items_purged":[],"score":101,"play_id":"b745c14d-cafa-4646-ae4d-7836d74cd7f5","local_time":"20190711160950","is_ascension_mode":true,"campfire_choices":[{"data":"Doppelganger","floor":6.0,"key":"SMITH"}],"neow_cost":"TEN_PERCENT_HP_LOSS","seed_source_timestamp":147197964973417,"circlet_count":0,"master_deck":["AscendersBane","Strike_G","Strike_G","Defend_G","Defend_G","Defend_G","Defend_G","Defend_G","Survivor","Neutralize","Doppelganger+1","Catalyst","Dagger Spray","Quick Slash","Escape Plan"],"special_seed":0,"relics":["Ring of the Snake","Golden Idol","Ninja Scroll"],"potions_floor_usage":[10,10],"damage_taken":[{"damage":19.0,"enemies":"Jaw Worm","floor":1.0,"turns":9.0},{"damage":0.0,"enemies":"2 Louse","floor":2.0,"turns":3.0},{"damage":2.0,"enemies":"Small Slimes","floor":7.0,"turns":4.0},{"damage":52,"enemies":"Lagavulin","floor":10,"turns":13}],"seed_played":"87180833630481860","potions_obtained":[{"floor":1.0,"key":"GamblersBrew"},{"floor":7.0,"key":"Fruit Juice"}],"is_trial":false,"path_per_floor":["M","M","?","?","?","R","M","?","T","E"],"character_chosen":"THE_SILENT","items_purchased":[],"campfire_rested":0,"item_purchase_floors":[],"current_hp_per_floor":[40,40,60,39,39,39,37,37,37,0],"gold":76,"neow_bonus":"TRANSFORM_TWO_CARDS","is_prod":false,"is_daily":false,"chose_seed":false,"campfire_upgraded":1,"win_rate":0,"timestamp":1562879390,"path_taken":["M","M","?","?","?","R","M","?","T","E"],"build_version":"2019-07-05","purchased_purges":0,"victory":false,"max_hp_per_floor":[60,60,60,60,60,60,60,60,60,65],"card_choices":[{"not_picked":["Eviscerate","Catalyst"],"picked":"Dagger Spray","floor":1.0},{"not_picked":["Underhanded Strike","Bane"],"picked":"Quick Slash","floor":2.0},{"not_picked":["Expertise","Tactician"],"picked":"Escape Plan","floor":7.0}],"player_experience":364571,"relics_obtained":[{"floor":9.0,"key":"Ninja Scroll"}],"event_choices":[{"damage_healed":20.0,"max_hp_gain":0.0,"max_hp_loss":0.0,"gold_gain":0.0,"event_name":"Big Fish","player_choice":"Banana","floor":3.0,"gold_loss":0.0,"damage_taken":0.0},{"damage_healed":0.0,"max_hp_gain":0.0,"max_hp_loss":0.0,"gold_gain":0.0,"event_name":"Golden Idol","player_choice":"Take Damage","floor":4.0,"gold_loss":0.0,"damage_taken":21.0,"relics_obtained":["Golden Idol"]},{"cards_removed":["Strike_G"],"damage_healed":0.0,"max_hp_gain":0.0,"max_hp_loss":0.0,"gold_gain":0.0,"event_name":"The Cleric","player_choice":"Card Removal","floor":5.0,"gold_loss":75.0,"damage_taken":0.0},{"damage_healed":0.0,"max_hp_gain":0.0,"max_hp_loss":0.0,"gold_gain":0.0,"event_name":"Golden Wing","player_choice":"Ignored","floor":8.0,"gold_loss":0.0,"damage_taken":0.0}],"is_beta":false,"boss_relics":[],"items_purged_floors":[],"is_endless":false,"potions_floor_spawned":[1,7],"killed_by":"Lagavulin","ascension_level":16}