{"gold_per_floor":[110,123,134,145,165,197,211,230,230,260,260,294,294,322,322,422,422,432,432,45,56,69,69],"floor_reached":23,"playtime":1443,"items_purged":["Strike_R"],"score":225,"play_id":"0bed3c9b-4e86-451b-b293-3c0b61d9528e","local_time":"20190528213853","is_ascension_mode":false,"campfire_choices":[{"data":"Double Tap","floor":11,"key":"SMITH"},{"data":"Rampage","floor":13,"key":"SMITH"},{"data":"Demon Form","floor":15,"key":"SMITH"}],"neow_cost":"NONE","seed_source_timestamp":824300059175811,"circlet_count":0,"master_deck":["Strike_R","Strike_R","Strike_R","Strike_R","Defend_R","Defend_R","Defend_R","Defend_R","Bash+1","Twin Strike","Infernal Blade","Rampage+1","Flex","Flame Barrier","Iron Wave","Searing Blow","Carnage","Double Tap+1","Demon Form+1","Pommel Strike","Juggernaut","RitualDagger","Thunderclap"],"relics":["Burning Blood","Champion Belt","Calipers","Question Card","Pear","Kunai","Cursed Key","Torii"],"potions_floor_usage":[8,12,12,14,22,23],"damage_taken":[{"damage":6,"enemies":"Cultist","floor":1,"turns":3},{"damage":6,"enemies":"Jaw Worm","floor":2,"turns":3},{"damage":7,"enemies":"Small Slimes","floor":3,"turns":4},{"damage":9,"enemies":"Blue Slaver","floor":4,"turns":4},{"damage":5,"enemies":"3 Louse","floor":5,"turns":4},{"damage":14,"enemies":"Gremlin Nob","floor":6,"turns":3},{"damage":10,"enemies":"Looter","floor":7,"turns":3},{"damage":0,"enemies":"Large Slime","floor":8,"turns":4},{"damage":31,"enemies":"Lagavulin","floor":10,"turns":5},{"damage":4,"enemies":"Gremlin Nob","floor":12,"turns":3},{"damage":2,"enemies":"3 Sentries","floor":14,"turns":6},{"damage":33,"enemies":"Hexaghost","floor":16,"turns":8},{"damage":8,"enemies":"Chosen","floor":18,"turns":4},{"damage":19,"enemies":"3 Byrds","floor":21,"turns":5},{"damage":40,"enemies":"Centurion and Healer","floor":22,"turns":6},{"damage":44,"enemies":"Slavers","floor":23,"turns":2}],"seed_played":"5153512559172815235","potions_obtained":[{"floor":4,"key":"Fire Potion"},{"floor":7,"key":"BloodPotion"},{"floor":8,"key":"Energy Potion"},{"floor":10,"key":"SkillPotion"},{"floor":12,"key":"Block Potion"},{"floor":22,"key":"EssenceOfSteel"}],"is_trial":false,"path_per_floor":["M","M","M","M","M","E","M","M","T","E","R","E","R","E","R","B",null,"M","?","$","M","M","E"],"character_chosen":"IRONCLAD","items_purchased":["Torii"],"campfire_rested":0,"item_purchase_floors":[20],"current_hp_per_floor":[80,80,79,76,77,69,65,71,71,46,46,58,58,62,62,35,90,88,82,82,69,44,0],"gold":69,"neow_bonus":"UPGRADE_CARD","is_prod":false,"is_daily":false,"chose_seed":false,"campfire_upgraded":3,"win_rate":0.0,"timestamp":1559097533,"path_taken":["M","M","M","M","M","E","?","M","T","E","R","E","R","E","R","BOSS","M","?","$","M","M","E"],"build_version":"2019-01-23","purchased_purges":1,"victory":false,"max_hp_per_floor":[80,80,80,80,80,80,80,80,80,80,80,90,90,90,90,90,90,90,90,90,90,90,90],"card_choices":[{"not_picked":["Perfected Strike","Cleave"],"picked":"Twin Strike","floor":1},{"not_picked":["Cleave","Battle Trance"],"picked":"Infernal Blade","floor":2},{"not_picked":["Inflame","Shrug It Off"],"picked":"Rampage","floor":3},{"not_picked":["Clash","Iron Wave"],"picked":"Flex","floor":4},{"not_picked":["Warcry","Perfected Strike"],"picked":"Flame Barrier","floor":5},{"not_picked":["Entrench","Twin Strike"],"picked":"Iron Wave","floor":6},{"not_picked":["Armaments","Clothesline"],"picked":"Searing Blow","floor":7},{"not_picked":["Reckless Charge","Flex"],"picked":"Carnage","floor":8},{"not_picked":["Dropkick","Barricade"],"picked":"Double Tap","floor":10},{"not_picked":["Flame Barrier","Anger","Pommel Strike"],"picked":"Demon Form","floor":12},{"not_picked":["Infernal Blade","Bludgeon","Bloodletting"],"picked":"Pommel Strike","floor":14},{"not_picked":["Berserk","Offering","Reaper"],"picked":"Juggernaut","floor":16},{"not_picked":["Clash","Power Through","Twin Strike","Pommel Strike"],"picked":"SKIP","floor":18},{"not_picked":["Dropkick","Flex","Armaments","Pummel"],"picked":"SKIP","floor":21},{"not_picked":["Pommel Strike","Flex","Fire Breathing"],"picked":"Thunderclap","floor":22}],"player_experience":5295,"relics_obtained":[{"floor":6,"key":"Champion Belt"},{"floor":9,"key":"Calipers"},{"floor":10,"key":"Question Card"},{"floor":12,"key":"Pear"},{"floor":14,"key":"Kunai"}],"event_choices":[{"damage_healed":0,"gold_gain":0,"player_choice":"Joined the Cult","damage_taken":6,"max_hp_gain":0,"max_hp_loss":0,"event_name":"Nest","floor":19,"gold_loss":0,"cards_obtained":["RitualDagger"]}],"is_beta":false,"boss_relics":[{"not_picked":["Orrery","Snecko Eye"],"picked":"Cursed Key"}],"items_purged_floors":[20],"is_endless":false,"potions_floor_spawned":[4,7,8,10,12,22],"killed_by":"Slavers","ascension_level":0}