{"gold_per_floor":[213,225,235,235,254,254,274,274,350,375,375,390,390,170,170,269,269,289,289,204,204,204,238,238,138,188,250,250,250,250,268,268,365,365,379,433,70,85,85,85,97,132,132,166,38,38,117,133,133,133,133,133,2,36,36],"floor_reached":56,"playtime":6169,"items_purged":["Pain","Doubt","Pain","Pain","Pain"],"score":1956,"play_id":"f130b152-86fe-4146-917e-b4ed5ec62c03","local_time":"20190804125437","is_ascension_mode":true,"campfire_choices":[{"data":"Bludgeon","floor":6.0,"key":"SMITH"},{"floor":11.0,"key":"REST"},{"data":"Body Slam","floor":13.0,"key":"SMITH"},{"data":"Power Through","floor":15.0,"key":"SMITH"},{"data":"Ghostly","floor":24.0,"key":"SMITH"},{"data":"Ghostly","floor":28.0,"key":"SMITH"},{"data":"Ghostly","floor":30.0,"key":"SMITH"},{"data":"Clothesline","floor":32.0,"key":"SMITH"},{"data":"Ghostly","floor":40.0,"key":"SMITH"},{"data":"Ghostly","floor":46.0,"key":"SMITH"},{"floor":49,"key":"RECALL"},{"data":"Whirlwind","floor":52,"key":"SMITH"}],"neow_cost":"NONE","seed_source_timestamp":0,"circlet_count":0,"master_deck":["AscendersBane","Strike_R","Defend_R","Defend_R","Defend_R","Defend_R","Bash+1","Sword Boomerang+1","Body Slam+1","Cleave","Bludgeon+1","Power Through+1","Clothesline+1","Evolve+1","Barricade+1","Power Through","Ghostly+1","Ghostly+1","Ghostly+1","Ghostly+1","Ghostly+1","Metallicize+1","Headbutt","Flex","Offering","Power Through+1","Sever Soul+1","Shockwave+1","Metallicize+1","Power Through","Madness","Madness","Whirlwind+1","Berserk+1","Pain","Reaper","Feel No Pain+1","Metallicize+1","Entrench","Disarm"],"special_seed":0,"relics":["Burning Blood","Odd Mushroom","WarpedTongs","Frozen Egg 2","Happy Flower","Lantern","Cursed Key","Bag of Preparation","Oddly Smooth Stone","Bottled Lightning","Anchor","Tiny Chest","Astrolabe","Ancient Tea Set","Medical Kit","Centennial Puzzle","Smiling Mask","Bottled Tornado","Mercury Hourglass"],"potions_floor_usage":[50,55],"damage_taken":[{"damage":8.0,"enemies":"Jaw Worm","floor":1.0,"turns":4.0},{"damage":8.0,"enemies":"Small Slimes","floor":2.0,"turns":4.0},{"damage":1.0,"enemies":"Cultist","floor":3.0,"turns":3.0},{"damage":28.0,"enemies":"Exordium Wildlife","floor":5.0,"turns":5.0},{"damage":23.0,"enemies":"The Mushroom Lair","floor":7.0,"turns":4.0},{"damage":18.0,"enemies":"Gremlin Nob","floor":10.0,"turns":3.0},{"damage":3.0,"enemies":"3 Louse","floor":12.0,"turns":3.0},{"damage":11.0,"enemies":"The Guardian","floor":16.0,"turns":10.0},{"damage":9.0,"enemies":"Shell Parasite","floor":18.0,"turns":4.0},{"damage":0.0,"enemies":"Slavers","floor":23.0,"turns":7.0},{"damage":15.0,"enemies":"Book of Stabbing","floor":27.0,"turns":7.0},{"damage":2.0,"enemies":"Chosen","floor":31.0,"turns":4.0},{"damage":29.0,"enemies":"Automaton","floor":33.0,"turns":13.0},{"damage":1.0,"enemies":"3 Shapes","floor":35.0,"turns":7.0},{"damage":6.0,"enemies":"3 Darklings","floor":38.0,"turns":8.0},{"damage":2.0,"enemies":"Sphere and 2 Shapes","floor":41.0,"turns":12.0},{"damage":8.0,"enemies":"Giant Head","floor":42.0,"turns":10.0},{"damage":12.0,"enemies":"Nemesis","floor":44.0,"turns":9.0},{"damage":2.0,"enemies":"4 Shapes","floor":48.0,"turns":11.0},{"damage":10,"enemies":"Time Eater","floor":50,"turns":14},{"damage":2,"enemies":"Shield and Spear","floor":54,"turns":11},{"damage":20,"enemies":"The Heart","floor":55,"turns":14}],"seed_played":"6758367060742886632","potions_obtained":[{"floor":5.0,"key":"Regen Potion"},{"floor":7.0,"key":"Ancient Potion"},{"floor":12.0,"key":"Ancient Potion"},{"floor":31.0,"key":"Explosive Potion"},{"floor":35.0,"key":"SteroidPotion"},{"floor":41.0,"key":"FairyPotion"}],"is_trial":false,"path_per_floor":["M","M","M","?","M","R","?","?","T","E","R","M","R","$","R","B",null,"M","?","?","?","T","E","R","$","T","E","R","?","R","M","R","B",null,"M","T","$","M","?","R","M","E","T","E","$","R","T","M","R","B",null,"R","$","E","B",null],"character_chosen":"IRONCLAD","items_purchased":["Lantern","Medical Kit","Metallicize+1","Feel No Pain+1","Entrench"],"campfire_rested":1,"item_purchase_floors":[14,37,37,45,53],"current_hp_per_floor":[70,68,73,57,35,35,30,30,30,18,42,45,45,45,45,40,70,67,40,40,40,40,40,40,40,40,31,31,31,31,35,35,12,33,38,38,38,38,33,33,37,35,35,29,29,29,29,40,40,36,39,39,39,40,26],"gold":36,"neow_bonus":"HUNDRED_GOLD","is_prod":false,"is_daily":false,"chose_seed":false,"campfire_upgraded":10,"win_rate":0,"timestamp":1564948477,"path_taken":["M","M","M","?","M","R","?","?","T","E","R","?","R","$","R","BOSS","M","?","?","?","?","E","R","$","T","E","R","?","R","M","R","BOSS","M","?","$","M","?","R","M","E","T","E","$","R","?","?","R","BOSS","R","$","E","BOSS"],"build_version":"2019-07-17","purchased_purges":5,"victory":true,"max_hp_per_floor":[80,80,80,80,80,80,80,80,80,80,80,80,80,80,80,80,80,80,40,40,40,40,40,40,40,40,40,40,40,40,40,40,40,40,40,40,40,40,40,40,40,40,40,40,40,40,40,40,40,40,40,40,40,40,40],"card_choices":[{"not_picked":["Clash","Havoc"],"picked":"Sword Boomerang","floor":1.0},{"not_picked":["Sword Boomerang","Twin Strike"],"picked":"Body Slam","floor":2.0},{"not_picked":["Shockwave","Perfected Strike"],"picked":"Cleave","floor":3.0},{"not_picked":["Clash","Havoc"],"picked":"Bludgeon","floor":5.0},{"not_picked":["Heavy Blade","Thunderclap"],"picked":"Power Through","floor":7.0},{"not_picked":["Wild Strike","Armaments"],"picked":"Clothesline","floor":10.0},{"not_picked":["True Grit","Rage"],"picked":"Evolve+1","floor":12.0},{"not_picked":["Immolate","Fiend Fire"],"picked":"Barricade+1","floor":16.0},{"not_picked":["Anger","Body Slam"],"picked":"Power Through","floor":18.0},{"not_picked":["Pommel Strike","Thunderclap+1","Evolve+1"],"picked":"SKIP","floor":23.0},{"not_picked":["Flex","Dropkick"],"picked":"Headbutt","floor":27.0},{"not_picked":["Flex","Headbutt","Warcry"],"picked":"SKIP","floor":31.0},{"not_picked":["Barricade+1","Bludgeon"],"picked":"Offering","floor":33.0},{"not_picked":["Sever Soul+1","Hemokinesis","Shrug It Off"],"picked":"SKIP","floor":35.0},{"not_picked":["Sever Soul+1","Hemokinesis","Shrug It Off"],"picked":"SKIP","floor":35.0},{"not_picked":["Pommel Strike+1","Perfected Strike+1"],"picked":"Power Through","floor":38.0},{"not_picked":["Ghostly Armor","Evolve+1"],"picked":"Whirlwind","floor":41.0},{"not_picked":["Rampage","Wild Strike"],"picked":"Berserk+1","floor":42.0},{"not_picked":["Heavy Blade","Body Slam"],"picked":"Reaper","floor":44.0},{"not_picked":["Thunderclap","True Grit"],"picked":"Metallicize+1","floor":48.0},{"not_picked":["True Grit","Flame Barrier+1"],"picked":"Disarm","floor":54}],"player_experience":491699,"relics_obtained":[{"floor":7.0,"key":"Odd Mushroom"},{"floor":9.0,"key":"Frozen Egg 2"},{"floor":10.0,"key":"Happy Flower"},{"floor":22.0,"key":"Oddly Smooth Stone"},{"floor":23.0,"key":"Bottled Lightning"},{"floor":26.0,"key":"Anchor"},{"floor":27.0,"key":"Tiny Chest"},{"floor":36.0,"key":"Ancient Tea Set"},{"floor":42.0,"key":"Centennial Puzzle"},{"floor":44.0,"key":"Smiling Mask"},{"floor":47.0,"key":"Bottled Tornado"},{"floor":54,"key":"Mercury Hourglass"}],"event_choices":[{"damage_healed":0.0,"max_hp_gain":0.0,"max_hp_loss":0.0,"gold_gain":0.0,"event_name":"Shining Light","player_choice":"Entered Light","floor":4.0,"gold_loss":0.0,"damage_taken":16.0,"cards_upgraded":["Bash","Sword Boomerang"]},{"damage_healed":0.0,"max_hp_gain":0.0,"max_hp_loss":0.0,"gold_gain":0.0,"event_name":"Mushrooms","player_choice":"Fought Mushrooms","floor":7.0,"gold_loss":0.0,"damage_taken":0.0},{"damage_healed":0.0,"max_hp_gain":0.0,"max_hp_loss":0.0,"gold_gain":0.0,"event_name":"Accursed Blacksmith","player_choice":"Rummage","floor":8.0,"gold_loss":0.0,"damage_taken":0.0,"relics_obtained":["WarpedTongs"],"cards_obtained":["Pain"]},{"damage_healed":0.0,"max_hp_gain":0.0,"max_hp_loss":40.0,"gold_gain":0.0,"event_name":"Ghosts","player_choice":"Became a Ghost","floor":19.0,"gold_loss":0.0,"damage_taken":0.0,"cards_obtained":["Ghostly","Ghostly","Ghostly","Ghostly","Ghostly"]},{"damage_healed":0.0,"max_hp_gain":0.0,"max_hp_loss":0.0,"gold_gain":0.0,"event_name":"Addict","player_choice":"Obtained Relic","floor":20.0,"gold_loss":85.0,"damage_taken":0.0,"relics_obtained":["Bag of Preparation"]},{"damage_healed":0.0,"max_hp_gain":0.0,"max_hp_loss":0.0,"gold_gain":0.0,"event_name":"The Library","player_choice":"Read","floor":21.0,"gold_loss":0.0,"damage_taken":0.0,"cards_obtained":["Metallicize"]},{"damage_healed":0.0,"max_hp_gain":0.0,"max_hp_loss":0.0,"gold_gain":0.0,"cards_transformed":["Strike_R"],"event_name":"Transmorgrifier","player_choice":"Transformed","floor":29.0,"gold_loss":0.0,"damage_taken":0.0,"cards_obtained":["Flex"]},{"damage_healed":0.0,"max_hp_gain":0.0,"max_hp_loss":0.0,"gold_gain":0.0,"event_name":"Winding Halls","player_choice":"Embrace Madness","floor":39.0,"gold_loss":0.0,"damage_taken":5.0,"cards_obtained":["Madness","Madness"]}],"is_beta":false,"boss_relics":[{"not_picked":["Philosopher\u0027s Stone","Eternal Feather"],"picked":"Cursed Key"},{"not_picked":["Calling Bell","Tiny House"],"picked":"Astrolabe"}],"items_purged_floors":[14,25,37,45,53],"is_endless":false,"potions_floor_spawned":[5,7,12,31,35,41,44],"ascension_level":10}