{"gold_per_floor":[113,45,45,58,76,94,122,122,122,149,25,39,367,60,60,162,162,181,211,211,211,230,257,356,57,82,82,117,117,117,137,137,236,236,254,354,407,629,629,654,668,693,705,717,745,389,47,47,47,47],"floor_reached":51,"playtime":2282,"items_purged":["Strike_B","Strike_B","Defend_B","Defend_B"],"score":1051,"play_id":"4dc8b3f9-a1e7-4e10-9cd1-89794e7d4660","local_time":"20190819154030","is_ascension_mode":true,"campfire_choices":[{"data":"Fission","floor":15.0,"key":"SMITH"},{"data":"Hologram","floor":29,"key":"SMITH"},{"data":"Zap","floor":32,"key":"SMITH"},{"data":"Multi-Cast","floor":44,"key":"SMITH"},{"data":"Meteor Strike","floor":49,"key":"SMITH"}],"neow_cost":"NONE","seed_source_timestamp":1651903071959492,"circlet_count":0,"master_deck":["Defend_B","Zap+1","Dualcast","Gash","Go for the Eyes","Sweeping Beam","Gash","Gash","Fission+1","Go for the Eyes","Beam Cell","Gash","Electrodynamics","Sunder+1","Doom and Gloom+1","Hologram+1","Sunder+1","Skim","Beam Cell+1","Buffer","Meteor Strike+1","Gash","Multi-Cast+1","Steam Power+1","Rainbow","Compile Driver","Finesse"],"special_seed":0,"relics":["Cracked Core","Bag of Preparation","Lantern","Bottled Flame","Old Coin","Gremlin Horn","Nuclear Battery","Red Mask","MutagenicStrength","Nloth\u0027s Gift","Ice Cream","DollysMirror","Bag of Marbles","Orichalcum","Empty Cage","Bird Faced Urn","Turnip","Blood Vial","MawBank","Torii","Runic Capacitor"],"potions_floor_usage":[28,33,33,50,50,50],"damage_taken":[{"damage":0.0,"enemies":"Cultist","floor":1.0,"turns":1.0},{"damage":0.0,"enemies":"Small Slimes","floor":4.0,"turns":1.0},{"damage":0.0,"enemies":"Jaw Worm","floor":5.0,"turns":1.0},{"damage":0.0,"enemies":"Exordium Wildlife","floor":6.0,"turns":3.0},{"damage":16.0,"enemies":"Lagavulin","floor":7.0,"turns":7.0},{"damage":20.0,"enemies":"3 Sentries","floor":10.0,"turns":6.0},{"damage":0.0,"enemies":"2 Fungi Beasts","floor":12.0,"turns":2.0},{"damage":16.0,"enemies":"Lagavulin","floor":13.0,"turns":6.0},{"damage":0.0,"enemies":"Slime Boss","floor":16.0,"turns":6.0},{"damage":0.0,"enemies":"Spheric Guardian","floor":18.0,"turns":3.0},{"damage":6,"enemies":"Masked Bandits","floor":19,"turns":3},{"damage":0,"enemies":"3 Byrds","floor":22,"turns":2},{"damage":0,"enemies":"Gremlin Leader","floor":23,"turns":4},{"damage":12,"enemies":"Book of Stabbing","floor":28,"turns":3},{"damage":0,"enemies":"3 Cultists","floor":31,"turns":1},{"damage":45,"enemies":"Champ","floor":33,"turns":5},{"damage":2,"enemies":"Orb Walker","floor":35,"turns":2},{"damage":0,"enemies":"Mind Bloom Boss Battle","floor":36,"turns":3},{"damage":0,"enemies":"2 Orb Walkers","floor":37,"turns":1},{"damage":3,"enemies":"Giant Head","floor":40,"turns":5},{"damage":0,"enemies":"3 Darklings","floor":41,"turns":1},{"damage":0,"enemies":"Reptomancer","floor":42,"turns":2},{"damage":0,"enemies":"4 Shapes","floor":45,"turns":2},{"damage":0,"enemies":"Donu and Deca","floor":50,"turns":1}],"seed_played":"2928801464555368483","potions_obtained":[{"floor":1.0,"key":"EssenceOfSteel"},{"floor":5.0,"key":"AttackPotion"},{"floor":7.0,"key":"Ancient Potion"},{"floor":12.0,"key":"SkillPotion"},{"floor":19,"key":"AttackPotion"},{"floor":31,"key":"SpeedPotion"},{"floor":41,"key":"EssenceOfSteel"},{"floor":42,"key":"FearPotion"}],"is_trial":false,"path_per_floor":["M","$","?","M","M","M","E","?","T","E","$","M","E","$","R","B",null,"M","?","?","?","M","E","?","$","T","$","E","R","$","M","R","B",null,"M","?","?","?","?","E","M","E","T","R","M","$","$","?","R","B",null],"character_chosen":"DEFECT","items_purchased":["Gash","Go for the Eyes","Gash","Gremlin Horn","Beam Cell","Gash","DollysMirror","Compile Driver","Runic Capacitor","Swift Potion","Strength Potion","Finesse"],"campfire_rested":0,"item_purchase_floors":[2,2,11,14,14,14,25,46,46,47,47,47],"current_hp_per_floor":[75,75,75,75,75,75,59,59,59,39,39,39,23,23,23,23,75,75,69,69,69,69,69,69,69,69,69,57,57,57,57,57,12,75,73,73,75,75,71,71,71,71,71,71,71,71,71,71,71,71],"gold":47,"neow_bonus":"THREE_ENEMY_KILL","is_prod":false,"is_daily":false,"chose_seed":false,"campfire_upgraded":5,"win_rate":0,"timestamp":1566207630,"path_taken":["M","$","?","M","M","?","E","?","T","E","$","?","E","?","R","BOSS","M","?","?","?","?","E","?","$","T","?","E","R","$","M","R","BOSS","M","?","?","?","?","E","M","E","T","R","?","?","$","?","R","BOSS"],"build_version":"2019-07-17","purchased_purges":4,"victory":true,"max_hp_per_floor":[75,75,75,75,75,75,75,75,75,75,75,75,75,75,75,75,75,75,75,75,75,75,75,75,75,75,75,75,75,75,75,75,75,75,75,75,75,75,71,71,71,71,71,71,71,71,71,71,71,71],"card_choices":[{"not_picked":["Go for the Eyes","Barrage"],"picked":"Defragment","floor":1.0},{"not_picked":["Turbo","Leap"],"picked":"Sweeping Beam","floor":4.0},{"not_picked":["Undo","Tempest","Cold Snap"],"picked":"SKIP","floor":5.0},{"not_picked":["Ball Lightning","Coolheaded","Turbo"],"picked":"SKIP","floor":6.0},{"not_picked":["Conserve Battery","Steam Power","Redo"],"picked":"SKIP","floor":7.0},{"not_picked":["Reprogram","Rebound"],"picked":"Gash","floor":10.0},{"not_picked":["Stack","Recycle"],"picked":"Fission","floor":12.0},{"not_picked":["Redo","Streamline"],"picked":"Go for the Eyes","floor":13.0},{"not_picked":["Amplify","Machine Learning"],"picked":"Electrodynamics","floor":16.0},{"not_picked":["Ball Lightning+1","Go for the Eyes"],"picked":"Sunder+1","floor":18.0},{"not_picked":["Cold Snap+1","Heatsinks"],"picked":"Doom and Gloom+1","floor":19},{"not_picked":["Electrodynamics","Go for the Eyes"],"picked":"Hologram","floor":22},{"not_picked":["Hologram","Go for the Eyes","Fission"],"picked":"SKIP","floor":23},{"not_picked":["Defragment","Consume"],"picked":"Skim","floor":28},{"not_picked":["Streamline+1","Hologram"],"picked":"Beam Cell+1","floor":31},{"not_picked":["Electrodynamics","Thunder Strike"],"picked":"Buffer","floor":33},{"not_picked":["Go for the Eyes","Rebound","Fusion+1"],"picked":"SKIP","floor":35},{"not_picked":["Cold Snap","Stack"],"picked":"Meteor Strike","floor":36},{"not_picked":["Blizzard+1","Self Repair"],"picked":"Gash","floor":37},{"not_picked":["Coolheaded","Ball Lightning+1"],"picked":"Multi-Cast","floor":40},{"not_picked":["Conserve Battery","Rip and Tear+1","Undo+1"],"picked":"SKIP","floor":41},{"not_picked":["Hologram","Redo+1"],"picked":"Steam Power+1","floor":42},{"not_picked":["Go for the Eyes+1","Buffer"],"picked":"Rainbow","floor":45}],"player_experience":1654973,"relics_obtained":[{"floor":7.0,"key":"Bag of Preparation"},{"floor":9.0,"key":"Lantern"},{"floor":10.0,"key":"Bottled Flame"},{"floor":13.0,"key":"Old Coin"},{"floor":19,"key":"Red Mask"},{"floor":23,"key":"Ice Cream"},{"floor":26,"key":"Bag of Marbles"},{"floor":28,"key":"Orichalcum"},{"floor":36,"key":"Bird Faced Urn"},{"floor":37,"key":"Turnip"},{"floor":40,"key":"Blood Vial"},{"floor":42,"key":"MawBank"},{"floor":43,"key":"Torii"}],"event_choices":[{"cards_removed":["Defend_B"],"damage_healed":0.0,"max_hp_gain":0.0,"max_hp_loss":0.0,"gold_gain":0.0,"event_name":"Purifier","player_choice":"Purged","floor":3.0,"gold_loss":0.0,"damage_taken":0.0},{"damage_healed":0.0,"max_hp_gain":0.0,"max_hp_loss":0.0,"gold_gain":0.0,"event_name":"Lab","player_choice":"Got Potions","floor":8.0,"gold_loss":0.0,"damage_taken":0.0},{"damage_healed":0,"gold_gain":0,"player_choice":"Fought Bandits","damage_taken":0,"max_hp_gain":0,"max_hp_loss":0,"event_name":"Masked Bandits","floor":19,"gold_loss":0},{"damage_healed":0,"gold_gain":0,"player_choice":"Inject Mutagens","damage_taken":0,"relics_obtained":["MutagenicStrength"],"max_hp_gain":0,"max_hp_loss":0,"event_name":"Drug Dealer","floor":20,"gold_loss":0},{"damage_healed":0,"gold_gain":0,"player_choice":"Traded Relic","damage_taken":0,"relics_obtained":["Nloth\u0027s Gift"],"max_hp_gain":0,"max_hp_loss":0,"event_name":"N\u0027loth","floor":21,"relics_lost":["NeowsBlessing"],"gold_loss":0},{"damage_healed":0,"gold_gain":99,"player_choice":"Stole From Cult","damage_taken":0,"max_hp_gain":0,"max_hp_loss":0,"event_name":"Nest","floor":24,"gold_loss":0},{"damage_healed":0,"gold_gain":0,"player_choice":"Fight","damage_taken":0,"max_hp_gain":0,"max_hp_loss":0,"event_name":"MindBloom","floor":36,"gold_loss":0},{"damage_healed":0,"gold_gain":0,"player_choice":"Fight","damage_taken":0,"max_hp_gain":0,"max_hp_loss":0,"event_name":"Mysterious Sphere","floor":37,"gold_loss":0},{"damage_healed":0,"gold_gain":222,"player_choice":"Wore Mask","damage_taken":0,"max_hp_gain":0,"max_hp_loss":0,"event_name":"Tomb of Lord Red Mask","floor":38,"gold_loss":0},{"damage_healed":0,"gold_gain":0,"player_choice":"Max HP","damage_taken":0,"max_hp_gain":0,"max_hp_loss":4,"event_name":"Winding Halls","floor":39,"gold_loss":0},{"cards_removed":["Defragment"],"damage_healed":0,"gold_gain":0,"player_choice":"Removed Power","damage_taken":0,"max_hp_gain":0,"max_hp_loss":0,"event_name":"Falling","floor":48,"gold_loss":0}],"is_beta":false,"boss_relics":[{"not_picked":["Fusion Hammer","FrozenCore"],"picked":"Nuclear Battery"},{"not_picked":["Tiny House","Lizard Tail"],"picked":"Empty Cage"}],"items_purged_floors":[11,25,46,47],"is_endless":false,"potions_floor_spawned":[1,5,7,12,19,23,31,41,42],"ascension_level":1}