{"gold_per_floor":[115,130,130,40,51,84,84,119,174,190,190,115,133,168,168,247,247,261,287,77,88,88,151,151,76,103,131,131,148,168,193,193,266,266,281,1280,1280,1298,1520,1552,1552,1584,1584,753,766,117,132,167,167,167,167,167,167,81,107,107],"floor_reached":57,"playtime":5882,"items_purged":["Strike_G","Normality","Normality"],"score":3157,"play_id":"a3f1c074-2d81-4016-9209-3918a802a073","local_time":"20190710215038","is_ascension_mode":true,"campfire_choices":[{"data":"Cloak And Dagger","floor":7,"key":"SMITH"},{"data":"Neutralize","floor":11,"key":"SMITH"},{"data":"Dash","floor":15,"key":"SMITH"},{"data":"Crippling Poison","floor":24,"key":"SMITH"},{"data":"Burst","floor":28,"key":"SMITH"},{"data":"Night Terror","floor":32,"key":"SMITH"},{"floor":41,"key":"RECALL"},{"floor":49,"key":"REST"},{"data":"Adrenaline","floor":53,"key":"SMITH"}],"neow_cost":"TEN_PERCENT_HP_LOSS","seed_source_timestamp":215019349940700,"circlet_count":0,"master_deck":["AscendersBane","Defend_G","Defend_G","Defend_G","Defend_G","Defend_G","Survivor","Neutralize+1","A Thousand Cuts+1","Deflect","Masterful Stab","Dagger Throw","Dash+1","Cloak And Dagger+1","Adrenaline+1","Caltrops+1","Deadly Poison","Noxious Fumes+1","Calculated Gamble","After Image+1","PiercingWail+1","Crippling Poison+1","Dagger Spray","Cloak And Dagger","PiercingWail","Blur+1","Burst+1","Night Terror+1","Deadly Poison+1","Prepared","Footwork+1","Crippling Poison","Apotheosis","Leg Sweep","Transmutation","Dark Shackles","Night Terror+1","Dodge and Roll","Acrobatics","Reflex"],"relics":["Ring of the Snake","Frozen Egg 2","Snake Skull","Oddly Smooth Stone","Happy Flower","Runic Pyramid","Red Mask","Tiny Chest","Gremlin Horn","Blood Vial","HoveringKite","Shuriken","Paper Crane","Question Card","Mummified Hand","Letter Opener","DollysMirror","Blue Candle","Bag of Preparation"],"potions_floor_usage":[6,8,16,19,27,48,55,56],"damage_taken":[{"damage":0,"enemies":"Small Slimes","floor":1,"turns":5},{"damage":0,"enemies":"2 Louse","floor":2,"turns":3},{"damage":0,"enemies":"Jaw Worm","floor":5,"turns":2},{"damage":21,"enemies":"Gremlin Nob","floor":6,"turns":4},{"damage":8,"enemies":"3 Sentries","floor":8,"turns":7},{"damage":0,"enemies":"2 Fungi Beasts","floor":10,"turns":3},{"damage":0,"enemies":"Red Slaver","floor":13,"turns":3},{"damage":14,"enemies":"Lagavulin","floor":14,"turns":7},{"damage":29,"enemies":"The Guardian","floor":16,"turns":8},{"damage":0,"enemies":"Shell Parasite","floor":18,"turns":5},{"damage":3,"enemies":"Masked Bandits","floor":19,"turns":4},{"damage":0,"enemies":"3 Byrds","floor":21,"turns":5},{"damage":7,"enemies":"Slavers","floor":23,"turns":3},{"damage":0,"enemies":"Book of Stabbing","floor":27,"turns":5},{"damage":0,"enemies":"Shelled Parasite and Fungi","floor":29,"turns":6},{"damage":0,"enemies":"Snake Plant","floor":30,"turns":5},{"damage":0,"enemies":"Slavers","floor":31,"turns":5},{"damage":0,"enemies":"Champ","floor":33,"turns":13},{"damage":9,"enemies":"3 Shapes","floor":35,"turns":4},{"damage":0,"enemies":"Orb Walker","floor":38,"turns":5},{"damage":6,"enemies":"Reptomancer","floor":40,"turns":6},{"damage":22,"enemies":"Nemesis","floor":42,"turns":11},{"damage":1,"enemies":"Transient","floor":45,"turns":6},{"damage":10,"enemies":"3 Darklings","floor":47,"turns":4},{"damage":0,"enemies":"Reptomancer","floor":48,"turns":6},{"damage":3,"enemies":"Awakened One","floor":50,"turns":19},{"damage":9,"enemies":"Donu and Deca","floor":51,"turns":5},{"damage":0,"enemies":"Shield and Spear","floor":55,"turns":12},{"damage":19,"enemies":"The Heart","floor":56,"turns":12}],"seed_played":"-1371331019117944516","potions_obtained":[{"floor":1,"key":"Fire Potion"},{"floor":5,"key":"Regen Potion"},{"floor":8,"key":"LiquidBronze"},{"floor":14,"key":"Fruit Juice"},{"floor":18,"key":"Energy Potion"},{"floor":27,"key":"GhostInAJar"},{"floor":45,"key":"Explosive Potion"},{"floor":48,"key":"SpeedPotion"}],"is_trial":false,"path_per_floor":["M","M","?","$","M","E","R","E","T","M","R","?","M","E","R","B",null,"M","?","$","M","?","E","R","$","T","E","R","M","M","E","R","B",null,"M","?","?","M","?","E","R","E","T","$","M","$","M","E","R","B","B",null,"R","$","E","B",null],"character_chosen":"THE_SILENT","items_purchased":["Dash","Dagger Spray","Cloak And Dagger","SteroidPotion","Burst","Mummified Hand","Letter Opener","Apotheosis","Transmutation","Dark Shackles","DollysMirror","Reflex"],"campfire_rested":1,"item_purchase_floors":[4,20,20,20,25,44,44,44,46,46,46,54],"current_hp_per_floor":[59,59,59,59,59,38,38,45,45,45,45,45,45,31,31,7,51,51,48,48,48,48,41,41,41,41,41,41,41,41,41,41,43,60,53,53,53,55,55,51,51,31,31,31,32,32,24,26,44,43,36,56,56,56,58,41],"gold":107,"neow_bonus":"TRANSFORM_TWO_CARDS","is_prod":false,"is_daily":false,"chose_seed":false,"campfire_upgraded":7,"win_rate":0,"timestamp":1562809838,"path_taken":["M","M","?","$","M","E","R","E","T","M","R","?","M","E","R","BOSS","M","?","$","M","?","E","R","$","T","E","R","M","?","E","R","BOSS","M","?","?","M","?","E","R","E","T","$","M","$","M","E","R","BOSS","BOSS","R","$","E","BOSS"],"build_version":"2019-07-05","purchased_purges":3,"victory":true,"max_hp_per_floor":[60,60,60,60,60,60,60,60,60,60,60,60,60,60,60,65,65,65,65,65,65,65,65,65,65,65,65,65,65,65,65,65,65,65,65,65,62,62,62,62,62,62,62,62,62,62,62,62,62,62,62,62,62,62,62,62],"card_choices":[{"not_picked":["Dagger Spray","Prepared"],"picked":"Masterful Stab","floor":1},{"not_picked":["Poisoned Stab","Slice"],"picked":"Dagger Throw","floor":2},{"not_picked":["Bane","Outmaneuver"],"picked":"Cloak And Dagger","floor":5},{"not_picked":["Reflex","Skewer"],"picked":"Adrenaline","floor":6},{"not_picked":["Prepared","Bane"],"picked":"Caltrops+1","floor":8},{"not_picked":["Dagger Throw","Dagger Spray"],"picked":"Deadly Poison","floor":10},{"not_picked":["Acrobatics","Deflect"],"picked":"Noxious Fumes+1","floor":13},{"not_picked":["Concentrate","Predator"],"picked":"Calculated Gamble","floor":14},{"not_picked":["Envenom+1","Malaise"],"picked":"After Image+1","floor":16},{"not_picked":["Dagger Spray","Prepared"],"picked":"PiercingWail+1","floor":18},{"not_picked":["Caltrops+1","Poisoned Stab"],"picked":"Crippling Poison","floor":19},{"not_picked":["Sucker Punch+1","Predator"],"picked":"PiercingWail","floor":21},{"not_picked":["Expertise","Sucker Punch"],"picked":"Blur+1","floor":23},{"not_picked":["Flechettes","Predator"],"picked":"Night Terror","floor":27},{"not_picked":["Slice","Dagger Spray"],"picked":"Deadly Poison+1","floor":29},{"not_picked":["Flying Knee","Noxious Fumes+1"],"picked":"Prepared","floor":30},{"not_picked":["Backflip","Tactician"],"picked":"Footwork+1","floor":31},{"not_picked":["Choke+1","Blade Dance","Slice+1"],"picked":"SKIP","floor":35},{"not_picked":["Riddle With Holes","Masterful Stab+1"],"picked":"Crippling Poison","floor":38},{"not_picked":["Caltrops+1","Accuracy+1","Deflect"],"picked":"SKIP","floor":40},{"not_picked":["Heel Hook+1","Bane+1","Slice"],"picked":"SKIP","floor":42},{"not_picked":["Heel Hook+1","Bane+1","Slice"],"picked":"SKIP","floor":42},{"not_picked":["Deadly Poison+1","Flying Knee","Flechettes"],"picked":"Leg Sweep","floor":45},{"not_picked":["Corpse Explosion","Dagger Throw","Blade Dance+1"],"picked":"Dodge and Roll","floor":47},{"not_picked":["Footwork+1","Escape Plan","Deflect"],"picked":"Acrobatics","floor":48},{"not_picked":["Cloak And Dagger","Noxious Fumes+1","Outmaneuver","Deadly Poison"],"picked":"SKIP","floor":55}],"player_experience":2238859,"relics_obtained":[{"floor":6,"key":"Frozen Egg 2"},{"floor":8,"key":"Snake Skull"},{"floor":9,"key":"Oddly Smooth Stone"},{"floor":14,"key":"Happy Flower"},{"floor":19,"key":"Red Mask"},{"floor":23,"key":"Tiny Chest"},{"floor":27,"key":"Gremlin Horn"},{"floor":31,"key":"Blood Vial"},{"floor":40,"key":"Shuriken"},{"floor":42,"key":"Paper Crane"},{"floor":43,"key":"Question Card"},{"floor":48,"key":"Blue Candle"},{"floor":55,"key":"Bag of Preparation"}],"event_choices":[{"damage_healed":0,"gold_gain":0,"player_choice":"Grow","damage_taken":0,"max_hp_gain":0,"max_hp_loss":0,"event_name":"Living Wall","floor":3,"gold_loss":0,"cards_upgraded":["A Thousand Cuts"]},{"cards_removed":["Strike_G"],"damage_healed":0,"gold_gain":0,"player_choice":"Card Removal","damage_taken":0,"max_hp_gain":0,"max_hp_loss":0,"event_name":"The Cleric","floor":12,"gold_loss":75},{"damage_healed":0,"gold_gain":0,"player_choice":"Fought Bandits","damage_taken":0,"max_hp_gain":0,"max_hp_loss":0,"event_name":"Masked Bandits","floor":19,"gold_loss":0},{"cards_removed":["Strike_G"],"damage_healed":0,"gold_gain":0,"player_choice":"Purged","damage_taken":0,"max_hp_gain":0,"max_hp_loss":0,"event_name":"Purifier","floor":22,"gold_loss":0},{"damage_healed":0,"gold_gain":999,"player_choice":"Gold","damage_taken":0,"max_hp_gain":0,"max_hp_loss":0,"event_name":"MindBloom","floor":36,"gold_loss":0,"cards_obtained":["Normality","Normality"]},{"damage_healed":0,"gold_gain":0,"player_choice":"Max HP","damage_taken":0,"max_hp_gain":0,"max_hp_loss":3,"event_name":"Winding Halls","floor":37,"gold_loss":0},{"damage_healed":0,"gold_gain":222,"player_choice":"Wore Mask","damage_taken":0,"max_hp_gain":0,"max_hp_loss":0,"event_name":"Tomb of Lord Red Mask","floor":39,"gold_loss":0}],"is_beta":false,"boss_relics":[{"not_picked":["Cursed Key","Runic Dome"],"picked":"Runic Pyramid"},{"not_picked":["Orrery","Tiny House"],"picked":"HoveringKite"}],"items_purged_floors":[20,44,46],"is_endless":false,"potions_floor_spawned":[1,5,8,14,18,27,30,38,42,45,48],"ascension_level":20}