{"gold_per_floor":[111,121,121,121,5,48,48,84,84,123,123,144,179,223,223,317,317,336,261,282,282,282,282,303,303,353,353,396,396],"floor_reached":29,"playtime":2491,"items_purged":["Pain"],"score":503,"play_id":"cde1d417-5238-4b08-b573-2c7dd59a155f","local_time":"20190818102737","is_ascension_mode":true,"campfire_choices":[{"data":"Go for the Eyes","floor":7.0,"key":"SMITH"},{"floor":11.0,"key":"REST"},{"floor":15.0,"key":"REST"},{"floor":23.0,"key":"REST"},{"floor":25,"key":"REST"}],"neow_cost":"NONE","seed_source_timestamp":0,"circlet_count":0,"master_deck":["AscendersBane","Strike_B+1","Strike_B+1","Defend_B+1","Defend_B+1","Defend_B+1","Defend_B+1","Zap","Dualcast","Go for the Eyes+1","Lockon","Rip and Tear","Compile Driver","Streamline","Hello World","Undo","Darkness","Glacier","Meteor Strike","Conserve Battery+1","Melter","Skim","Coolheaded","Turbo"],"special_seed":0,"relics":["Cracked Core","NeowsBlessing","Golden Idol","WarpedTongs","Du-Vu Doll","Shuriken","Girya","Bag of Preparation","Odd Mushroom","Juzu Bracelet","Philosopher\u0027s Stone","Bronze Scales","Shovel","Red Mask"],"potions_floor_usage":[28,29],"damage_taken":[{"damage":0.0,"enemies":"Jaw Worm","floor":1.0,"turns":1.0},{"damage":0.0,"enemies":"Cultist","floor":2.0,"turns":1.0},{"damage":0.0,"enemies":"Lagavulin","floor":6.0,"turns":1.0},{"damage":32.0,"enemies":"3 Sentries","floor":8.0,"turns":7.0},{"damage":10.0,"enemies":"Gremlin Nob","floor":10.0,"turns":3.0},{"damage":6.0,"enemies":"2 Louse","floor":12.0,"turns":2.0},{"damage":19.0,"enemies":"The Mushroom Lair","floor":13.0,"turns":4.0},{"damage":14.0,"enemies":"3 Sentries","floor":14.0,"turns":6.0},{"damage":8.0,"enemies":"Hexaghost","floor":16.0,"turns":8.0},{"damage":50.0,"enemies":"3 Byrds","floor":18.0,"turns":7.0},{"damage":0.0,"enemies":"Spheric Guardian","floor":20.0,"turns":3.0},{"damage":4,"enemies":"Centurion and Healer","floor":24,"turns":7},{"damage":16,"enemies":"Masked Bandits","floor":28,"turns":3},{"damage":21,"enemies":"3 Cultists","floor":29,"turns":3}],"seed_played":"-2291123252560931633","potions_obtained":[{"floor":6.0,"key":"Strength Potion"},{"floor":12.0,"key":"Ancient Potion"},{"floor":14.0,"key":"Ancient Potion"},{"floor":16.0,"key":"FocusPotion"},{"floor":20.0,"key":"Explosive Potion"},{"floor":24,"key":"Weak Potion"}],"is_trial":false,"path_per_floor":["M","M","?","?","$","E","R","E","T","E","R","M","?","E","R","B",null,"M","?","M","?","?","R","M","R","T","T","?","M"],"character_chosen":"DEFECT","items_purchased":["Rip and Tear"],"campfire_rested":4,"item_purchase_floors":[5],"current_hp_per_floor":[64,64,64,64,64,64,64,32,32,22,41,35,16,2,21,13,51,1,1,1,1,1,20,16,35,35,35,19,0],"gold":396,"neow_bonus":"THREE_ENEMY_KILL","is_prod":false,"is_daily":false,"chose_seed":false,"campfire_upgraded":1,"win_rate":0,"timestamp":1566149257,"path_taken":["M","M","?","?","$","E","R","E","T","E","R","?","?","E","R","BOSS","M","?","M","?","?","R","M","R","T","?","?","M"],"build_version":"2019-07-17","purchased_purges":1,"victory":false,"max_hp_per_floor":[71,71,64,64,64,64,64,64,64,64,64,64,64,64,64,64,64,64,64,64,64,64,64,64,64,64,64,64,64],"card_choices":[{"not_picked":["Beam Cell","Hologram"],"picked":"Go for the Eyes","floor":1.0},{"not_picked":["Steam","Conserve Battery"],"picked":"Lockon","floor":2.0},{"not_picked":["Loop","Multi-Cast"],"picked":"Compile Driver","floor":6.0},{"not_picked":["Stack","Steam Power"],"picked":"Streamline","floor":8.0},{"not_picked":["Rebound","Multi-Cast"],"picked":"Hello World","floor":10.0},{"not_picked":["Capacitor","Streamline"],"picked":"Undo","floor":12.0},{"not_picked":["Beam Cell","Heatsinks"],"picked":"Darkness","floor":13.0},{"not_picked":["Hologram","Beam Cell"],"picked":"Glacier","floor":14.0},{"not_picked":["Machine Learning","Core Surge"],"picked":"Meteor Strike","floor":16.0},{"not_picked":["Turbo","Steam"],"picked":"Conserve Battery+1","floor":18.0},{"not_picked":["Compile Driver","Rebound","Lockon+1"],"picked":"SKIP","floor":20.0},{"not_picked":["Storm","Steam"],"picked":"Coolheaded","floor":24},{"not_picked":["Beam Cell","White Noise"],"picked":"Turbo","floor":28}],"player_experience":605593,"relics_obtained":[{"floor":6.0,"key":"Du-Vu Doll"},{"floor":8.0,"key":"Shuriken"},{"floor":9.0,"key":"Girya"},{"floor":10.0,"key":"Bag of Preparation"},{"floor":13.0,"key":"Odd Mushroom"},{"floor":14.0,"key":"Juzu Bracelet"},{"floor":26,"key":"Bronze Scales"},{"floor":27,"key":"Shovel"},{"floor":28,"key":"Red Mask"}],"event_choices":[{"damage_healed":0.0,"max_hp_gain":0.0,"max_hp_loss":7.0,"gold_gain":0.0,"event_name":"Golden Idol","player_choice":"Lose Max HP","floor":3.0,"gold_loss":0.0,"damage_taken":0.0,"relics_obtained":["Golden Idol"]},{"damage_healed":0.0,"max_hp_gain":0.0,"max_hp_loss":0.0,"gold_gain":0.0,"event_name":"Accursed Blacksmith","player_choice":"Rummage","floor":4.0,"gold_loss":0.0,"damage_taken":0.0,"relics_obtained":["WarpedTongs"],"cards_obtained":["Pain"]},{"damage_healed":0.0,"max_hp_gain":0.0,"max_hp_loss":0.0,"gold_gain":0.0,"event_name":"Mushrooms","player_choice":"Fought Mushrooms","floor":13.0,"gold_loss":0.0,"damage_taken":0.0},{"damage_healed":0.0,"max_hp_gain":0.0,"max_hp_loss":0.0,"gold_gain":0.0,"cards_transformed":["Strike_B","Strike_B"],"event_name":"Designer","player_choice":"Transformed Cards","floor":19.0,"gold_loss":75.0,"damage_taken":0.0,"cards_obtained":["Melter","Skim"]},{"damage_healed":0.0,"max_hp_gain":0.0,"max_hp_loss":0.0,"gold_gain":0.0,"event_name":"Back to Basics","player_choice":"Simplicity","floor":21.0,"gold_loss":0.0,"damage_taken":0.0,"cards_upgraded":["Strike_B","Strike_B","Defend_B","Defend_B","Defend_B","Defend_B"]},{"damage_healed":0.0,"max_hp_gain":0.0,"max_hp_loss":0.0,"gold_gain":0.0,"event_name":"Vampires","player_choice":"Ignored","floor":22.0,"gold_loss":0.0,"damage_taken":0.0},{"damage_healed":0,"gold_gain":0,"player_choice":"Fought Bandits","damage_taken":0,"max_hp_gain":0,"max_hp_loss":0,"event_name":"Masked Bandits","floor":28,"gold_loss":0}],"is_beta":false,"boss_relics":[{"not_picked":["Black Star","Nuclear Battery"],"picked":"Philosopher\u0027s Stone"}],"items_purged_floors":[5],"is_endless":false,"potions_floor_spawned":[6,12,14,16,20,24],"killed_by":"3 Cultists","ascension_level":17}