{"gold_per_floor":[111,36,50,63,79,114,114,140,140,140,156,190,213,363,363,363],"floor_reached":16,"playtime":1265,"items_purged":["Expertise"],"score":244,"play_id":"7274a109-43c8-4ed3-9112-2cc7e66de7c3","local_time":"20190817081330","is_ascension_mode":true,"campfire_choices":[{"data":"Night Terror","floor":7.0,"key":"SMITH"},{"floor":15.0,"key":"REST"}],"neow_cost":"NONE","seed_source_timestamp":20039382565900,"circlet_count":0,"master_deck":["AscendersBane","Survivor","Neutralize","Night Terror+1","Dagger Spray","Finisher","Storm of Steel","Unload","Sucker Punch","Doppelganger","Escape Plan","Die Die Die","Backflip","Dash","Backflip","Glass Knife","Leg Sweep","Injury","Sucker Punch","Backstab","Blur","Doubt"],"special_seed":0,"relics":["Pandora\u0027s Box","Potion Belt","Regal Pillow","Juzu Bracelet","Golden Idol","Mummified Hand"],"potions_floor_usage":[16],"damage_taken":[{"damage":0.0,"enemies":"Cultist","floor":1.0,"turns":3.0},{"damage":10.0,"enemies":"Small Slimes","floor":3.0,"turns":3.0},{"damage":0.0,"enemies":"2 Louse","floor":4.0,"turns":2.0},{"damage":3.0,"enemies":"Large Slime","floor":5.0,"turns":7.0},{"damage":5.0,"enemies":"3 Sentries","floor":6.0,"turns":3.0},{"damage":1.0,"enemies":"Lagavulin","floor":8.0,"turns":6.0},{"damage":1.0,"enemies":"Looter","floor":11.0,"turns":3.0},{"damage":19.0,"enemies":"3 Sentries","floor":12.0,"turns":7.0},{"damage":6.0,"enemies":"2 Fungi Beasts","floor":13.0,"turns":3.0},{"damage":36,"enemies":"Hexaghost","floor":16,"turns":12}],"seed_played":"1635045050675910644","potions_obtained":[{"floor":1.0,"key":"FearPotion"},{"floor":3.0,"key":"Weak Potion"},{"floor":5.0,"key":"PowerPotion"},{"floor":6.0,"key":"SkillPotion"},{"floor":12.0,"key":"EssenceOfSteel"}],"is_trial":false,"path_per_floor":["M","$","M","M","M","E","R","E","T","?","M","E","M","?","R","B"],"character_chosen":"THE_SILENT","items_purchased":[],"campfire_rested":1,"item_purchase_floors":[],"current_hp_per_floor":[59,59,49,49,46,41,41,40,40,40,39,20,14,14,48,12],"gold":363,"neow_bonus":"BOSS_RELIC","is_prod":false,"is_daily":false,"chose_seed":false,"campfire_upgraded":1,"win_rate":0,"timestamp":1566022410,"path_taken":["M","$","M","M","M","E","R","E","T","?","M","E","M","?","R","BOSS"],"build_version":"2019-07-17","purchased_purges":1,"victory":false,"max_hp_per_floor":[66,66,66,66,66,66,66,66,66,66,66,66,66,66,66,66],"card_choices":[{"not_picked":["Flechettes","Backstab"],"picked":"Backflip","floor":1.0},{"not_picked":["Bane","Concentrate"],"picked":"Dash","floor":3.0},{"not_picked":["Catalyst","Poisoned Stab"],"picked":"Backflip","floor":4.0},{"not_picked":["Poisoned Stab","Deflect"],"picked":"Glass Knife","floor":5.0},{"not_picked":["Slice","Cloak And Dagger"],"picked":"Leg Sweep","floor":6.0},{"not_picked":["Doppelganger","Accuracy","Underhanded Strike"],"picked":"SKIP","floor":8.0},{"not_picked":["Dagger Spray","Deadly Poison"],"picked":"Sucker Punch","floor":11.0},{"not_picked":["Bane","Slice"],"picked":"Backstab","floor":12.0},{"not_picked":["Sucker Punch","Poisoned Stab"],"picked":"Blur","floor":13.0}],"player_experience":1067647,"relics_obtained":[{"floor":6.0,"key":"Potion Belt"},{"floor":8.0,"key":"Regal Pillow"},{"floor":9.0,"key":"Juzu Bracelet"},{"floor":12.0,"key":"Mummified Hand"}],"event_choices":[{"damage_healed":0.0,"max_hp_gain":0.0,"max_hp_loss":0.0,"gold_gain":0.0,"event_name":"Golden Idol","player_choice":"Take Wound","floor":10.0,"gold_loss":0.0,"damage_taken":0.0,"relics_obtained":["Golden Idol"],"cards_obtained":["Injury"]},{"damage_healed":0.0,"max_hp_gain":0.0,"max_hp_loss":0.0,"gold_gain":150.0,"event_name":"Liars Game","player_choice":"AGREE","floor":14.0,"gold_loss":0.0,"damage_taken":0.0,"cards_obtained":["Doubt"]}],"is_beta":false,"boss_relics":[],"items_purged_floors":[2],"is_endless":false,"potions_floor_spawned":[1,3,5,6,12],"killed_by":"Hexaghost","ascension_level":20}