{"gold_per_floor":[211,83,103,114,128,128,160,110,110,110],"floor_reached":10,"playtime":323,"items_purged":["Strike_G"],"score":75,"play_id":"f5c1d337-13d6-4d88-9555-18d65dfda3ff","local_time":"20190114213928","is_ascension_mode":true,"campfire_choices":[{"data":"Calculated Gamble","floor":6,"key":"SMITH"}],"neow_cost":"NONE","seed_source_timestamp":532366163328442,"circlet_count":0,"master_deck":["Defend_G","Defend_G","Defend_G","Defend_G","Defend_G","Strike_G","Strike_G","Strike_G","Survivor","Neutralize","Deadly Poison","Deadly Poison","Calculated Gamble+1","Outmaneuver","Accuracy","Blade Dance"],"relics":["Ring of the Snake","Pantograph"],"potions_floor_usage":[],"damage_taken":[{"damage":14,"enemies":"Jaw Worm","floor":1,"turns":5},{"damage":0,"enemies":"Small Slimes","floor":3,"turns":2},{"damage":1,"enemies":"Cultist","floor":4,"turns":3},{"damage":7,"enemies":"3 Louse","floor":5,"turns":4},{"damage":20,"enemies":"Lagavulin","floor":7,"turns":6},{"damage":24,"enemies":"Gremlin Nob","floor":10,"turns":5}],"seed_played":"7680506704356982994","potions_obtained":[{"floor":1,"key":"Weak Potion"},{"floor":5,"key":"Ancient Potion"}],"is_trial":false,"path_per_floor":["M","$","M","M","M","R","E","?","T","E"],"character_chosen":"THE_SILENT","items_purchased":["Deadly Poison"],"campfire_rested":0,"item_purchase_floors":[2],"current_hp_per_floor":[56,56,56,55,48,48,28,28,28,4],"gold":110,"neow_bonus":"HUNDRED_GOLD","is_prod":false,"is_daily":false,"chose_seed":false,"campfire_upgraded":1,"win_rate":0,"timestamp":1547519968,"path_taken":["M","$","M","M","M","R","E","?","T","E"],"build_version":"2019-01-10","purchased_purges":1,"victory":false,"max_hp_per_floor":[70,70,70,70,70,70,70,70,70,70],"card_choices":[{"not_picked":["Predator","Flying Knee"],"picked":"Deadly Poison","floor":1},{"not_picked":["Quick Slash","Leg Sweep"],"picked":"Calculated Gamble","floor":3},{"not_picked":["Underhanded Strike","Choke"],"picked":"Outmaneuver","floor":4},{"not_picked":["Cloak And Dagger","Outmaneuver"],"picked":"Accuracy","floor":5},{"not_picked":["Dodge and Roll","Caltrops"],"picked":"Blade Dance","floor":7}],"player_experience":266721,"relics_obtained":[{"floor":7,"key":"Pantograph"}],"event_choices":[{"cards_removed":["Strike_G"],"damage_healed":0,"gold_gain":0,"player_choice":"Card Removal","damage_taken":0,"max_hp_gain":0,"max_hp_loss":0,"event_name":"The Cleric","floor":8,"gold_loss":50}],"is_beta":false,"boss_relics":[],"items_purged_floors":[2],"is_endless":false,"potions_floor_spawned":[1,5],"killed_by":"Gremlin Nob","ascension_level":2}