{"gold_per_floor":[110,110,39,57,57,57,83,102,102,129,143,143,155,155,155,259,259,275,287,386,311,163,163,191,91,168,182,57,57,57,74,74,177,177,193,207,217,67,167,167,167,178,178,178,189,189,189,218,218,218],"floor_reached":50,"playtime":1611,"items_purged":["Defend_R","Defend_R","Burning Pact","Anger+1"],"score":553,"play_id":"8206146e-5d2c-48d3-abf0-8ad8635b47c8","local_time":"20190806231924","is_ascension_mode":false,"campfire_choices":[{"data":"Bash","floor":6,"key":"SMITH"},{"data":"True Grit","floor":12,"key":"SMITH"},{"floor":15,"key":"REST"},{"floor":23,"key":"REST"},{"floor":29,"key":"REST"},{"floor":32,"key":"REST"},{"floor":40,"key":"REST"},{"floor":47,"key":"REST"},{"floor":49,"key":"RECALL"}],"neow_cost":"NONE","seed_source_timestamp":99210151937257,"circlet_count":0,"master_deck":["Bash+1","Metallicize","Dropkick","True Grit+1","Demon Form","Blood for Blood+1","Offering+1","Dropkick"],"relics":["Burning Blood","Darkstone Periapt","Charon\u0027s Ashes","Boot","Philosopher\u0027s Stone","Red Mask","Matryoshka","Astrolabe","Prayer Wheel","Bottled Flame","Dodecahedron"],"potions_floor_usage":[16,16,27,33,37,50],"damage_taken":[{"damage":11,"enemies":"Jaw Worm","floor":1,"turns":2},{"damage":0,"enemies":"2 Louse","floor":4,"turns":3},{"damage":25,"enemies":"Gremlin Nob","floor":7,"turns":5},{"damage":11,"enemies":"Small Slimes","floor":8,"turns":5},{"damage":40,"enemies":"Lagavulin","floor":10,"turns":7},{"damage":7,"enemies":"Looter","floor":11,"turns":3},{"damage":4,"enemies":"Blue Slaver","floor":13,"turns":5},{"damage":43,"enemies":"Slime Boss","floor":16,"turns":11},{"damage":30,"enemies":"Spheric Guardian","floor":18,"turns":7},{"damage":56,"enemies":"3 Byrds","floor":19,"turns":6},{"damage":54,"enemies":"Masked Bandits","floor":24,"turns":6},{"damage":13,"enemies":"Centurion and Healer","floor":27,"turns":4},{"damage":21,"enemies":"Snake Plant","floor":31,"turns":4},{"damage":83,"enemies":"Collector","floor":33,"turns":9},{"damage":26,"enemies":"3 Darklings","floor":35,"turns":4},{"damage":30,"enemies":"3 Shapes","floor":36,"turns":4},{"damage":21,"enemies":"Spire Growth","floor":37,"turns":3},{"damage":34,"enemies":"Mind Bloom Boss Battle","floor":39,"turns":4},{"damage":29,"enemies":"Maw","floor":42,"turns":5},{"damage":17,"enemies":"3 Darklings","floor":45,"turns":4},{"damage":8,"enemies":"Reptomancer","floor":48,"turns":2},{"damage":92,"enemies":"Time Eater","floor":50,"turns":5}],"seed_played":"-9039621002201906324","potions_obtained":[{"floor":4,"key":"Explosive Potion"},{"floor":7,"key":"Dexterity Potion"},{"floor":8,"key":"Fire Potion"},{"floor":10,"key":"BloodPotion"},{"floor":19,"key":"GamblersBrew"},{"floor":31,"key":"Dexterity Potion"},{"floor":37,"key":"Block Potion"},{"floor":39,"key":"Explosive Potion"}],"is_trial":false,"path_per_floor":["M","?","$","M","?","R","E","M","T","E","M","R","M","?","R","B",null,"M","M","?","?","$","R","?","$","T","M","$","R","$","M","R","B",null,"M","M","M","$","?","R","$","M","T","?","M","?","R","E","R","B"],"character_chosen":"IRONCLAD","items_purchased":["Dropkick","BloodPotion"],"campfire_rested":6,"item_purchase_floors":[3,22],"current_hp_per_floor":[75,68,68,74,79,79,60,58,58,27,29,29,34,34,63,53,100,79,32,32,32,32,63,18,18,18,41,41,74,74,62,96,19,115,98,77,65,65,40,78,78,58,58,58,47,47,86,84,84,0],"gold":218,"neow_bonus":"TRANSFORM_CARD","is_prod":false,"is_daily":false,"chose_seed":false,"campfire_upgraded":2,"win_rate":0,"timestamp":1565147964,"path_taken":["M","?","$","M","?","R","E","M","T","E","M","R","M","?","R","BOSS","M","M","?","?","$","R","?","?","T","M","$","R","$","M","R","BOSS","M","M","M","$","?","R","$","M","T","?","M","?","R","E","R","BOSS"],"build_version":"2019-07-17","purchased_purges":4,"victory":false,"max_hp_per_floor":[80,80,80,80,85,85,85,88,88,91,94,94,97,97,97,100,100,103,106,106,106,106,106,109,109,109,112,112,112,112,115,115,115,115,118,121,124,124,127,127,127,130,130,130,130,130,130,130,130,130],"card_choices":[{"not_picked":["Iron Wave","Anger"],"picked":"Metallicize","floor":1},{"not_picked":["Heavy Blade","Intimidate","Spot Weakness"],"picked":"SKIP","floor":4},{"not_picked":["Wild Strike","Pummel"],"picked":"Feed","floor":7},{"not_picked":["Fire Breathing","Heavy Blade","Clash"],"picked":"SKIP","floor":8},{"not_picked":["Metallicize","Searing Blow","Twin Strike"],"picked":"SKIP","floor":10},{"not_picked":["Cleave","Flex"],"picked":"True Grit","floor":11},{"not_picked":["Dark Embrace","Metallicize","Pummel"],"picked":"SKIP","floor":13},{"not_picked":["Barricade","Reaper"],"picked":"Demon Form","floor":16},{"not_picked":["Havoc","Second Wind","Hemokinesis"],"picked":"SKIP","floor":18},{"not_picked":["Shrug It Off+1","Power Through","Seeing Red"],"picked":"SKIP","floor":19},{"not_picked":["Rage","Feel No Pain+1","Iron Wave"],"picked":"SKIP","floor":27},{"not_picked":["Havoc","Pommel Strike","Reckless Charge"],"picked":"SKIP","floor":31},{"not_picked":["Entrench+1","Cleave+1","Twin Strike"],"picked":"SKIP","floor":35},{"not_picked":["Spot Weakness+1","Sword Boomerang","Carnage+1"],"picked":"SKIP","floor":36},{"not_picked":["Entrench","Pommel Strike","Uppercut"],"picked":"SKIP","floor":37},{"not_picked":["Cleave","Heavy Blade","Iron Wave+1"],"picked":"SKIP","floor":42},{"not_picked":["Reckless Charge","Metallicize+1","Armaments"],"picked":"SKIP","floor":42},{"not_picked":["Flame Barrier+1","Blood for Blood","Anger"],"picked":"SKIP","floor":45},{"not_picked":["Twin Strike","Iron Wave","Heavy Blade"],"picked":"SKIP","floor":45},{"not_picked":["Double Tap","Perfected Strike","Warcry"],"picked":"SKIP","floor":48}],"player_experience":751683,"relics_obtained":[{"floor":7,"key":"Darkstone Periapt"},{"floor":9,"key":"Charon\u0027s Ashes"},{"floor":10,"key":"Boot"},{"floor":24,"key":"Red Mask"},{"floor":26,"key":"Matryoshka"},{"floor":39,"key":"Prayer Wheel"},{"floor":43,"key":"Bottled Flame"},{"floor":48,"key":"Dodecahedron"}],"event_choices":[{"cards_removed":["Strike_R"],"damage_healed":0,"gold_gain":0,"player_choice":"Card Removal","damage_taken":7,"max_hp_gain":0,"max_hp_loss":0,"event_name":"Golden Wing","floor":2,"gold_loss":0},{"damage_healed":0,"gold_gain":0,"player_choice":"Donut","damage_taken":0,"max_hp_gain":5,"max_hp_loss":0,"event_name":"Big Fish","floor":5,"gold_loss":0},{"cards_removed":["Defend_R"],"damage_healed":0,"gold_gain":0,"player_choice":"Forget","damage_taken":0,"max_hp_gain":0,"max_hp_loss":0,"event_name":"Living Wall","floor":14,"gold_loss":0},{"damage_healed":0,"gold_gain":99,"player_choice":"Stole From Cult","damage_taken":0,"max_hp_gain":0,"max_hp_loss":0,"event_name":"Nest","floor":20,"gold_loss":0},{"cards_removed":["Strike_R"],"damage_healed":0,"gold_gain":0,"player_choice":"Gave Gold","damage_taken":0,"max_hp_gain":0,"max_hp_loss":0,"event_name":"Beggar","floor":21,"gold_loss":75},{"damage_healed":0,"gold_gain":0,"player_choice":"Fought Bandits","damage_taken":0,"max_hp_gain":0,"max_hp_loss":0,"event_name":"Masked Bandits","floor":24,"gold_loss":0},{"damage_healed":0,"gold_gain":0,"player_choice":"Fight","damage_taken":0,"max_hp_gain":0,"max_hp_loss":0,"event_name":"MindBloom","floor":39,"gold_loss":0},{"cards_removed":["Feed"],"damage_healed":0,"gold_gain":0,"player_choice":"Removed Attack","damage_taken":0,"max_hp_gain":0,"max_hp_loss":0,"event_name":"Falling","floor":44,"gold_loss":0},{"damage_healed":0,"gold_gain":0,"player_choice":"Copied","damage_taken":0,"max_hp_gain":0,"max_hp_loss":0,"event_name":"Duplicator","floor":46,"gold_loss":0,"cards_obtained":["Dropkick"]}],"is_beta":false,"boss_relics":[{"not_picked":["Runic Cube","Lizard Tail"],"picked":"Philosopher\u0027s Stone"},{"not_picked":["Black Blood","Black Star"],"picked":"Astrolabe"}],"items_purged_floors":[22,25,28,38],"is_endless":false,"potions_floor_spawned":[4,7,8,10,13,19,31,37,39,48],"killed_by":"Time Eater","ascension_level":0}