{"gold_per_floor":[119,194,194,194,208,238,238,265,265,265,280,280,314,314,314,314],"floor_reached":16,"playtime":545,"items_purged":[],"score":212,"play_id":"daa021e0-7822-40ce-99d1-da0b133bbe09","local_time":"20190507230331","is_ascension_mode":true,"campfire_choices":[{"data":"True Grit","floor":7,"key":"SMITH"},{"floor":12,"key":"REST"},{"floor":15,"key":"REST"}],"neow_cost":"NONE","seed_source_timestamp":1815276747268926,"circlet_count":0,"master_deck":["AscendersBane","Strike_R","Strike_R","Strike_R","Strike_R","Strike_R","Defend_R","Defend_R","Defend_R","Defend_R","Bash+1","Thunderclap","True Grit+1","Infernal Blade","Reaper"],"relics":["Burning Blood","NeowsBlessing","GremlinMask","Singing Bowl","Darkstone Periapt","Bottled Lightning","Dead Branch","Champion Belt"],"potions_floor_usage":[8,16],"damage_taken":[{"damage":0,"enemies":"Small Slimes","floor":1,"turns":1},{"damage":0,"enemies":"2 Louse","floor":5,"turns":1},{"damage":0,"enemies":"Gremlin Nob","floor":6,"turns":1},{"damage":72,"enemies":"3 Sentries","floor":8,"turns":18},{"damage":2,"enemies":"Cultist","floor":11,"turns":4},{"damage":40,"enemies":"Gremlin Nob","floor":13,"turns":5},{"damage":40,"enemies":"Hexaghost","floor":16,"turns":9}],"seed_played":"-3192108487115083915","potions_obtained":[{"floor":1,"key":"Poison Potion"},{"floor":11,"key":"Energy Potion"},{"floor":13,"key":"AttackPotion"}],"is_trial":false,"path_per_floor":["M","?","?","?","M","E","R","E","T","?","M","R","E","?","R","B"],"character_chosen":"IRONCLAD","items_purchased":[],"campfire_rested":2,"item_purchase_floors":[],"current_hp_per_floor":[78,67,67,67,73,79,79,15,15,15,19,43,9,9,33,0],"gold":314,"neow_bonus":"THREE_ENEMY_KILL","is_prod":false,"is_daily":false,"chose_seed":false,"campfire_upgraded":1,"win_rate":0,"timestamp":1557284611,"path_taken":["M","?","?","?","?","E","R","E","T","?","M","R","E","?","R","BOSS"],"build_version":"2019-01-23","purchased_purges":0,"victory":false,"max_hp_per_floor":[80,80,80,80,80,80,80,82,82,82,82,82,82,82,82,82],"card_choices":[{"not_picked":["Rupture","Havoc"],"picked":"Thunderclap","floor":1},{"not_picked":["Warcry","Clash","Iron Wave"],"picked":"SKIP","floor":5},{"not_picked":["Corruption","Fire Breathing"],"picked":"True Grit","floor":6},{"not_picked":["Carnage","Body Slam","Flex"],"picked":"Singing Bowl","floor":8},{"not_picked":["Sword Boomerang","Warcry"],"picked":"Infernal Blade","floor":11},{"not_picked":["Disarm","Anger"],"picked":"Reaper","floor":13}],"player_experience":391185,"relics_obtained":[{"floor":6,"key":"Singing Bowl"},{"floor":8,"key":"Darkstone Periapt"},{"floor":9,"key":"Bottled Lightning"},{"floor":13,"key":"Champion Belt"}],"event_choices":[{"damage_healed":0,"gold_gain":75,"player_choice":"Gather Gold","damage_taken":11,"max_hp_gain":0,"max_hp_loss":0,"event_name":"World of Goop","floor":2,"gold_loss":0},{"damage_healed":0,"gold_gain":0,"player_choice":"Grow","damage_taken":0,"max_hp_gain":0,"max_hp_loss":0,"event_name":"Living Wall","floor":3,"gold_loss":0,"cards_upgraded":["Bash"]},{"damage_healed":0,"gold_gain":0,"player_choice":"Trade","damage_taken":0,"relics_obtained":["GremlinMask"],"max_hp_gain":0,"max_hp_loss":0,"event_name":"FaceTrader","floor":4,"gold_loss":0},{"damage_healed":0,"gold_gain":0,"player_choice":"Searched \u00271\u0027 times","damage_taken":0,"relics_obtained":["Dead Branch"],"max_hp_gain":0,"max_hp_loss":0,"event_name":"Dead Adventurer","floor":10,"gold_loss":0},{"damage_healed":0,"gold_gain":0,"player_choice":"Ignored","damage_taken":0,"max_hp_gain":0,"max_hp_loss":0,"event_name":"Shining Light","floor":14,"gold_loss":0}],"is_beta":false,"boss_relics":[],"items_purged_floors":[],"is_endless":false,"potions_floor_spawned":[1,11,13],"killed_by":"Hexaghost","ascension_level":10}