{"gold_per_floor":[118,133,133,58,78,78,104,104,104,104,118,18,18,18,18,18],"floor_reached":16,"playtime":300,"items_purged":["Strike_R","Defend_R"],"score":98,"play_id":"78f7325c-3063-493e-94b3-5ca44cb670b4","local_time":"20190807223930","is_ascension_mode":false,"campfire_choices":[{"data":"Bash","floor":6,"key":"SMITH"},{"data":"Strike_R","floor":10,"key":"SMITH"},{"floor":13,"key":"REST"},{"data":"Defend_R","floor":15,"key":"SMITH"}],"neow_cost":"NONE","seed_source_timestamp":184527885565344,"circlet_count":0,"master_deck":["Strike_R","Strike_R","Strike_R+1","Defend_R","Defend_R+1","Defend_R","Bash+1","True Grit+1"],"relics":["Burning Blood","Vajra","Pear","Omamori","Golden Idol"],"potions_floor_usage":[16,16],"damage_taken":[{"damage":8,"enemies":"2 Louse","floor":1,"turns":2},{"damage":3,"enemies":"Cultist","floor":2,"turns":4},{"damage":8,"enemies":"Jaw Worm","floor":5,"turns":4},{"damage":28,"enemies":"Gremlin Nob","floor":7,"turns":5},{"damage":18,"enemies":"Large Slime","floor":11,"turns":4},{"damage":99,"enemies":"Slime Boss","floor":16,"turns":10}],"seed_played":"-6920768394399741666","potions_obtained":[{"floor":2,"key":"SkillPotion"},{"floor":5,"key":"Regen Potion"},{"floor":11,"key":"Ancient Potion"}],"is_trial":false,"path_per_floor":["M","M","?","$","M","R","E","?","T","R","M","$","R","?","R","B"],"character_chosen":"IRONCLAD","items_purchased":[],"campfire_rested":1,"item_purchase_floors":[],"current_hp_per_floor":[78,80,80,80,78,78,66,59,59,59,47,47,74,74,74,0],"gold":18,"neow_bonus":"RANDOM_COMMON_RELIC","is_prod":false,"is_daily":false,"chose_seed":false,"campfire_upgraded":3,"win_rate":0,"timestamp":1565231970,"path_taken":["M","M","?","$","?","R","E","?","T","R","M","$","R","?","R","BOSS"],"build_version":"2019-07-17","purchased_purges":2,"victory":false,"max_hp_per_floor":[80,80,80,80,80,80,90,90,90,90,90,90,90,83,83,83],"card_choices":[{"not_picked":["Wild Strike","Headbutt"],"picked":"True Grit","floor":1},{"not_picked":["Sword Boomerang","Havoc","Entrench"],"picked":"SKIP","floor":2},{"not_picked":["Headbutt","Sword Boomerang","True Grit"],"picked":"SKIP","floor":5},{"not_picked":["Intimidate","Clothesline","Flame Barrier"],"picked":"SKIP","floor":7},{"not_picked":["Evolve","Rage","Burning Pact"],"picked":"SKIP","floor":11}],"player_experience":762156,"relics_obtained":[{"floor":7,"key":"Pear"},{"floor":9,"key":"Omamori"}],"event_choices":[{"damage_healed":0,"gold_gain":0,"player_choice":"Upgraded","damage_taken":0,"max_hp_gain":0,"max_hp_loss":0,"event_name":"Upgrade Shrine","floor":3,"gold_loss":0,"cards_upgraded":["True Grit"]},{"cards_removed":["Strike_R"],"damage_healed":0,"gold_gain":0,"player_choice":"Card Removal","damage_taken":7,"max_hp_gain":0,"max_hp_loss":0,"event_name":"Golden Wing","floor":8,"gold_loss":0},{"damage_healed":0,"gold_gain":0,"player_choice":"Lose Max HP","damage_taken":0,"relics_obtained":["Golden Idol"],"max_hp_gain":0,"max_hp_loss":7,"event_name":"Golden Idol","floor":14,"gold_loss":0}],"is_beta":false,"boss_relics":[],"items_purged_floors":[4,12],"is_endless":false,"potions_floor_spawned":[2,5,11],"killed_by":"Slime Boss","ascension_level":0}