{"gold_per_floor":[118,118,118,43,60,60,3,3,3,29,29,41,41,4,4,78,78,98,98,98,113,13,40,40],"floor_reached":24,"playtime":854,"items_purged":["Pain","Strike_G"],"score":420,"play_id":"8995ae74-51c5-4004-8b25-c3ea45012a28","local_time":"20190817133006","is_ascension_mode":true,"campfire_choices":[{"floor":6.0,"key":"REST"},{"data":"Burst","floor":8.0,"key":"SMITH"},{"data":"Deadly Poison","floor":11.0,"key":"SMITH"},{"data":"Crippling Poison","floor":13.0,"key":"SMITH"},{"data":"Bouncing Flask","floor":15.0,"key":"SMITH"}],"neow_cost":"CURSE","seed_source_timestamp":39967657266400,"circlet_count":0,"master_deck":["AscendersBane","Strike_G","Strike_G","Strike_G","Strike_G","Defend_G","Defend_G","Defend_G+1","Defend_G","Defend_G+1","Survivor","Neutralize","Burst+1","Predator","Deadly Poison+1","Bane","Dagger Throw","Crippling Poison+1","Bouncing Flask+1","Adrenaline","Blur","PiercingWail+1","Blur"],"special_seed":0,"relics":["Ring of the Snake","Lantern","Nunchaku","Letter Opener","Black Star","WingedGreaves","Unceasing Top"],"potions_floor_usage":[24],"damage_taken":[{"damage":5.0,"enemies":"2 Louse","floor":1.0,"turns":4.0},{"damage":0.0,"enemies":"Small Slimes","floor":5.0,"turns":3.0},{"damage":8.0,"enemies":"Gremlin Nob","floor":10.0,"turns":3.0},{"damage":0.0,"enemies":"Cultist","floor":12.0,"turns":3.0},{"damage":20.0,"enemies":"Hexaghost","floor":16.0,"turns":8.0},{"damage":0.0,"enemies":"Spheric Guardian","floor":18.0,"turns":3.0},{"damage":22.0,"enemies":"2 Thieves","floor":21.0,"turns":3.0},{"damage":26.0,"enemies":"Book of Stabbing","floor":23.0,"turns":5.0},{"damage":0,"enemies":"Snecko","floor":24,"turns":3}],"seed_played":"-4981125588541079938","potions_obtained":[{"floor":5.0,"key":"Swift Potion"},{"floor":12.0,"key":"Block Potion"},{"floor":19.0,"key":"Strength Potion"},{"floor":19.0,"key":"Strength Potion"},{"floor":23.0,"key":"PowerPotion"}],"is_trial":false,"path_per_floor":["M","?","?","$","M","R","$","R","T","E","R","M","R","$","R","B",null,"M","?","$","M","$","E","M"],"character_chosen":"THE_SILENT","items_purchased":["Bane","Bouncing Flask"],"campfire_rested":1,"item_purchase_floors":[7,14],"current_hp_per_floor":[54,34,23,23,23,42,42,42,42,34,34,34,34,34,34,14,53,53,53,53,31,31,5,5],"gold":40,"neow_bonus":"THREE_RARE_CARDS","is_prod":false,"is_daily":false,"chose_seed":false,"campfire_upgraded":4,"win_rate":0,"timestamp":1566041406,"path_taken":["M","?","?","$","M","R","$","R","T","E","R","M","R","$","R","BOSS","M","?","?","?","$","E","M"],"build_version":"2019-07-17","purchased_purges":2,"victory":false,"max_hp_per_floor":[66,66,66,66,66,66,66,66,66,66,66,66,66,66,66,66,66,66,66,66,66,66,66,66],"card_choices":[{"not_picked":["Doppelganger","Envenom"],"picked":"Burst","floor":0.0},{"not_picked":["Dagger Throw","Deflect"],"picked":"Predator","floor":1.0},{"not_picked":["Deflect","Underhanded Strike"],"picked":"Deadly Poison","floor":5.0},{"not_picked":["Slice","Heel Hook"],"picked":"Dagger Throw","floor":10.0},{"not_picked":["Blade Dance","Slice"],"picked":"Crippling Poison","floor":12.0},{"not_picked":["Bullet Time","Envenom"],"picked":"Adrenaline","floor":16.0},{"not_picked":["Deflect+1","Masterful Stab"],"picked":"Blur","floor":18.0},{"not_picked":["Deadly Poison","Sucker Punch"],"picked":"PiercingWail+1","floor":21.0},{"not_picked":["Cloak And Dagger","Outmaneuver"],"picked":"Blur","floor":23.0}],"player_experience":1083128,"relics_obtained":[{"floor":9.0,"key":"Nunchaku"},{"floor":10.0,"key":"Letter Opener"},{"floor":23.0,"key":"WingedGreaves"},{"floor":23.0,"key":"Unceasing Top"}],"event_choices":[{"damage_healed":0.0,"max_hp_gain":0.0,"max_hp_loss":0.0,"gold_gain":0.0,"event_name":"Shining Light","player_choice":"Entered Light","floor":2.0,"gold_loss":0.0,"damage_taken":20.0,"cards_upgraded":["Defend_G","Defend_G"]},{"damage_healed":0.0,"max_hp_gain":0.0,"max_hp_loss":0.0,"gold_gain":0.0,"event_name":"Scrap Ooze","player_choice":"Success","floor":3.0,"gold_loss":0.0,"damage_taken":11.0,"relics_obtained":["Lantern"]},{"damage_healed":0.0,"max_hp_gain":0.0,"max_hp_loss":0.0,"gold_gain":0.0,"event_name":"Lab","player_choice":"Got Potions","floor":19.0,"gold_loss":0.0,"damage_taken":0.0}],"is_beta":false,"boss_relics":[{"not_picked":["Velvet Choker","Snecko Eye"],"picked":"Black Star"}],"items_purged_floors":[4,22],"is_endless":false,"potions_floor_spawned":[5,12,23],"killed_by":"Snecko","ascension_level":20}