{"gold_per_floor":[110,123,22,22,40,40,74,74,74,88,363,383,394,414,414,414],"floor_reached":16,"playtime":814,"items_purged":[],"score":120,"play_id":"d1832ce7-62a8-4ac4-9722-c87ff6bd575c","local_time":"20190726125314","is_ascension_mode":true,"campfire_choices":[{"data":"Bash","floor":6,"key":"SMITH"},{"data":"Flame Barrier","floor":8,"key":"SMITH"},{"floor":15,"key":"REST"}],"neow_cost":"NONE","seed_source_timestamp":258363955545511,"circlet_count":0,"master_deck":["Strike_R","Strike_R","Strike_R","Strike_R","Strike_R","Defend_R","Defend_R","Defend_R","Bash+1","Dropkick","Inflame","Inflame","Flame Barrier+1","Perfected Strike","Regret","Reaper","Corruption","Flame Barrier"],"relics":["Burning Blood","Question Card"],"potions_floor_usage":[1,3,7,7,10,10,10,10,12],"damage_taken":[{"damage":1,"enemies":"Cultist","floor":1,"turns":3},{"damage":6,"enemies":"2 Louse","floor":2,"turns":2},{"damage":0,"enemies":"Small Slimes","floor":5,"turns":3},{"damage":43,"enemies":"3 Sentries","floor":7,"turns":6},{"damage":22,"enemies":"Gremlin Gang","floor":10,"turns":4},{"damage":0,"enemies":"3 Louse","floor":12,"turns":1},{"damage":24,"enemies":"Lots of Slimes","floor":13,"turns":4},{"damage":9,"enemies":"Large Slime","floor":14,"turns":3},{"damage":77,"enemies":"Slime Boss","floor":16,"turns":11}],"seed_played":"1298545697425578889","potions_obtained":[{"floor":0,"key":"EntropicBrew"},{"floor":0,"key":"AttackPotion"},{"floor":0,"key":"LiquidBronze"},{"floor":1,"key":"Poison Potion"},{"floor":5,"key":"AttackPotion"},{"floor":10,"key":"AttackPotion"}],"is_trial":false,"path_per_floor":["M","M","$","?","M","R","E","R","T","M","?","M","M","M","R","B"],"character_chosen":"IRONCLAD","items_purchased":["Fruit Juice"],"campfire_rested":1,"item_purchase_floors":[3],"current_hp_per_floor":[80,80,85,78,84,84,47,47,47,31,31,37,39,36,61,0],"gold":414,"neow_bonus":"THREE_SMALL_POTIONS","is_prod":false,"is_daily":false,"chose_seed":false,"campfire_upgraded":2,"win_rate":0,"timestamp":1564163594,"path_taken":["M","M","?","?","M","R","E","R","T","M","?","M","?","?","R","BOSS"],"build_version":"2019-07-17","purchased_purges":0,"victory":false,"max_hp_per_floor":[80,80,85,85,85,85,85,85,85,85,85,85,85,85,85,85],"card_choices":[{"not_picked":["Shrug It Off","Dual Wield"],"picked":"Dropkick","floor":1},{"not_picked":["Sword Boomerang","Reckless Charge"],"picked":"Inflame","floor":2},{"not_picked":["Body Slam","True Grit"],"picked":"Inflame","floor":5},{"not_picked":["Feel No Pain","Havoc"],"picked":"Flame Barrier","floor":7},{"not_picked":["Ghostly Armor","Inflame","True Grit"],"picked":"Perfected Strike","floor":10},{"not_picked":["Carnage","Uppercut","Perfected Strike"],"picked":"Reaper","floor":12},{"not_picked":["True Grit","Body Slam","Anger"],"picked":"Corruption","floor":13},{"not_picked":["Thunderclap","Sword Boomerang","Cleave"],"picked":"Flame Barrier","floor":14}],"player_experience":105655,"relics_obtained":[{"floor":7,"key":"Question Card"}],"event_choices":[{"cards_removed":["Defend_R"],"damage_healed":0,"gold_gain":0,"player_choice":"Card Removal","damage_taken":7,"max_hp_gain":0,"max_hp_loss":0,"event_name":"Golden Wing","floor":4,"gold_loss":0},{"damage_healed":0,"gold_gain":275,"player_choice":"Desecrate","damage_taken":0,"max_hp_gain":0,"max_hp_loss":0,"event_name":"Golden Shrine","floor":11,"gold_loss":0,"cards_obtained":["Regret"]}],"is_beta":false,"boss_relics":[],"items_purged_floors":[],"is_endless":false,"potions_floor_spawned":[1,5,10],"killed_by":"Slime Boss","ascension_level":3}