{"gold_per_floor":[115,115,115,40,50,78,95,95,95,121,138,138,195,223,223,223],"floor_reached":16,"playtime":553,"items_purged":["Defend_G"],"score":160,"play_id":"5e3c9f46-c4ce-412d-8104-81fbabb95c78","local_time":"20190605175727","is_ascension_mode":true,"campfire_choices":[{"data":"Blade Dance","floor":8,"key":"SMITH"},{"floor":12,"key":"REST"},{"data":"Blade Dance","floor":15,"key":"SMITH"}],"neow_cost":"NONE","seed_source_timestamp":94183074477225,"circlet_count":0,"master_deck":["Defend_G","Defend_G","Defend_G","Defend_G+1","Strike_G","Strike_G+1","Strike_G","Strike_G","Survivor","Neutralize","Blade Dance+1","Quick Slash","Blade Dance+1","Dagger Throw+1","Quick Slash+1","Predator+1","Flying Knee+1"],"relics":["Ring of the Snake","NeowsBlessing","Molten Egg 2","Mummified Hand","PreservedInsect","Strawberry","Odd Mushroom"],"potions_floor_usage":[14,14,16],"damage_taken":[{"damage":0,"enemies":"Small Slimes","floor":1,"turns":1},{"damage":0,"enemies":"Jaw Worm","floor":5,"turns":1},{"damage":0,"enemies":"Lagavulin","floor":6,"turns":1},{"damage":0,"enemies":"Cultist","floor":7,"turns":3},{"damage":36,"enemies":"Gremlin Nob","floor":10,"turns":4},{"damage":2,"enemies":"2 Fungi Beasts","floor":11,"turns":3},{"damage":20,"enemies":"Lagavulin Event","floor":13,"turns":3},{"damage":10,"enemies":"The Mushroom Lair","floor":14,"turns":5},{"damage":29,"enemies":"The Guardian","floor":16,"turns":8}],"seed_played":"7645798976529519915","potions_obtained":[{"floor":7,"key":"EssenceOfSteel"},{"floor":13,"key":"Regen Potion"},{"floor":14,"key":"SkillPotion"}],"is_trial":false,"path_per_floor":["M","?","?","$","M","E","M","R","T","E","M","R","?","?","R","B"],"character_chosen":"THE_SILENT","items_purchased":[],"campfire_rested":1,"item_purchase_floors":[],"current_hp_per_floor":[70,56,56,56,56,56,56,56,56,20,18,39,26,28,28,0],"gold":223,"neow_bonus":"THREE_ENEMY_KILL","is_prod":false,"is_daily":false,"chose_seed":false,"campfire_upgraded":2,"win_rate":0,"timestamp":1559775447,"path_taken":["M","?","?","$","M","E","?","R","T","E","M","R","?","?","R","BOSS"],"build_version":"2019-01-23","purchased_purges":1,"victory":false,"max_hp_per_floor":[70,70,70,70,70,70,70,70,70,70,70,70,77,77,77,77],"card_choices":[{"not_picked":["Poisoned Stab","Cloak And Dagger"],"picked":"Blade Dance","floor":1},{"not_picked":["Deflect","Well Laid Plans"],"picked":"Quick Slash","floor":5},{"not_picked":["Expertise","Slice"],"picked":"Blade Dance","floor":6},{"not_picked":["Slice+1","Poisoned Stab+1"],"picked":"Dagger Throw+1","floor":7},{"not_picked":["Masterful Stab+1","Tactician"],"picked":"Quick Slash+1","floor":10},{"not_picked":["Sucker Punch+1","Bane+1"],"picked":"Predator+1","floor":11},{"not_picked":["Skewer+1","Slice+1"],"picked":"Flying Knee+1","floor":13}],"player_experience":98246,"relics_obtained":[{"floor":6,"key":"Molten Egg 2"},{"floor":9,"key":"Mummified Hand"},{"floor":10,"key":"PreservedInsect"},{"floor":13,"key":"Strawberry"},{"floor":14,"key":"Odd Mushroom"}],"event_choices":[{"damage_healed":0,"gold_gain":0,"player_choice":"Entered Light","damage_taken":14,"max_hp_gain":0,"max_hp_loss":0,"event_name":"Shining Light","floor":2,"gold_loss":0,"cards_upgraded":["Strike_G","Defend_G"]},{"cards_removed":["Strike_G"],"damage_healed":0,"gold_gain":0,"player_choice":"Purged","damage_taken":0,"max_hp_gain":0,"max_hp_loss":0,"event_name":"Purifier","floor":3,"gold_loss":0},{"damage_healed":0,"gold_gain":0,"player_choice":"Searched \u00272\u0027 times","damage_taken":0,"max_hp_gain":0,"max_hp_loss":0,"event_name":"Dead Adventurer","floor":13,"gold_loss":0},{"damage_healed":0,"gold_gain":0,"player_choice":"Fought Mushrooms","damage_taken":0,"max_hp_gain":0,"max_hp_loss":0,"event_name":"Mushrooms","floor":14,"gold_loss":0}],"is_beta":false,"boss_relics":[],"items_purged_floors":[4],"is_endless":false,"potions_floor_spawned":[7,13,14],"killed_by":"The Guardian","ascension_level":4}