{"gold_per_floor":[118,128,78,90,108,108,135,58,127,153,153,228,228,242,242,242],"floor_reached":16,"playtime":477,"items_purged":[],"score":196,"play_id":"4e895e5c-8c4e-434c-8528-f0eff3339dd8","local_time":"20190622115612","is_ascension_mode":true,"campfire_choices":[{"data":"Infernal Blade","floor":6,"key":"SMITH"},{"floor":13,"key":"REST"},{"data":"Dual Wield","floor":15,"key":"SMITH"}],"neow_cost":"NONE","seed_source_timestamp":142631677558881,"circlet_count":0,"master_deck":["Strike_R","Strike_R","Strike_R","Strike_R","Defend_R","Defend_R","Defend_R","Defend_R","Bash","Infernal Blade+1","Rampage","Hemokinesis","True Grit","Feel No Pain","Bludgeon+1","Dual Wield+1"],"relics":["Burning Blood","FossilizedHelix","Molten Egg 2","Anchor"],"potions_floor_usage":[7,10],"damage_taken":[{"damage":15,"enemies":"2 Louse","floor":1,"turns":2},{"damage":15,"enemies":"Small Slimes","floor":2,"turns":4},{"damage":9,"enemies":"Jaw Worm","floor":4,"turns":3},{"damage":5,"enemies":"3 Louse","floor":5,"turns":4},{"damage":39,"enemies":"3 Sentries","floor":7,"turns":7},{"damage":0,"enemies":"Gremlin Nob","floor":10,"turns":2},{"damage":8,"enemies":"Lots of Slimes","floor":14,"turns":5},{"damage":43,"enemies":"Hexaghost","floor":16,"turns":7}],"seed_played":"-1345335951107936140","potions_obtained":[{"floor":1,"key":"Swift Potion"},{"floor":7,"key":"AttackPotion"},{"floor":14,"key":"Explosive Potion"}],"is_trial":false,"path_per_floor":["M","M","?","M","M","R","E","$","T","E","?","?","R","M","R","B"],"character_chosen":"IRONCLAD","items_purchased":["Feel No Pain"],"campfire_rested":1,"item_purchase_floors":[8],"current_hp_per_floor":[63,54,54,51,52,52,19,19,19,25,25,14,38,36,36,0],"gold":242,"neow_bonus":"THREE_CARDS","is_prod":false,"is_daily":false,"chose_seed":false,"campfire_upgraded":2,"win_rate":0,"timestamp":1561222572,"path_taken":["M","M","?","M","M","R","E","$","T","E","?","?","R","M","R","BOSS"],"build_version":"2019-01-23","purchased_purges":0,"victory":false,"max_hp_per_floor":[80,80,80,80,80,80,80,80,80,80,80,80,80,80,80,80],"card_choices":[{"not_picked":["Body Slam","Shrug It Off"],"picked":"Infernal Blade","floor":0},{"not_picked":["Body Slam","Iron Wave"],"picked":"Rampage","floor":1},{"not_picked":["Sever Soul","Heavy Blade"],"picked":"Hemokinesis","floor":2},{"not_picked":["Pummel","Perfected Strike","Hemokinesis"],"picked":"SKIP","floor":4},{"not_picked":["Twin Strike","Armaments","Evolve"],"picked":"SKIP","floor":5},{"not_picked":["Wild Strike","Hemokinesis"],"picked":"True Grit","floor":7},{"not_picked":["Infernal Blade","Cleave+1"],"picked":"Bludgeon+1","floor":10},{"not_picked":["Clash+1","Second Wind"],"picked":"Dual Wield","floor":14}],"player_experience":246245,"relics_obtained":[{"floor":7,"key":"FossilizedHelix"},{"floor":9,"key":"Molten Egg 2"},{"floor":10,"key":"Anchor"}],"event_choices":[{"cards_removed":["Strike_R"],"damage_healed":0,"gold_gain":0,"player_choice":"Card Removal","damage_taken":0,"max_hp_gain":0,"max_hp_loss":0,"event_name":"The Cleric","floor":3,"gold_loss":50},{"damage_healed":0,"gold_gain":0,"player_choice":"Ignored","damage_taken":0,"max_hp_gain":0,"max_hp_loss":0,"event_name":"Liars Game","floor":11,"gold_loss":0},{"damage_healed":0,"gold_gain":75,"player_choice":"Gather Gold","damage_taken":11,"max_hp_gain":0,"max_hp_loss":0,"event_name":"World of Goop","floor":12,"gold_loss":0}],"is_beta":false,"boss_relics":[],"items_purged_floors":[],"is_endless":false,"potions_floor_spawned":[1,7,14],"killed_by":"Hexaghost","ascension_level":9}