{"gold_per_floor":[110,126,201,126,144,177,177,191,245,257,283,283,312,20,20,94,94,106,106,118,118,132,165,180,199,199,224,224,251,351,36,36,115,115,125,75,0,16,26,59,59],"floor_reached":41,"playtime":1599,"items_purged":["Strike_R+1","Strike_R+1"],"score":973,"play_id":"098c7466-bbb3-4514-acc5-76e0ce75cea2","local_time":"20190817105714","is_ascension_mode":true,"campfire_choices":[{"data":"Clothesline","floor":7,"key":"SMITH"},{"data":"Metallicize","floor":15,"key":"SMITH"},{"data":"Immolate","floor":28,"key":"SMITH"},{"data":"Feed","floor":32,"key":"SMITH"}],"neow_cost":"NONE","seed_source_timestamp":146021228120054,"circlet_count":0,"master_deck":["AscendersBane","Defend_R+1","Defend_R+1","Defend_R+1","Defend_R+1","Bash+1","Shrug It Off","Clothesline+1","Impervious","Metallicize+1","Fiend Fire+1","Shockwave","Immolate+1","Spot Weakness","Impervious","Feel No Pain","Feed+1","True Grit+1","Reaper","Juggernaut+1"],"relics":["Burning Blood","Anchor","The Courier","PreservedInsect","Potion Belt","Bag of Marbles","Boot","Centennial Puzzle","Happy Flower","Runic Pyramid","Red Skull","Frozen Egg 2","Smiling Mask","Whetstone","Bird Faced Urn","Shuriken","Incense Burner","Empty Cage","Red Mask","Juzu Bracelet"],"potions_floor_usage":[11,13,16,24,30,30,40],"damage_taken":[{"damage":2,"enemies":"2 Louse","floor":1,"turns":4},{"damage":0,"enemies":"Small Slimes","floor":2,"turns":4},{"damage":4,"enemies":"Jaw Worm","floor":5,"turns":5},{"damage":27,"enemies":"Gremlin Nob","floor":6,"turns":5},{"damage":0,"enemies":"Exordium Wildlife","floor":8,"turns":2},{"damage":1,"enemies":"Large Slime","floor":10,"turns":7},{"damage":7,"enemies":"Lagavulin","floor":11,"turns":6},{"damage":7,"enemies":"Gremlin Nob","floor":13,"turns":3},{"damage":28,"enemies":"The Guardian","floor":16,"turns":16},{"damage":0,"enemies":"Chosen","floor":18,"turns":3},{"damage":0,"enemies":"Spheric Guardian","floor":20,"turns":4},{"damage":0,"enemies":"Snake Plant","floor":22,"turns":3},{"damage":0,"enemies":"Book of Stabbing","floor":23,"turns":4},{"damage":7,"enemies":"Cultist and Chosen","floor":24,"turns":9},{"damage":0,"enemies":"Centurion and Healer","floor":25,"turns":5},{"damage":17,"enemies":"Gremlin Leader","floor":27,"turns":6},{"damage":31,"enemies":"Slavers","floor":29,"turns":4},{"damage":21,"enemies":"Colosseum Slavers","floor":30,"turns":4},{"damage":27,"enemies":"Colosseum Nobs","floor":30,"turns":4},{"damage":22,"enemies":"Collector","floor":33,"turns":10},{"damage":0,"enemies":"Orb Walker","floor":35,"turns":3},{"damage":0,"enemies":"3 Shapes","floor":38,"turns":3},{"damage":2,"enemies":"Jaw Worm Horde","floor":39,"turns":6},{"damage":102,"enemies":"Giant Head","floor":40,"turns":11},{"damage":15,"enemies":"3 Darklings","floor":41,"turns":2}],"seed_played":"-48631127838901616","potions_obtained":[{"floor":2,"key":"SpeedPotion"},{"floor":5,"key":"Poison Potion"},{"floor":6,"key":"Poison Potion"},{"floor":11,"key":"Ancient Potion"},{"floor":13,"key":"Dexterity Potion"},{"floor":18,"key":"AttackPotion"},{"floor":25,"key":"BloodPotion"},{"floor":29,"key":"Strength Potion"},{"floor":30,"key":"Explosive Potion"},{"floor":38,"key":"FairyPotion"},{"floor":40,"key":"EssenceOfSteel"}],"is_trial":false,"path_per_floor":["M","M","?","?","M","E","R","M","T","M","E","?","E","$","R","B",null,"M","?","M","?","M","E","M","M","T","E","R","E","?","$","R","B",null,"M","$","?","M","M","E","M"],"character_chosen":"IRONCLAD","items_purchased":["Centennial Puzzle","Happy Flower","Shockwave","Incense Burner"],"campfire_rested":0,"item_purchase_floors":[14,14,14,31],"current_hp_per_floor":[72,75,64,64,66,45,45,51,51,56,55,37,36,36,36,14,60,66,66,72,72,75,75,74,75,75,64,64,42,32,32,32,20,68,74,74,74,86,92,15,0],"gold":59,"neow_bonus":"RANDOM_COMMON_RELIC","is_prod":false,"is_daily":false,"chose_seed":false,"campfire_upgraded":4,"win_rate":0,"timestamp":1566053834,"path_taken":["M","M","?","?","M","E","R","M","T","M","E","?","E","?","R","BOSS","M","?","M","?","M","E","M","M","T","E","R","E","?","$","R","BOSS","M","$","?","M","M","E","M"],"build_version":"2019-07-17","purchased_purges":2,"victory":false,"max_hp_per_floor":[75,75,75,75,75,75,75,75,75,75,75,75,75,75,75,75,75,75,75,75,75,75,75,75,75,75,75,75,78,84,84,84,84,84,84,84,84,88,92,92,92],"card_choices":[{"not_picked":["Cleave","Heavy Blade"],"picked":"Shrug It Off","floor":1},{"not_picked":["Headbutt","Ghostly Armor","Flex"],"picked":"SKIP","floor":2},{"not_picked":["Thunderclap","Carnage"],"picked":"Clothesline","floor":5},{"not_picked":["Barricade","Corruption"],"picked":"Impervious","floor":6},{"not_picked":["Sword Boomerang","Entrench"],"picked":"Metallicize","floor":8},{"not_picked":["Perfected Strike","Blood for Blood","Body Slam"],"picked":"SKIP","floor":10},{"not_picked":["Power Through","Second Wind","Sentinel"],"picked":"SKIP","floor":11},{"not_picked":["Rage","True Grit"],"picked":"Fiend Fire","floor":13},{"not_picked":["Berserk","Offering"],"picked":"Immolate","floor":16},{"not_picked":["Clothesline","Wild Strike","Twin Strike"],"picked":"SKIP","floor":18},{"not_picked":["Thunderclap","Perfected Strike"],"picked":"Impervious","floor":20},{"not_picked":["Heavy Blade","Power Through","Warcry"],"picked":"SKIP","floor":22},{"not_picked":["Dropkick","Sword Boomerang"],"picked":"Feel No Pain","floor":23},{"not_picked":["Heavy Blade","Armaments","Pummel"],"picked":"SKIP","floor":24},{"not_picked":["Sword Boomerang+1","Havoc"],"picked":"Feed","floor":25},{"not_picked":["Rage","Clash","Shockwave"],"picked":"SKIP","floor":27},{"not_picked":["Sever Soul","Rage","Clash"],"picked":"SKIP","floor":29},{"not_picked":["Dropkick","Anger"],"picked":"True Grit+1","floor":30},{"not_picked":["Berserk+1","Brutality+1"],"picked":"Reaper","floor":33},{"not_picked":["Clash+1","Sword Boomerang","Ghostly Armor"],"picked":"SKIP","floor":35},{"not_picked":["Armaments","Clash","Pommel Strike"],"picked":"SKIP","floor":38},{"not_picked":["Power Through","Pummel+1","Carnage"],"picked":"SKIP","floor":39},{"not_picked":["Perfected Strike","Anger"],"picked":"Juggernaut+1","floor":40}],"player_experience":780677,"relics_obtained":[{"floor":6,"key":"The Courier"},{"floor":9,"key":"PreservedInsect"},{"floor":11,"key":"Potion Belt"},{"floor":13,"key":"Boot"},{"floor":23,"key":"Red Skull"},{"floor":26,"key":"Frozen Egg 2"},{"floor":27,"key":"Smiling Mask"},{"floor":29,"key":"Whetstone"},{"floor":30,"key":"Bird Faced Urn"},{"floor":30,"key":"Shuriken"},{"floor":40,"key":"Juzu Bracelet"}],"event_choices":[{"damage_healed":0,"gold_gain":75,"player_choice":"Gather Gold","damage_taken":11,"max_hp_gain":0,"max_hp_loss":0,"event_name":"World of Goop","floor":3,"gold_loss":0},{"cards_removed":["Strike_R"],"damage_healed":0,"gold_gain":0,"player_choice":"Card Removal","damage_taken":0,"max_hp_gain":0,"max_hp_loss":0,"event_name":"The Cleric","floor":4,"gold_loss":75},{"damage_healed":0,"gold_gain":0,"player_choice":"Success","damage_taken":18,"relics_obtained":["Bag of Marbles"],"max_hp_gain":0,"max_hp_loss":0,"event_name":"Scrap Ooze","floor":12,"gold_loss":0},{"damage_healed":0,"gold_gain":0,"player_choice":"Read","damage_taken":0,"max_hp_gain":0,"max_hp_loss":0,"event_name":"The Library","floor":19,"gold_loss":0,"cards_obtained":["Spot Weakness"]},{"damage_healed":0,"gold_gain":0,"player_choice":"Simplicity","damage_taken":0,"max_hp_gain":0,"max_hp_loss":0,"event_name":"Back to Basics","floor":21,"gold_loss":0,"cards_upgraded":["Strike_R","Strike_R","Strike_R","Strike_R","Defend_R","Defend_R","Defend_R","Defend_R"]},{"damage_healed":0,"gold_gain":0,"player_choice":"Fight","damage_taken":0,"max_hp_gain":0,"max_hp_loss":0,"event_name":"Colosseum","floor":30,"gold_loss":0},{"damage_healed":0,"gold_gain":0,"player_choice":"Fought Nobs","damage_taken":0,"max_hp_gain":0,"max_hp_loss":0,"event_name":"Colosseum","floor":30,"gold_loss":0},{"damage_healed":0,"gold_gain":0,"player_choice":"Paid","damage_taken":0,"relics_obtained":["Red Mask"],"max_hp_gain":0,"max_hp_loss":0,"event_name":"Tomb of Lord Red Mask","floor":37,"gold_loss":75}],"is_beta":false,"boss_relics":[{"not_picked":["Calling Bell","Pandora\u0027s Box"],"picked":"Runic Pyramid"},{"not_picked":["Runic Cube","Black Star"],"picked":"Empty Cage"}],"items_purged_floors":[31,36],"is_endless":false,"potions_floor_spawned":[2,5,6,11,13,18,25,29,30,30,38,40],"killed_by":"3 Darklings","ascension_level":17}