{"gold_per_floor":[99,79,79,79,79,79,79,79,79,79,79,79,79,79,79,79,79,79,4,4,4,4,4,4,4,4,4,4,4,4,4,4,4,4,4,4,4,4,4,4,4,4,4,4,4,4,4,4,4,4,4,4,4,4,4,4],"floor_reached":57,"playtime":3655,"items_purged":["Perfected Strike"],"score":2998,"play_id":"Baalorlord-36ba0fc4","local_time":"20190611155607","is_ascension_mode":true,"campfire_choices":[{"data":"Searing Blow","floor":7,"key":"SMITH"},{"data":"Searing Blow+1","floor":12,"key":"SMITH"},{"data":"Searing Blow+2","floor":15,"key":"SMITH"},{"data":"Searing Blow+3","floor":23,"key":"SMITH"},{"data":"Searing Blow+4","floor":25,"key":"SMITH"},{"data":"Searing Blow+5","floor":27,"key":"SMITH"},{"data":"Searing Blow+6","floor":32,"key":"SMITH"},{"data":"Searing Blow+7","floor":45,"key":"SMITH"},{"floor":49,"key":"RECALL"},{"data":"Searing Blow+8","floor":53,"key":"SMITH"}],"neow_cost":"NONE","seed_source_timestamp":196216773612400,"circlet_count":0,"master_deck":["AscendersBane","Bash","Headbutt","Searing Blow+9","Armaments","Immolate","Shrug It Off+1","Shockwave","Feel No Pain","Pommel Strike","Armaments","Headbutt","Bludgeon","Bloodletting","Brutality","Seeing Red","Pummel","Disarm","Ghostly Armor","Shrug It Off+1","Offering","Feel No Pain","Disarm","Dual Wield+1","Headbutt","Shrug It Off+1","Impervious"],"relics":["Ectoplasm","Bag of Marbles","Omamori","Boot","Pear","Centennial Puzzle","Pandora\u0027s Box","Self Forming Clay","Meat on the Bone","Red Mask","Matryoshka","Coffee Dripper","Vajra","Peace Pipe","PreservedInsect","WarpedTongs","Orichalcum"],"potions_floor_usage":[6,6,16,18,24,29,35,40,56,56],"damage_taken":[{"damage":2,"enemies":"Jaw Worm","floor":1,"turns":3},{"damage":1,"enemies":"Cultist","floor":3,"turns":3},{"damage":0,"enemies":"2 Louse","floor":5,"turns":1},{"damage":23,"enemies":"Gremlin Nob","floor":6,"turns":4},{"damage":5,"enemies":"3 Sentries","floor":8,"turns":4},{"damage":0,"enemies":"Large Slime","floor":10,"turns":3},{"damage":0,"enemies":"Gremlin Nob","floor":13,"turns":2},{"damage":0,"enemies":"Exordium Wildlife","floor":14,"turns":1},{"damage":0,"enemies":"Slime Boss","floor":16,"turns":5},{"damage":0,"enemies":"3 Byrds","floor":18,"turns":5},{"damage":1,"enemies":"Chosen","floor":21,"turns":2},{"damage":18,"enemies":"Slavers","floor":24,"turns":4},{"damage":0,"enemies":"Masked Bandits","floor":28,"turns":2},{"damage":0,"enemies":"Book of Stabbing","floor":29,"turns":3},{"damage":0,"enemies":"Snake Plant","floor":30,"turns":1},{"damage":3,"enemies":"3 Cultists","floor":31,"turns":3},{"damage":27,"enemies":"Champ","floor":33,"turns":7},{"damage":3,"enemies":"3 Darklings","floor":35,"turns":2},{"damage":8,"enemies":"Orb Walker","floor":36,"turns":4},{"damage":0,"enemies":"Sphere and 2 Shapes","floor":37,"turns":3},{"damage":7,"enemies":"Maw","floor":38,"turns":5},{"damage":8,"enemies":"Giant Head","floor":40,"turns":6},{"damage":5,"enemies":"Transient","floor":41,"turns":6},{"damage":31,"enemies":"Reptomancer","floor":42,"turns":5},{"damage":2,"enemies":"3 Darklings","floor":44,"turns":4},{"damage":6,"enemies":"Writhing Mass","floor":46,"turns":1},{"damage":2,"enemies":"4 Shapes","floor":48,"turns":2},{"damage":23,"enemies":"Time Eater","floor":50,"turns":6},{"damage":25,"enemies":"Donu and Deca","floor":51,"turns":5},{"damage":8,"enemies":"Shield and Spear","floor":55,"turns":3},{"damage":59,"enemies":"The Heart","floor":56,"turns":8}],"seed_played":"3087287932361947596","potions_obtained":[{"floor":2,"key":"SpeedPotion"},{"floor":3,"key":"Energy Potion"},{"floor":10,"key":"EssenceOfSteel"},{"floor":13,"key":"Fire Potion"},{"floor":16,"key":"Regen Potion"},{"floor":18,"key":"Ancient Potion"},{"floor":24,"key":"Strength Potion"},{"floor":30,"key":"Fire Potion"},{"floor":37,"key":"Dexterity Potion"},{"floor":38,"key":"AttackPotion"},{"floor":40,"key":"Weak Potion"}],"is_trial":false,"path_per_floor":["M","?","M","T","M","E","R","E","T","M","?","R","E","M","R","B",null,"M","$","?","M","$","R","E","R","T","R","?","E","M","M","R","B",null,"M","M","M","M","$","E","M","E","T","M","R","M","?","M","R","B","B",null,"R","$","E","B",null],"character_chosen":"IRONCLAD","items_purchased":[],"campfire_rested":0,"item_purchase_floors":[],"current_hp_per_floor":[66,66,65,65,65,42,42,37,47,47,21,21,21,21,21,21,69,83,83,83,82,82,82,64,64,64,64,64,64,64,61,61,46,75,72,64,64,57,57,49,44,25,25,35,35,41,41,51,51,40,27,71,71,71,63,16],"gold":4,"neow_bonus":"BOSS_RELIC","is_prod":false,"is_daily":false,"chose_seed":false,"campfire_upgraded":9,"win_rate":0,"timestamp":1560282967,"path_taken":["M","?","?","?","M","E","R","E","T","M","?","R","E","M","R","BOSS","M","$","?","M","$","R","E","R","T","R","?","E","M","?","R","BOSS","M","?","M","M","?","E","M","E","T","M","R","M","?","?","R","BOSS","BOSS","R","$","E","BOSS"],"build_version":"2019-01-23","purchased_purges":1,"victory":true,"max_hp_per_floor":[75,75,75,75,75,75,75,75,85,85,85,85,85,85,85,85,85,85,85,85,85,85,85,85,85,85,85,85,85,85,85,85,85,85,85,85,85,85,85,85,85,85,85,85,85,85,85,85,85,85,85,85,85,85,85,85],"card_choices":[{"not_picked":["Rupture","Heavy Blade"],"picked":"Headbutt","floor":1},{"not_picked":["Thunderclap","Clash"],"picked":"Searing Blow","floor":3},{"not_picked":["Wild Strike","Spot Weakness"],"picked":"Armaments","floor":5},{"not_picked":["Flex","Sword Boomerang"],"picked":"Immolate","floor":6},{"not_picked":["Clash","Thunderclap"],"picked":"Shrug It Off","floor":8},{"not_picked":["Body Slam","Shrug It Off"],"picked":"Shockwave","floor":10},{"not_picked":["Dual Wield","True Grit","Blood for Blood"],"picked":"SKIP","floor":13},{"not_picked":["Shockwave","Heavy Blade"],"picked":"Feel No Pain","floor":14},{"not_picked":["Twin Strike","Seeing Red","Sword Boomerang"],"picked":"SKIP","floor":18},{"not_picked":["Clash","Headbutt"],"picked":"Disarm","floor":21},{"not_picked":["Thunderclap","Clothesline"],"picked":"Ghostly Armor","floor":24},{"not_picked":["Body Slam","Sever Soul"],"picked":"Shrug It Off+1","floor":29},{"not_picked":["Inflame","Havoc","Clash"],"picked":"SKIP","floor":30},{"not_picked":["Fire Breathing","Shrug It Off","Iron Wave"],"picked":"SKIP","floor":31},{"not_picked":["Berserk","Bludgeon"],"picked":"Offering","floor":33},{"not_picked":["Bloodletting","Iron Wave","Clash"],"picked":"SKIP","floor":35},{"not_picked":["Sentinel+1","Hemokinesis"],"picked":"Feel No Pain","floor":36},{"not_picked":["Sword Boomerang","Clothesline"],"picked":"Disarm","floor":37},{"not_picked":["Anger","Intimidate","Clash"],"picked":"SKIP","floor":38},{"not_picked":["Immolate","Blood for Blood","Iron Wave"],"picked":"SKIP","floor":40},{"not_picked":["Heavy Blade","Havoc+1","Anger"],"picked":"SKIP","floor":41},{"not_picked":["Wild Strike","Ghostly Armor+1"],"picked":"Dual Wield+1","floor":42},{"not_picked":["Sword Boomerang","Wild Strike"],"picked":"Headbutt","floor":44},{"not_picked":["Metallicize","True Grit","Havoc"],"picked":"SKIP","floor":46},{"not_picked":["Perfected Strike+1","Anger"],"picked":"Shrug It Off+1","floor":48},{"not_picked":["Wild Strike","Bloodletting+1"],"picked":"Impervious","floor":55}],"player_experience":2102153,"relics_obtained":[{"floor":4,"key":"Bag of Marbles"},{"floor":6,"key":"Omamori"},{"floor":8,"key":"Boot"},{"floor":9,"key":"Pear"},{"floor":13,"key":"Centennial Puzzle"},{"floor":24,"key":"Self Forming Clay"},{"floor":26,"key":"Meat on the Bone"},{"floor":28,"key":"Red Mask"},{"floor":29,"key":"Matryoshka"},{"floor":40,"key":"Vajra"},{"floor":42,"key":"Peace Pipe"},{"floor":43,"key":"PreservedInsect"},{"floor":55,"key":"Orichalcum"}],"event_choices":[{"damage_healed":0,"gold_gain":0,"player_choice":"Bought 1 Potion","damage_taken":0,"max_hp_gain":0,"max_hp_loss":0,"event_name":"The Woman in Blue","floor":2,"gold_loss":0},{"damage_healed":0,"gold_gain":0,"player_choice":"Entered Light","damage_taken":26,"max_hp_gain":0,"max_hp_loss":0,"event_name":"Shining Light","floor":11,"gold_loss":0,"cards_upgraded":["Strike_R","Shrug It Off"]},{"damage_healed":0,"gold_gain":0,"player_choice":"Smashed Altar","damage_taken":0,"max_hp_gain":0,"max_hp_loss":0,"event_name":"Forgotten Altar","floor":20,"gold_loss":0,"cards_obtained":["Decay"]},{"damage_healed":0,"gold_gain":0,"player_choice":"Fought Bandits","damage_taken":0,"max_hp_gain":0,"max_hp_loss":0,"event_name":"Masked Bandits","floor":28,"gold_loss":0},{"damage_healed":0,"gold_gain":0,"player_choice":"Rummage","damage_taken":0,"relics_obtained":["WarpedTongs"],"max_hp_gain":0,"max_hp_loss":0,"event_name":"Accursed Blacksmith","floor":47,"gold_loss":0,"cards_obtained":["Pain"]}],"is_beta":false,"boss_relics":[{"not_picked":["Runic Pyramid","Black Star"],"picked":"Pandora\u0027s Box"},{"not_picked":["White Beast Statue","Runic Dome"],"picked":"Coffee Dripper"}],"items_purged_floors":[19],"is_endless":false,"potions_floor_spawned":[3,5,10,13,16,18,24,30,33,37,38,40,42,44],"ascension_level":20}