{"gold_per_floor":[110,110,110,125,39,39,366,366,366,46,46,75,90,15,15,90,90,110,130,130,130,142,159,33,33,86,86,112,112,112,144,144,221,221,233,233,233,183,42,42,59,86,86,121,140,140],"floor_reached":46,"playtime":3951,"items_purged":["Defend_B","Zap"],"score":1090,"play_id":"Baalorlord-58dad5ce","local_time":"20190618173737","is_ascension_mode":true,"campfire_choices":[{"data":"Defragment","floor":6,"key":"SMITH"},{"floor":11,"key":"REST"},{"floor":15,"key":"REST"},{"data":"Defragment","floor":25,"key":"SMITH"},{"data":"Ghostly","floor":27,"key":"SMITH"},{"data":"Ghostly","floor":30,"key":"SMITH"},{"data":"Blizzard","floor":32,"key":"SMITH"},{"data":"Hologram","floor":40,"key":"SMITH"}],"neow_cost":"NONE","seed_source_timestamp":320352448873100,"circlet_count":0,"master_deck":["AscendersBane","Strike_B+1","Strike_B+1","Strike_B+1","Defend_B+1","Defend_B+1","Defend_B+1","Dualcast+1","Go for the Eyes","Conserve Battery","Beam Cell+1","Hologram+1","Coolheaded","Gash","Defragment+1","Tempest","Cold Snap","Coolheaded","Coolheaded","Rainbow","Blizzard+1","Redo+1","Ghostly+1","Ghostly+1","Ghostly+1","Skim","Rebound","Defragment+1","Coolheaded","Chill+1","Biased Cognition","Cold Snap+1","Deep Breath+1","Secret Weapon+1","Deep Breath+1","Self Repair","Heatsinks+1","Doom and Gloom","Seek+1","Darkness+1"],"relics":["Orrery","Old Coin","Pantograph","Bottled Tornado","Coffee Dripper","Strawberry","Toxic Egg 2","Turnip","Cursed Key","Centennial Puzzle","Singing Bowl"],"potions_floor_usage":[7,16,19,19,31,42,46],"damage_taken":[{"damage":4,"enemies":"Small Slimes","floor":1,"turns":5},{"damage":3,"enemies":"Jaw Worm","floor":4,"turns":7},{"damage":18,"enemies":"3 Sentries","floor":7,"turns":10},{"damage":30,"enemies":"Gremlin Nob","floor":12,"turns":5},{"damage":0,"enemies":"2 Louse","floor":13,"turns":5},{"damage":10,"enemies":"Slime Boss","floor":16,"turns":12},{"damage":0,"enemies":"Spheric Guardian","floor":18,"turns":4},{"damage":0,"enemies":"3 Byrds","floor":19,"turns":3},{"damage":14,"enemies":"Cultist and Chosen","floor":22,"turns":7},{"damage":0,"enemies":"Snecko","floor":23,"turns":5},{"damage":6,"enemies":"Book of Stabbing","floor":28,"turns":6},{"damage":3,"enemies":"Slavers","floor":31,"turns":10},{"damage":22,"enemies":"Automaton","floor":33,"turns":17},{"damage":0,"enemies":"3 Darklings","floor":35,"turns":7},{"damage":0,"enemies":"Orb Walker","floor":41,"turns":5},{"damage":6,"enemies":"Reptomancer","floor":42,"turns":11},{"damage":4,"enemies":"Nemesis","floor":44,"turns":11},{"damage":0,"enemies":"Spire Growth","floor":45,"turns":4},{"damage":47,"enemies":"Giant Head","floor":46,"turns":6}],"seed_played":"-3670851143416721383","potions_obtained":[{"floor":1,"key":"Block Potion"},{"floor":13,"key":"Poison Potion"},{"floor":16,"key":"Explosive Potion"},{"floor":18,"key":"SkillPotion"},{"floor":22,"key":"FearPotion"},{"floor":33,"key":"Block Potion"},{"floor":41,"key":"SpeedPotion"},{"floor":42,"key":"Explosive Potion"}],"is_trial":false,"path_per_floor":["M","?","?","M","$","R","E","?","T","$","R","E","M","$","R","B",null,"M","M","?","?","M","M","$","R","T","R","E","?","R","E","R","B",null,"M","?","?","?","$","R","M","E","T","E","M","E"],"character_chosen":"DEFECT","items_purchased":["Defragment","Pantograph","Cold Snap","Defragment","Coolheaded","Self Repair"],"campfire_rested":2,"item_purchase_floors":[5,10,10,24,24,39],"current_hp_per_floor":[60,60,39,36,36,36,18,11,11,11,32,2,2,2,23,38,63,63,63,35,35,21,21,21,21,28,28,22,22,22,19,19,20,37,37,27,27,27,27,27,34,35,35,38,40,0],"gold":140,"neow_bonus":"BOSS_RELIC","is_prod":false,"is_daily":false,"chose_seed":false,"campfire_upgraded":6,"win_rate":0,"timestamp":1560893857,"path_taken":["M","?","?","M","$","R","E","?","T","$","R","E","?","$","R","BOSS","M","M","?","?","M","M","$","R","T","R","E","?","R","E","R","BOSS","M","?","?","?","$","R","M","E","T","E","?","E"],"build_version":"2019-01-23","purchased_purges":2,"victory":false,"max_hp_per_floor":[71,71,71,71,71,71,71,71,71,71,71,71,71,71,71,71,71,71,71,35,35,35,35,35,35,42,42,42,42,42,42,42,42,42,42,42,40,40,40,40,40,40,40,40,40,40],"card_choices":[{"not_picked":["Double Energy","Recycle"],"picked":"Go for the Eyes","floor":0},{"not_picked":["Melter","Steam"],"picked":"Conserve Battery","floor":0},{"not_picked":["Barrage","Compile Driver"],"picked":"Beam Cell","floor":0},{"not_picked":["Double Energy","Go for the Eyes"],"picked":"Hologram","floor":0},{"not_picked":["Cold Snap","Rebound"],"picked":"Coolheaded","floor":1},{"not_picked":["Leap","Tempest"],"picked":"Gash","floor":4},{"not_picked":["Auto Shields","Meteor Strike"],"picked":"Tempest","floor":7},{"not_picked":["Streamline","Barrage"],"picked":"Coolheaded","floor":12},{"not_picked":["Leap","Cold Snap"],"picked":"Coolheaded","floor":13},{"not_picked":["Amplify","Multi-Cast"],"picked":"Rainbow","floor":16},{"not_picked":["Go for the Eyes","Beam Cell"],"picked":"Blizzard","floor":18},{"not_picked":["Compile Driver+1","Hologram"],"picked":"Redo+1","floor":19},{"not_picked":["Force Field","Gash+1"],"picked":"Skim","floor":22},{"not_picked":["Redo","Hello World"],"picked":"Rebound","floor":23},{"not_picked":["Fusion","Barrage","Heatsinks"],"picked":"SKIP","floor":28},{"not_picked":["Storm","Reprogram+1"],"picked":"Chill+1","floor":31},{"not_picked":["Meteor Strike","All For One"],"picked":"Biased Cognition","floor":33},{"not_picked":["Gash","Heatsinks+1"],"picked":"Cold Snap+1","floor":35},{"not_picked":["Blind+1","Good Instincts+1"],"picked":"Deep Breath+1","floor":36},{"not_picked":["Good Instincts+1","Chrysalis+1"],"picked":"Secret Weapon+1","floor":36},{"not_picked":["Secret Weapon+1","Jack Of All Trades+1"],"picked":"Deep Breath+1","floor":36},{"not_picked":["Cold Snap","Leap+1"],"picked":"Heatsinks+1","floor":41},{"not_picked":["Leap+1","Sweeping Beam"],"picked":"Doom and Gloom","floor":42},{"not_picked":["Stack+1","Redo+1"],"picked":"Seek+1","floor":44},{"not_picked":["Defragment","Streamline"],"picked":"Darkness+1","floor":45}],"player_experience":2122774,"relics_obtained":[{"floor":7,"key":"Old Coin"},{"floor":12,"key":"Bottled Tornado"},{"floor":26,"key":"Strawberry"},{"floor":28,"key":"Toxic Egg 2"},{"floor":31,"key":"Turnip"},{"floor":42,"key":"Centennial Puzzle"},{"floor":44,"key":"Singing Bowl"}],"event_choices":[{"damage_healed":0,"gold_gain":0,"player_choice":"Grow","damage_taken":0,"max_hp_gain":0,"max_hp_loss":0,"event_name":"Living Wall","floor":2,"gold_loss":0,"cards_upgraded":["Beam Cell"]},{"damage_healed":0,"gold_gain":0,"player_choice":"Entered Light","damage_taken":21,"max_hp_gain":0,"max_hp_loss":0,"event_name":"Shining Light","floor":3,"gold_loss":0,"cards_upgraded":["Defend_B","Dualcast"]},{"cards_removed":["Strike_B"],"damage_healed":0,"gold_gain":0,"player_choice":"Card Removal","damage_taken":7,"max_hp_gain":0,"max_hp_loss":0,"event_name":"Golden Wing","floor":8,"gold_loss":0},{"damage_healed":0,"gold_gain":0,"player_choice":"Became a Ghost","damage_taken":0,"max_hp_gain":0,"max_hp_loss":36,"event_name":"Ghosts","floor":20,"gold_loss":0,"cards_obtained":["Ghostly","Ghostly","Ghostly"]},{"damage_healed":0,"gold_gain":0,"player_choice":"Simplicity","damage_taken":0,"max_hp_gain":0,"max_hp_loss":0,"event_name":"Back to Basics","floor":21,"gold_loss":0,"cards_upgraded":["Strike_B","Strike_B","Strike_B","Defend_B","Defend_B"]},{"damage_healed":0,"gold_gain":0,"player_choice":"Ignored","damage_taken":0,"max_hp_gain":0,"max_hp_loss":0,"event_name":"Vampires","floor":29,"gold_loss":0},{"damage_healed":0,"gold_gain":0,"player_choice":"Memory 3","damage_taken":10,"max_hp_gain":0,"max_hp_loss":0,"event_name":"SensoryStone","floor":36,"gold_loss":0},{"damage_healed":0,"gold_gain":0,"player_choice":"Max HP","damage_taken":0,"max_hp_gain":0,"max_hp_loss":2,"event_name":"Winding Halls","floor":37,"gold_loss":0},{"damage_healed":0,"gold_gain":0,"player_choice":"Upgrade","damage_taken":0,"max_hp_gain":0,"max_hp_loss":0,"event_name":"Designer","floor":38,"gold_loss":50,"cards_upgraded":["Ghostly"]}],"is_beta":false,"boss_relics":[{"not_picked":["Philosopher\u0027s Stone","Calling Bell"],"picked":"Coffee Dripper"},{"not_picked":["Fusion Hammer","Astrolabe"],"picked":"Cursed Key"}],"items_purged_floors":[14,39],"is_endless":false,"potions_floor_spawned":[1,13,16,18,22,33,41,42],"killed_by":"Giant Head","ascension_level":20}