{"gold_per_floor":[14,33,308,319,337,363,363,383,383,412,426,53,53,70,70,147,147,166,166,216,226,46,46,46,64,64,64,96,96,114,114],"floor_reached":31,"playtime":1258,"items_purged":["Regret","Pain"],"score":584,"play_id":"04590a5b-0d1b-4398-8b22-ed8c1d791f24","local_time":"20190818165605","is_ascension_mode":true,"campfire_choices":[{"floor":7.0,"key":"REST"},{"floor":13.0,"key":"REST"},{"floor":15.0,"key":"REST"},{"floor":23.0,"key":"REST"},{"floor":27,"key":"REST"},{"floor":29,"key":"REST"}],"neow_cost":"NO_GOLD","seed_source_timestamp":137948250282900,"circlet_count":0,"master_deck":["AscendersBane","Strike_G","Strike_G","Strike_G","Strike_G","Strike_G","Defend_G","Defend_G","Defend_G","Defend_G","Defend_G","Survivor","Neutralize","Corpse Explosion","Leg Sweep","All Out Attack","Backstab+1","Bane+1","Flying Knee+1","Panache","Dagger Spray+1","PiercingWail","Calculated Gamble","Adrenaline","Shame","Shame","Flechettes+1","PiercingWail","Escape Plan","Blur","Dagger Throw+1","Noxious Fumes"],"special_seed":0,"relics":["Ring of the Snake","Molten Egg 2","Question Card","Vajra","Calling Bell","Orichalcum","Ornamental Fan","Ice Cream","Du-Vu Doll","Bird Faced Urn"],"potions_floor_usage":[25,31,31],"damage_taken":[{"damage":4.0,"enemies":"Small Slimes","floor":1.0,"turns":4.0},{"damage":1.0,"enemies":"Cultist","floor":2.0,"turns":5.0},{"damage":0.0,"enemies":"2 Louse","floor":4.0,"turns":1.0},{"damage":7.0,"enemies":"Blue Slaver","floor":5.0,"turns":6.0},{"damage":46.0,"enemies":"Lagavulin","floor":6.0,"turns":8.0},{"damage":0.0,"enemies":"Red Slaver","floor":8.0,"turns":3.0},{"damage":0.0,"enemies":"3 Sentries","floor":10.0,"turns":4.0},{"damage":4.0,"enemies":"2 Fungi Beasts","floor":11.0,"turns":3.0},{"damage":0.0,"enemies":"Blue Slaver","floor":14.0,"turns":2.0},{"damage":32.0,"enemies":"Slime Boss","floor":16.0,"turns":7.0},{"damage":0.0,"enemies":"Spheric Guardian","floor":18.0,"turns":3.0},{"damage":13.0,"enemies":"Chosen","floor":21.0,"turns":3.0},{"damage":1,"enemies":"Centurion and Healer","floor":25,"turns":2},{"damage":35,"enemies":"Book of Stabbing","floor":28,"turns":6},{"damage":31,"enemies":"Shelled Parasite and Fungi","floor":30,"turns":4},{"damage":25,"enemies":"Slavers","floor":31,"turns":2}],"seed_played":"-1698024558126406486","potions_obtained":[{"floor":1.0,"key":"LiquidBronze"},{"floor":4.0,"key":"Dexterity Potion"},{"floor":8.0,"key":"GhostInAJar"},{"floor":16.0,"key":"Poison Potion"},{"floor":18.0,"key":"Strength Potion"},{"floor":21.0,"key":"SkillPotion"},{"floor":30,"key":"Dexterity Potion"}],"is_trial":false,"path_per_floor":["M","M","?","M","M","E","R","M","T","E","M","$","R","M","R","B",null,"M","?","?","M","$","R","?","M","T","R","E","R","M","E"],"character_chosen":"THE_SILENT","items_purchased":["Panache","Dagger Spray+1","PiercingWail","Escape Plan"],"campfire_rested":6,"item_purchase_floors":[12,12,12,22],"current_hp_per_floor":[55,54,54,54,47,1,20,20,20,20,16,16,35,35,54,22,55,55,55,49,36,36,55,37,36,36,57,22,43,14,0],"gold":114,"neow_bonus":"THREE_RARE_CARDS","is_prod":false,"is_daily":false,"chose_seed":false,"campfire_upgraded":0,"win_rate":0,"timestamp":1566140165,"path_taken":["M","M","?","M","?","E","R","M","T","E","?","$","R","M","R","BOSS","M","?","?","?","$","R","?","M","T","R","E","R","M","E"],"build_version":"2019-07-17","purchased_purges":2,"victory":false,"max_hp_per_floor":[66,66,66,66,66,66,66,66,66,66,66,66,66,66,66,66,66,66,66,66,66,66,66,71,71,71,71,71,71,71,71],"card_choices":[{"not_picked":["Adrenaline","Unload"],"picked":"Corpse Explosion","floor":0.0},{"not_picked":["Reflex","Setup","Eviscerate"],"picked":"SKIP","floor":1.0},{"not_picked":["Deflect","Acrobatics","Finisher"],"picked":"SKIP","floor":2.0},{"not_picked":["Dodge and Roll","Outmaneuver"],"picked":"Leg Sweep","floor":4.0},{"not_picked":["Blade Dance","Infinite Blades"],"picked":"All Out Attack","floor":5.0},{"not_picked":["Slice","Calculated Gamble"],"picked":"Backstab","floor":6.0},{"not_picked":["Poisoned Stab+1","Acrobatics"],"picked":"Bane+1","floor":8.0},{"not_picked":["Dagger Throw+1","Slice+1","Quick Slash+1"],"picked":"Flying Knee+1","floor":10.0},{"not_picked":["Dagger Throw+1","Concentrate","Accuracy","Night Terror"],"picked":"SKIP","floor":11.0},{"not_picked":["Deflect","Setup","Prepared"],"picked":"Calculated Gamble","floor":14.0},{"not_picked":["Venomology","Doppelganger","Tools of the Trade"],"picked":"Adrenaline","floor":16.0},{"not_picked":["Dagger Spray+1","Blade Dance","Bane+1"],"picked":"Flechettes+1","floor":18.0},{"not_picked":["Calculated Gamble","Flying Knee+1","Quick Slash+1"],"picked":"PiercingWail","floor":21.0},{"not_picked":["Dagger Spray+1","Underhanded Strike+1","Heel Hook+1"],"picked":"Blur","floor":25},{"not_picked":["Poisoned Stab+1","Slice+1","Blur"],"picked":"Dagger Throw+1","floor":28},{"not_picked":["Acrobatics+1","Choke+1","Caltrops"],"picked":"Noxious Fumes","floor":30}],"player_experience":1127422,"relics_obtained":[{"floor":6.0,"key":"Molten Egg 2"},{"floor":9.0,"key":"Question Card"},{"floor":10.0,"key":"Vajra"},{"floor":17.0,"key":"Orichalcum"},{"floor":17.0,"key":"Ornamental Fan"},{"floor":17.0,"key":"Ice Cream"},{"floor":26,"key":"Du-Vu Doll"},{"floor":28,"key":"Bird Faced Urn"}],"event_choices":[{"damage_healed":0.0,"max_hp_gain":0.0,"max_hp_loss":0.0,"gold_gain":275.0,"event_name":"Golden Shrine","player_choice":"Desecrate","floor":3.0,"gold_loss":0.0,"damage_taken":0.0,"cards_obtained":["Regret"]},{"damage_healed":0.0,"max_hp_gain":0.0,"max_hp_loss":0.0,"gold_gain":0.0,"event_name":"Ghosts","player_choice":"Ignored","floor":19.0,"gold_loss":0.0,"damage_taken":0.0},{"damage_healed":0.0,"max_hp_gain":0.0,"max_hp_loss":0.0,"gold_gain":50.0,"event_name":"FaceTrader","player_choice":"Touch","floor":20.0,"gold_loss":0.0,"damage_taken":6.0},{"damage_healed":0.0,"max_hp_gain":5.0,"max_hp_loss":0.0,"gold_gain":0.0,"event_name":"Forgotten Altar","player_choice":"Shed Blood","floor":24.0,"gold_loss":0.0,"damage_taken":23.0}],"is_beta":false,"boss_relics":[{"not_picked":["White Beast Statue","HoveringKite"],"picked":"Calling Bell"}],"items_purged_floors":[12,22],"is_endless":false,"potions_floor_spawned":[1,4,8,16,18,21,30],"killed_by":"Slavers","ascension_level":20}