{"gold_per_floor":[115,135,33,33,47,47,66,83,106,166,201,218,218,36,36,141,141,141,141,66,66,66,66,66,66,66,66,66,66,66,66,66,66,66,66,0,0,0,0,0,0,0,0,0,0,0,0,0,0,0],"floor_reached":50,"playtime":6890,"items_purged":["Strike_G"],"score":492,"play_id":"d8e96fba-b20a-4e8c-8d25-3571bb8e767a","local_time":"20190710005324","is_ascension_mode":false,"campfire_choices":[{"data":"Deflect","floor":6.0,"key":"SMITH"},{"data":"Mayhem","floor":15.0,"key":"SMITH"},{"data":"Neutralize","floor":23.0,"key":"SMITH"},{"data":"Noxious Fumes","floor":25.0,"key":"SMITH"},{"floor":32.0,"key":"REST"},{"floor":41.0,"key":"REST"},{"floor":45.0,"key":"REST"},{"floor":49.0,"key":"RECALL"}],"neow_cost":"TEN_PERCENT_HP_LOSS","seed_source_timestamp":0,"circlet_count":0,"master_deck":["Defend_G","Defend_G","Defend_G","Defend_G","Defend_G","Survivor","Neutralize+1","Malaise+1","Deflect+1","Dagger Throw","Dagger Throw","Deadly Poison","Prepared+1","Deadly Poison","Deflect","Deflect","Mayhem+1","Envenom","Eviscerate+1","Outmaneuver+1","Noxious Fumes+1","Bane","Madness","Iron Wave","Bouncing Flask+1"],"special_seed":0,"relics":["Ring of the Snake","Orichalcum","War Paint","Juzu Bracelet","Pantograph","Ectoplasm","MutagenicStrength","Red Mask","Unceasing Top","Smiling Mask","GremlinMask"],"potions_floor_usage":[],"damage_taken":[{"damage":0.0,"enemies":"2 Louse","floor":1.0,"turns":5.0},{"damage":1.0,"enemies":"Small Slimes","floor":2.0,"turns":4.0},{"damage":0.0,"enemies":"Cultist","floor":5.0,"turns":3.0},{"damage":0.0,"enemies":"2 Fungi Beasts","floor":7.0,"turns":3.0},{"damage":1.0,"enemies":"Exordium Wildlife","floor":8.0,"turns":5.0},{"damage":5.0,"enemies":"3 Sentries","floor":10.0,"turns":10.0},{"damage":23.0,"enemies":"Gremlin Nob","floor":11.0,"turns":5.0},{"damage":6.0,"enemies":"Lots of Slimes","floor":12.0,"turns":7.0},{"damage":0.0,"enemies":"Hexaghost","floor":16.0,"turns":11.0},{"damage":0.0,"enemies":"Shell Parasite","floor":18.0,"turns":7.0},{"damage":0.0,"enemies":"Chosen","floor":21.0,"turns":5.0},{"damage":0.0,"enemies":"Shelled Parasite and Fungi","floor":22.0,"turns":5.0},{"damage":0.0,"enemies":"Snake Plant","floor":24.0,"turns":5.0},{"damage":6.0,"enemies":"Centurion and Healer","floor":27.0,"turns":7.0},{"damage":3.0,"enemies":"Shelled Parasite and Fungi","floor":30.0,"turns":6.0},{"damage":22.0,"enemies":"Automaton","floor":33.0,"turns":10.0},{"damage":9.0,"enemies":"Orb Walker","floor":35.0,"turns":4.0},{"damage":11.0,"enemies":"3 Shapes","floor":38.0,"turns":6.0},{"damage":38.0,"enemies":"2 Orb Walkers","floor":39.0,"turns":6.0},{"damage":0.0,"enemies":"Maw","floor":46.0,"turns":9.0},{"damage":13.0,"enemies":"3 Darklings","floor":48.0,"turns":6.0},{"damage":74,"enemies":"Time Eater","floor":50,"turns":7}],"seed_played":"7825530770779437818","potions_obtained":[{"floor":2.0,"key":"EssenceOfSteel"},{"floor":8.0,"key":"SpeedPotion"},{"floor":10.0,"key":"Swift Potion"},{"floor":12.0,"key":"LiquidBronze"},{"floor":16.0,"key":"PowerPotion"},{"floor":21.0,"key":"Energy Potion"},{"floor":22.0,"key":"GhostInAJar"},{"floor":27.0,"key":"SpeedPotion"},{"floor":33.0,"key":"Swift Potion"},{"floor":35.0,"key":"AttackPotion"},{"floor":46.0,"key":"Poison Potion"}],"is_trial":false,"path_per_floor":["M","M","$","?","M","R","M","M","T","?","E","M","?","$","R","B",null,"M","?","?","M","M","R","M","R","T","M","$","$","M","?","R","B",null,"M","?","?","M","?","$","R","?","T","?","R","M","?","M","R","B"],"character_chosen":"THE_SILENT","items_purchased":["Dagger Throw","Mayhem"],"campfire_rested":3,"item_purchase_floors":[3,14],"current_hp_per_floor":[63,62,62,55,55,55,55,54,54,49,26,20,20,20,20,45,63,63,63,63,63,63,63,63,63,63,57,57,57,54,36,54,41,63,54,54,54,43,5,5,23,23,23,23,41,41,41,28,28,0],"gold":0,"neow_bonus":"THREE_RARE_CARDS","is_prod":false,"is_daily":false,"chose_seed":false,"campfire_upgraded":4,"win_rate":0,"timestamp":1562712804,"path_taken":["M","M","$","?","M","R","M","M","T","?","E","M","?","$","R","BOSS","M","?","?","M","M","R","M","R","T","M","?","$","M","?","R","BOSS","M","?","?","M","?","$","R","?","T","?","R","M","?","M","R","BOSS"],"build_version":"2019-01-23","purchased_purges":1,"victory":false,"max_hp_per_floor":[63,63,63,63,63,63,63,63,63,63,63,63,63,63,63,63,63,63,63,63,63,63,63,63,63,63,63,63,63,63,63,63,63,63,63,63,63,63,63,63,63,63,63,63,63,63,63,63,63,63],"card_choices":[{"not_picked":["Die Die Die","Phantasmal Killer"],"picked":"Malaise","floor":0.0},{"not_picked":["PiercingWail","Quick Slash"],"picked":"Deflect","floor":1.0},{"not_picked":["Underhanded Strike","PiercingWail"],"picked":"Dagger Throw","floor":2.0},{"not_picked":["Well Laid Plans","Masterful Stab"],"picked":"Deadly Poison","floor":5.0},{"not_picked":["Skewer","Sucker Punch"],"picked":"Prepared","floor":7.0},{"not_picked":["Dagger Throw","Doppelganger","Dash"],"picked":"SKIP","floor":8.0},{"not_picked":["Dagger Throw","Endless Agony"],"picked":"Deadly Poison","floor":10.0},{"not_picked":["Acrobatics","Finisher"],"picked":"Deflect","floor":11.0},{"not_picked":["Dagger Spray","Quick Slash"],"picked":"Deflect","floor":12.0},{"not_picked":["Die Die Die","Adrenaline"],"picked":"Envenom","floor":16.0},{"not_picked":["Masterful Stab+1","Acrobatics"],"picked":"Eviscerate+1","floor":18.0},{"not_picked":["Crippling Poison","Deadly Poison"],"picked":"Outmaneuver+1","floor":21.0},{"not_picked":["Dodge and Roll","Heel Hook","Prepared"],"picked":"SKIP","floor":22.0},{"not_picked":["Heel Hook","Acrobatics"],"picked":"Noxious Fumes","floor":24.0},{"not_picked":["Blade Dance","Sucker Punch"],"picked":"Bane","floor":27.0},{"not_picked":["Backflip","Skewer+1","Finisher"],"picked":"SKIP","floor":30.0},{"not_picked":["Blade Dance","Finisher+1","Poisoned Stab"],"picked":"SKIP","floor":35.0},{"not_picked":["Eviscerate","Tactician","Riddle With Holes+1"],"picked":"SKIP","floor":38.0},{"not_picked":["Deadly Poison","Acrobatics+1","Flying Knee"],"picked":"SKIP","floor":46.0},{"not_picked":["Dagger Spray","Prepared+1"],"picked":"Bouncing Flask+1","floor":48.0}],"player_experience":125380,"relics_obtained":[{"floor":9.0,"key":"War Paint"},{"floor":10.0,"key":"Juzu Bracelet"},{"floor":11.0,"key":"Pantograph"},{"floor":39.0,"key":"Unceasing Top"},{"floor":43.0,"key":"Smiling Mask"}],"event_choices":[{"damage_healed":0.0,"max_hp_gain":0.0,"max_hp_loss":0.0,"gold_gain":0.0,"event_name":"Scrap Ooze","player_choice":"Success","floor":4.0,"gold_loss":0.0,"damage_taken":7.0,"relics_obtained":["Orichalcum"]},{"damage_healed":0.0,"max_hp_gain":0.0,"max_hp_loss":0.0,"gold_gain":0.0,"event_name":"Dead Adventurer","player_choice":"Searched \u00272\u0027 times","floor":10.0,"gold_loss":0.0,"damage_taken":0.0},{"cards_removed":["Strike_G"],"damage_healed":0.0,"max_hp_gain":0.0,"max_hp_loss":0.0,"gold_gain":0.0,"event_name":"Bonfire Elementals","player_choice":"Offered Basic","floor":13.0,"gold_loss":0.0,"damage_taken":0.0},{"damage_healed":0.0,"max_hp_gain":0.0,"max_hp_loss":0.0,"gold_gain":0.0,"event_name":"Drug Dealer","player_choice":"Inject Mutagens","floor":19.0,"gold_loss":0.0,"damage_taken":0.0,"relics_obtained":["MutagenicStrength"]},{"cards_removed":["Strike_G"],"damage_healed":0.0,"max_hp_gain":0.0,"max_hp_loss":0.0,"gold_gain":0.0,"event_name":"Beggar","player_choice":"Gave Gold","floor":20.0,"gold_loss":75.0,"damage_taken":0.0},{"damage_healed":0.0,"max_hp_gain":0.0,"max_hp_loss":0.0,"gold_gain":0.0,"event_name":"Knowing Skull","player_choice":"CARD POTION ","floor":31.0,"potions_obtained":["Weak Potion"],"gold_loss":0.0,"damage_taken":18.0,"cards_obtained":["Madness"]},{"damage_healed":0.0,"max_hp_gain":0.0,"max_hp_loss":0.0,"gold_gain":0.0,"event_name":"Tomb of Lord Red Mask","player_choice":"Paid","floor":36.0,"gold_loss":66.0,"damage_taken":0.0,"relics_obtained":["Red Mask"]},{"cards_removed":["Strike_G"],"damage_healed":0.0,"max_hp_gain":0.0,"max_hp_loss":0.0,"gold_gain":0.0,"event_name":"Purifier","player_choice":"Purged","floor":37.0,"gold_loss":0.0,"damage_taken":0.0},{"damage_healed":0.0,"max_hp_gain":0.0,"max_hp_loss":0.0,"gold_gain":0.0,"event_name":"Mysterious Sphere","player_choice":"Fight","floor":39.0,"gold_loss":0.0,"damage_taken":0.0},{"damage_healed":0.0,"max_hp_gain":0.0,"max_hp_loss":0.0,"gold_gain":0.0,"event_name":"The Moai Head","player_choice":"Ignored","floor":42.0,"gold_loss":0.0,"damage_taken":0.0},{"cards_removed":["Strike_G"],"damage_healed":0.0,"max_hp_gain":0.0,"max_hp_loss":0.0,"gold_gain":0.0,"event_name":"NoteForYourself","player_choice":"Took Card","floor":44.0,"gold_loss":0.0,"damage_taken":0.0,"cards_obtained":["Iron Wave"]},{"damage_healed":0.0,"max_hp_gain":0.0,"max_hp_loss":0.0,"gold_gain":0.0,"event_name":"FaceTrader","player_choice":"Trade","floor":47.0,"gold_loss":0.0,"damage_taken":0.0,"relics_obtained":["GremlinMask"]}],"is_beta":false,"boss_relics":[{"not_picked":["Coffee Dripper","Fusion Hammer"],"picked":"Ectoplasm"},{"not_picked":["HoveringKite","Orrery","Astrolabe"]}],"items_purged_floors":[3],"is_endless":false,"potions_floor_spawned":[2,8,10,12,16,21,22,27,33,35,46],"killed_by":"Time Eater","ascension_level":0}