{"gold_per_floor":[119,136,136,152,165,165,184,184,184,201,218,218,21,21,21,119,119,137,137,12,31,31,31,51,79,79,95,95],"floor_reached":28,"playtime":998,"items_purged":["Strike_R","Strike_R"],"score":244,"play_id":"273e2c74-15f5-4e3e-aed7-c97fc859d73a","local_time":"20190101204509","is_ascension_mode":true,"campfire_choices":[{"data":"Iron Wave","floor":6,"key":"SMITH"},{"data":"Bash","floor":8,"key":"SMITH"},{"data":"Inflame","floor":12,"key":"SMITH"},{"data":"Armaments","floor":15,"key":"SMITH"},{"floor":23,"key":"REST"}],"neow_cost":"NONE","seed_source_timestamp":903223993497044,"circlet_count":0,"master_deck":["Strike_R","Strike_R","Strike_R","Defend_R","Defend_R","Defend_R","Bash+1","Heavy Blade","Flex","Exhume","Iron Wave+1","Entrench","Combust","Body Slam","Inflame+1","Armaments+1","Combust","Impervious","True Grit+1","Body Slam","Iron Wave","Shrug It Off+1","Feel No Pain"],"relics":["Burning Blood","Singing Bowl","Gremlin Horn","Mark of Pain","Bag of Marbles","Paper Frog"],"potions_floor_usage":[16,21,24,24,28],"damage_taken":[{"damage":12,"enemies":"Small Slimes","floor":1,"turns":4},{"damage":1,"enemies":"Cultist","floor":2,"turns":3},{"damage":13,"enemies":"Jaw Worm","floor":4,"turns":3},{"damage":16,"enemies":"Blue Slaver","floor":5,"turns":4},{"damage":1,"enemies":"3 Louse","floor":7,"turns":3},{"damage":2,"enemies":"Large Slime","floor":10,"turns":6},{"damage":10,"enemies":"Looter","floor":11,"turns":3},{"damage":33,"enemies":"Slime Boss","floor":16,"turns":7},{"damage":35,"enemies":"Spheric Guardian","floor":18,"turns":7},{"damage":13,"enemies":"Shell Parasite","floor":21,"turns":4},{"damage":30,"enemies":"Snake Plant","floor":24,"turns":5},{"damage":35,"enemies":"Book of Stabbing","floor":25,"turns":6},{"damage":10,"enemies":"Centurion and Healer","floor":27,"turns":5},{"damage":14,"enemies":"Shelled Parasite and Fungi","floor":28,"turns":7}],"seed_played":"-5645793472033416704","potions_obtained":[{"floor":2,"key":"GamblersBrew"},{"floor":4,"key":"AttackPotion"},{"floor":11,"key":"Swift Potion"},{"floor":16,"key":"Regen Potion"},{"floor":25,"key":"Dexterity Potion"}],"is_trial":false,"path_per_floor":["M","M","?","M","M","R","M","R","T","M","M","R","$","?","R","B",null,"M","?","$","M","$","R","M","E","T","M","M"],"character_chosen":"IRONCLAD","items_purchased":["Armaments","Combust","Body Slam"],"campfire_rested":1,"item_purchase_floors":[13,13,20],"current_hp_per_floor":[74,79,79,72,62,62,67,67,67,71,67,67,67,55,55,28,80,51,36,36,43,43,68,44,15,15,13,0],"gold":95,"neow_bonus":"TRANSFORM_CARD","is_prod":false,"is_daily":false,"chose_seed":false,"campfire_upgraded":4,"win_rate":0,"timestamp":1546393509,"path_taken":["M","M","?","M","?","R","M","R","T","M","M","R","$","?","R","BOSS","M","?","$","M","$","R","M","E","T","M","M"],"build_version":"2018-12-20","purchased_purges":2,"victory":false,"max_hp_per_floor":[80,80,80,80,80,80,80,80,80,80,80,80,80,80,80,80,80,80,85,85,85,85,85,85,85,85,87,87],"card_choices":[{"not_picked":["Anger","Twin Strike"],"picked":"Heavy Blade","floor":1},{"not_picked":["Cleave","Havoc"],"picked":"Flex","floor":2},{"not_picked":["Armaments","Body Slam"],"picked":"Iron Wave","floor":4},{"not_picked":["Intimidate","Battle Trance"],"picked":"Entrench","floor":5},{"not_picked":["Shrug It Off","Fire Breathing"],"picked":"Combust","floor":7},{"not_picked":["Anger","Searing Blow"],"picked":"Body Slam","floor":10},{"not_picked":["Warcry","Pommel Strike"],"picked":"Inflame","floor":11},{"not_picked":["Offering","Feed"],"picked":"Impervious","floor":16},{"not_picked":["Havoc","Thunderclap"],"picked":"True Grit+1","floor":18},{"not_picked":["Havoc","Reaper"],"picked":"Iron Wave","floor":21},{"not_picked":["Thunderclap+1","Dual Wield+1"],"picked":"Shrug It Off+1","floor":24},{"not_picked":["Cleave","Pommel Strike"],"picked":"Feel No Pain","floor":25},{"not_picked":["Entrench","Dual Wield","True Grit"],"picked":"Singing Bowl","floor":27}],"player_experience":206220,"relics_obtained":[{"floor":9,"key":"Singing Bowl"},{"floor":25,"key":"Bag of Marbles"},{"floor":26,"key":"Paper Frog"}],"event_choices":[{"damage_healed":0,"gold_gain":0,"cards_transformed":["Power Through"],"player_choice":"Transformed","damage_taken":0,"max_hp_gain":0,"max_hp_loss":0,"event_name":"Transmorgrifier","floor":3,"gold_loss":0,"cards_obtained":["Exhume"]},{"damage_healed":0,"gold_gain":0,"player_choice":"Success","damage_taken":12,"relics_obtained":["Gremlin Horn"],"max_hp_gain":0,"max_hp_loss":0,"event_name":"Scrap Ooze","floor":14,"gold_loss":0},{"damage_healed":0,"gold_gain":0,"player_choice":"Shed Blood","damage_taken":20,"max_hp_gain":5,"max_hp_loss":0,"event_name":"Forgotten Altar","floor":19,"gold_loss":0}],"is_beta":false,"boss_relics":[{"not_picked":["Astrolabe","Velvet Choker"],"picked":"Mark of Pain"}],"items_purged_floors":[13,20],"is_endless":false,"potions_floor_spawned":[2,4,11,16,25],"killed_by":"Shelled Parasite and Fungi","ascension_level":1}