{"gold_per_floor":[360,360,379,395,395,395,436,436],"floor_reached":8,"playtime":205,"items_purged":[],"score":101,"play_id":"6c23d8f7-77b5-491f-90f3-58c4eb930a62","local_time":"20190710070140","is_ascension_mode":true,"campfire_choices":[{"data":"Zap","floor":6,"key":"SMITH"}],"neow_cost":"TEN_PERCENT_HP_LOSS","seed_source_timestamp":28151260919239,"circlet_count":0,"master_deck":["AscendersBane","Strike_B","Strike_B","Strike_B","Defend_B","Defend_B","Defend_B","Defend_B","Zap+1","Dualcast","Rip and Tear","FTL","Go for the Eyes","Self Repair"],"relics":["Cracked Core","Golden Idol","Darkstone Periapt"],"potions_floor_usage":[7],"damage_taken":[{"damage":3,"enemies":"2 Louse","floor":1,"turns":2},{"damage":8,"enemies":"Small Slimes","floor":3,"turns":3},{"damage":2,"enemies":"Jaw Worm","floor":4,"turns":2},{"damage":15,"enemies":"3 Sentries","floor":7,"turns":7},{"damage":8,"enemies":"Blue Slaver","floor":8,"turns":1}],"seed_played":"-7337403092260160159","potions_obtained":[{"floor":3,"key":"SteroidPotion"},{"floor":4,"key":"Fire Potion"}],"is_trial":false,"path_per_floor":["M","?","M","M","?","R","E","M"],"character_chosen":"DEFECT","items_purchased":[],"campfire_rested":0,"item_purchase_floors":[],"current_hp_per_floor":[61,39,31,29,22,22,7,0],"gold":436,"neow_bonus":"TWO_FIFTY_GOLD","is_prod":false,"is_daily":false,"chose_seed":false,"campfire_upgraded":1,"win_rate":0,"timestamp":1562760100,"path_taken":["M","?","M","M","?","R","E","M"],"build_version":"2019-07-05","purchased_purges":0,"victory":false,"max_hp_per_floor":[64,64,64,64,64,64,64,64],"card_choices":[{"not_picked":["Streamline","Redo"],"picked":"Rip and Tear","floor":1},{"not_picked":["Loop","Compile Driver"],"picked":"FTL","floor":3},{"not_picked":["Reinforced Body","Stack"],"picked":"Go for the Eyes","floor":4},{"not_picked":["Buffer","Undo"],"picked":"Self Repair","floor":7}],"player_experience":360185,"relics_obtained":[{"floor":7,"key":"Darkstone Periapt"}],"event_choices":[{"damage_healed":0,"gold_gain":0,"player_choice":"Take Damage","damage_taken":22,"relics_obtained":["Golden Idol"],"max_hp_gain":0,"max_hp_loss":0,"event_name":"Golden Idol","floor":2,"gold_loss":0},{"cards_removed":["Strike_B"],"damage_healed":0,"gold_gain":0,"player_choice":"Card Removal","damage_taken":7,"max_hp_gain":0,"max_hp_loss":0,"event_name":"Golden Wing","floor":5,"gold_loss":0}],"is_beta":false,"boss_relics":[],"items_purged_floors":[],"is_endless":false,"potions_floor_spawned":[3,4],"killed_by":"Blue Slaver","ascension_level":16}