{"gold_per_floor":[365,365,378,1,25,64,64,64,144,158,27,60,78,92,92,191,191,206,206,225,240,261,261,286,286,360,401,326,326,360,360],"floor_reached":31,"playtime":1970,"items_purged":["Injury"],"score":574,"play_id":"3bb1b5c6-e29a-435d-a596-883c6b46d390","local_time":"20190815105013","is_ascension_mode":true,"campfire_choices":[{"data":"Bouncing Flask","floor":8.0,"key":"SMITH"},{"floor":15.0,"key":"REST"},{"floor":23.0,"key":"REST"},{"floor":25.0,"key":"REST"},{"floor":29.0,"key":"REST"}],"neow_cost":"TEN_PERCENT_HP_LOSS","seed_source_timestamp":5607132939600,"circlet_count":0,"master_deck":["AscendersBane","Strike_G","Strike_G","Strike_G","Defend_G","Defend_G","Defend_G","Defend_G","Defend_G","Survivor","Neutralize","Cloak And Dagger","Well Laid Plans","Bouncing Flask+1","Sucker Punch","Catalyst","A Thousand Cuts","Deadly Poison","Noxious Fumes","Escape Plan","Bane","A Thousand Cuts","PiercingWail","PiercingWail","Footwork","Backflip","Calculated Gamble","Crippling Poison","Storm of Steel"],"special_seed":0,"relics":["Ring of the Snake","Golden Idol","Lee\u0027s Waffle","PreservedInsect","Thread and Needle","Ornamental Fan","Gremlin Horn","Sozu","The Courier","Darkstone Periapt"],"potions_floor_usage":[],"damage_taken":[{"damage":12.0,"enemies":"Small Slimes","floor":1.0,"turns":5.0},{"damage":0.0,"enemies":"2 Louse","floor":3.0,"turns":4.0},{"damage":0.0,"enemies":"Cultist","floor":5.0,"turns":3.0},{"damage":35.0,"enemies":"Lagavulin","floor":6.0,"turns":6.0},{"damage":4.0,"enemies":"Exordium Wildlife","floor":10.0,"turns":6.0},{"damage":7.0,"enemies":"Gremlin Nob","floor":12.0,"turns":3.0},{"damage":0.0,"enemies":"Gremlin Gang","floor":13.0,"turns":4.0},{"damage":13.0,"enemies":"2 Fungi Beasts","floor":14.0,"turns":4.0},{"damage":4.0,"enemies":"The Guardian","floor":16.0,"turns":7.0},{"damage":10.0,"enemies":"3 Byrds","floor":18.0,"turns":5.0},{"damage":19.0,"enemies":"Chosen","floor":20.0,"turns":5.0},{"damage":10.0,"enemies":"Centurion and Healer","floor":21.0,"turns":8.0},{"damage":15.0,"enemies":"Snake Plant","floor":22.0,"turns":5.0},{"damage":3.0,"enemies":"Shelled Parasite and Fungi","floor":24.0,"turns":7.0},{"damage":37.0,"enemies":"Gremlin Leader","floor":27.0,"turns":7.0},{"damage":19.0,"enemies":"Book of Stabbing","floor":30.0,"turns":4.0},{"damage":0,"enemies":"Snecko","floor":31,"turns":3}],"seed_played":"-2881128158169608601","potions_obtained":[{"floor":5.0,"key":"Swift Potion"},{"floor":6.0,"key":"Poison Potion"},{"floor":10.0,"key":"Ancient Potion"},{"floor":12.0,"key":"EssenceOfSteel"},{"floor":16.0,"key":"Strength Potion"}],"is_trial":false,"path_per_floor":["M","?","M","$","M","E","?","R","T","M","$","E","M","M","R","B",null,"M","?","M","M","M","R","M","R","T","E","?","R","E","M"],"character_chosen":"THE_SILENT","items_purchased":["Lee\u0027s Waffle","Well Laid Plans","A Thousand Cuts","Deadly Poison"],"campfire_rested":4,"item_purchase_floors":[4,4,11,11],"current_hp_per_floor":[47,47,47,67,67,32,32,32,32,28,28,21,21,8,28,24,56,46,46,27,17,2,22,19,39,39,2,2,22,3,3],"gold":360,"neow_bonus":"TWO_FIFTY_GOLD","is_prod":false,"is_daily":false,"chose_seed":false,"campfire_upgraded":1,"win_rate":0,"timestamp":1565859013,"path_taken":["M","?","M","$","M","E","?","R","T","M","$","E","?","M","R","BOSS","M","?","M","?","M","R","M","R","T","E","?","R","E","M"],"build_version":"2019-07-17","purchased_purges":1,"victory":false,"max_hp_per_floor":[60,60,60,67,67,67,67,67,67,67,67,67,67,67,67,67,67,67,67,67,67,67,67,67,67,67,67,67,67,67,67],"card_choices":[{"not_picked":["Dagger Spray","Underhanded Strike"],"picked":"Cloak And Dagger","floor":1.0},{"not_picked":["Escape Plan","Blade Dance"],"picked":"Poisoned Stab","floor":3.0},{"not_picked":["Escape Plan","Dagger Throw"],"picked":"Bouncing Flask","floor":5.0},{"not_picked":["Reflex","Backflip"],"picked":"Sucker Punch","floor":6.0},{"not_picked":["Blade Dance","Dagger Throw"],"picked":"Catalyst","floor":10.0},{"not_picked":["All Out Attack","Flechettes"],"picked":"Noxious Fumes","floor":12.0},{"not_picked":["Sucker Punch","Dodge and Roll"],"picked":"Escape Plan","floor":13.0},{"not_picked":["Distraction","Poisoned Stab"],"picked":"Bane","floor":14.0},{"not_picked":["Night Terror","Tools of the Trade"],"picked":"A Thousand Cuts","floor":16.0},{"not_picked":["Slice","Skewer"],"picked":"PiercingWail","floor":18.0},{"not_picked":["Deadly Poison+1","Backflip"],"picked":"PiercingWail","floor":20.0},{"not_picked":["Setup","Deflect"],"picked":"Footwork","floor":21.0},{"not_picked":["Concentrate","Noxious Fumes"],"picked":"Backflip","floor":22.0},{"not_picked":["Accuracy","Underhanded Strike+1"],"picked":"Calculated Gamble","floor":24.0},{"not_picked":["Bouncing Flask+1","Cloak And Dagger"],"picked":"Crippling Poison","floor":27.0},{"not_picked":["Heel Hook","Skewer"],"picked":"Storm of Steel","floor":30.0}],"player_experience":1010169,"relics_obtained":[{"floor":6.0,"key":"PreservedInsect"},{"floor":9.0,"key":"Ornamental Fan"},{"floor":12.0,"key":"Gremlin Horn"},{"floor":27.0,"key":"The Courier"},{"floor":30.0,"key":"Darkstone Periapt"}],"event_choices":[{"damage_healed":0.0,"max_hp_gain":0.0,"max_hp_loss":0.0,"gold_gain":0.0,"event_name":"Golden Idol","player_choice":"Take Wound","floor":2.0,"gold_loss":0.0,"damage_taken":0.0,"relics_obtained":["Golden Idol"],"cards_obtained":["Injury"]},{"cards_removed":["Poisoned Stab"],"damage_healed":0.0,"max_hp_gain":0.0,"max_hp_loss":0.0,"gold_gain":0.0,"event_name":"WeMeetAgain","player_choice":"Gave Card","floor":7.0,"gold_loss":0.0,"damage_taken":0.0,"relics_obtained":["Thread and Needle"]},{"cards_removed":["Strike_G"],"damage_healed":0.0,"max_hp_gain":0.0,"max_hp_loss":0.0,"gold_gain":0.0,"event_name":"Purifier","player_choice":"Purged","floor":19.0,"gold_loss":0.0,"damage_taken":0.0},{"cards_removed":["Strike_G"],"damage_healed":0.0,"max_hp_gain":0.0,"max_hp_loss":0.0,"gold_gain":0.0,"event_name":"Beggar","player_choice":"Gave Gold","floor":28.0,"gold_loss":75.0,"damage_taken":0.0}],"is_beta":false,"boss_relics":[{"not_picked":["Snecko Eye","Fusion Hammer"],"picked":"Sozu"}],"items_purged_floors":[4],"is_endless":false,"potions_floor_spawned":[5,6,10,12,16,20,22],"killed_by":"Snecko","ascension_level":20}