{"gold_per_floor":[209,220,395,395,410,410,410,441,441,456,491,509,529,18,18,121,121,141,141,41,41,41,68,68,68,68,68,68,93,109,126,126,229,229,244,89,0,0,100,100,125,125,125,125,125,150,150,179,179,179,179,179,24,52,52],"floor_reached":56,"playtime":1987,"items_purged":["Doubt","Strike_R"],"score":1555,"play_id":"0c9a32c3-232f-4ec4-a090-fa8572296089","local_time":"20190110235455","is_ascension_mode":true,"campfire_choices":[{"data":"Wild Strike","floor":6,"key":"SMITH"},{"data":"Offering","floor":15,"key":"SMITH"},{"data":"Inflame","floor":24,"key":"SMITH"},{"floor":28,"key":"REST"},{"data":"Rage","floor":32,"key":"SMITH"},{"data":"Rampage","floor":40,"key":"SMITH"},{"floor":44,"key":"RECALL"},{"floor":49,"key":"REST"},{"data":"Brutality","floor":52,"key":"SMITH"}],"neow_cost":"NONE","seed_source_timestamp":193204749629389,"circlet_count":0,"master_deck":["Strike_R","Strike_R","Strike_R","Defend_R","Defend_R","Defend_R+1","Bash+1","Wild Strike+1","Flex+1","Offering+1","Inflame+1","Clash","Flex","Rampage+1","Twin Strike","Flex+1","Thunderclap","Reaper+1","Second Wind+1","Rage+1","Brutality+1","Dark Embrace","Offering+1","Disarm+1","Inflame+1","Shockwave","Shrug It Off+1","Writhe","Rupture+1","Finesse+1","Dramatic Entrance","Metallicize+1","Rampage"],"relics":["Burning Blood","CultistMask","Dodecahedron","Thread and Needle","Strawberry","Bottled Lightning","Black Star","Lantern","Darkstone Periapt","Enchiridion","Paper Frog","War Paint","Ancient Tea Set","Astrolabe","Bag of Marbles","Red Mask","Charon\u0027s Ashes","Juzu Bracelet","Toxic Egg 2","Frozen Egg 2","Ornamental Fan","Whetstone","Bottled Flame","Question Card","Pen Nib","Centennial Puzzle","Sundial"],"potions_floor_usage":[16,23,55,55,55],"damage_taken":[{"damage":4,"enemies":"2 Louse","floor":1,"turns":3},{"damage":9,"enemies":"Small Slimes","floor":2,"turns":4},{"damage":6,"enemies":"Cultist","floor":5,"turns":3},{"damage":29,"enemies":"Lagavulin","floor":8,"turns":4},{"damage":13,"enemies":"2 Fungi Beasts","floor":10,"turns":3},{"damage":6,"enemies":"Gremlin Nob","floor":11,"turns":2},{"damage":6,"enemies":"Exordium Thugs","floor":12,"turns":3},{"damage":4,"enemies":"Blue Slaver","floor":13,"turns":3},{"damage":46,"enemies":"Hexaghost","floor":16,"turns":6},{"damage":6,"enemies":"Spheric Guardian","floor":18,"turns":3},{"damage":14,"enemies":"Book of Stabbing","floor":23,"turns":2},{"damage":24,"enemies":"Slavers","floor":29,"turns":5},{"damage":6,"enemies":"Shell Parasite","floor":30,"turns":2},{"damage":9,"enemies":"Chosen and Byrds","floor":31,"turns":3},{"damage":50,"enemies":"Champ","floor":33,"turns":9},{"damage":58,"enemies":"3 Shapes","floor":35,"turns":3},{"damage":12,"enemies":"Mind Bloom Boss Battle","floor":39,"turns":4},{"damage":52,"enemies":"Reptomancer","floor":41,"turns":4},{"damage":21,"enemies":"Nemesis","floor":46,"turns":7},{"damage":26,"enemies":"Giant Head","floor":48,"turns":6},{"damage":50,"enemies":"Donu and Deca","floor":50,"turns":10},{"damage":12,"enemies":"Shield and Spear","floor":54,"turns":1},{"damage":95,"enemies":"The Heart","floor":55,"turns":7}],"seed_played":"6075866024115720741","potions_obtained":[{"floor":1,"key":"PowerPotion"},{"floor":11,"key":"Dexterity Potion"},{"floor":12,"key":"GamblersBrew"},{"floor":16,"key":"AttackPotion"},{"floor":29,"key":"PowerPotion"},{"floor":46,"key":"SkillPotion"}],"is_trial":false,"path_per_floor":["M","M","?","?","M","R","?","E","T","M","E","M","M","$","R","B",null,"M","?","$","?","?","E","R","?","T","$","R","E","M","M","R","B",null,"M","$","?","$","?","R","E","?","T","R","?","E","?","E","R","B",null,"R","$","E","B",null],"character_chosen":"IRONCLAD","items_purchased":["Strawberry","Flex","Bottled Lightning","Bag of Marbles","Pen Nib"],"campfire_rested":2,"item_purchase_floors":[14,14,14,36,53],"current_hp_per_floor":[80,77,77,77,77,77,77,54,54,47,47,47,49,56,56,16,87,87,87,87,70,70,62,62,46,46,46,73,73,73,91,91,54,92,54,54,54,54,92,92,66,95,95,95,95,91,86,66,95,70,98,98,98,98,9],"gold":52,"neow_bonus":"HUNDRED_GOLD","is_prod":false,"is_daily":false,"chose_seed":false,"campfire_upgraded":6,"win_rate":0,"timestamp":1547182495,"path_taken":["M","M","?","?","?","R","?","E","T","M","E","M","?","$","R","BOSS","M","?","$","?","?","E","R","?","T","$","R","E","?","M","R","BOSS","M","$","?","$","?","R","E","?","T","R","?","E","?","E","R","BOSS","R","$","E","BOSS"],"build_version":"2019-01-10","purchased_purges":2,"victory":true,"max_hp_per_floor":[80,80,80,80,80,80,80,80,80,80,80,80,80,87,87,87,87,87,87,87,92,92,92,92,92,92,92,92,92,92,92,92,92,92,92,92,92,92,92,92,92,98,98,98,98,98,98,98,98,98,98,98,98,98,98],"card_choices":[{"not_picked":["Thunderclap","Flex"],"picked":"Wild Strike","floor":1},{"not_picked":["Whirlwind","Shrug It Off"],"picked":"Flex","floor":2},{"not_picked":["Body Slam","Anger"],"picked":"Offering","floor":5},{"not_picked":["Cleave","Body Slam"],"picked":"Inflame","floor":8},{"not_picked":["Heavy Blade","Pummel"],"picked":"Clash","floor":10},{"not_picked":["Flame Barrier","Clothesline"],"picked":"Flex","floor":11},{"not_picked":["Reckless Charge","Rage"],"picked":"Rampage","floor":12},{"not_picked":["Rage","Havoc"],"picked":"Twin Strike","floor":13},{"not_picked":["Bludgeon","Dark Embrace"],"picked":"Barricade","floor":16},{"not_picked":["True Grit","Heavy Blade+1"],"picked":"Thunderclap","floor":18},{"not_picked":["Twin Strike","Dual Wield+1"],"picked":"Reaper","floor":23},{"not_picked":["Headbutt","Warcry"],"picked":"Second Wind+1","floor":29},{"not_picked":["Clothesline","Flex"],"picked":"Rage","floor":30},{"not_picked":["Headbutt+1","True Grit"],"picked":"Brutality","floor":31},{"not_picked":["Limit Break","Bludgeon"],"picked":"Dark Embrace","floor":33},{"not_picked":["Heavy Blade","Burning Pact"],"picked":"Inflame+1","floor":35},{"not_picked":["Armaments+1","Rage+1"],"picked":"Shockwave","floor":39},{"not_picked":["True Grit","Anger"],"picked":"Shrug It Off+1","floor":41},{"not_picked":["Shrug It Off+1","Flex+1"],"picked":"Rupture+1","floor":46},{"not_picked":["Master of Strategy+1","Impatience+1"],"picked":"Finesse+1","floor":47},{"not_picked":["Jack Of All Trades+1","Secret Technique+1"],"picked":"Dramatic Entrance","floor":47},{"not_picked":["Infernal Blade+1","Entrench+1"],"picked":"Metallicize+1","floor":48},{"not_picked":["Exhume+1","Whirlwind+1","Armaments+1"],"picked":"Rampage","floor":54}],"player_experience":253730,"relics_obtained":[{"floor":8,"key":"Dodecahedron"},{"floor":11,"key":"Thread and Needle"},{"floor":23,"key":"Lantern"},{"floor":23,"key":"Darkstone Periapt"},{"floor":25,"key":"Enchiridion"},{"floor":26,"key":"Paper Frog"},{"floor":29,"key":"War Paint"},{"floor":29,"key":"Ancient Tea Set"},{"floor":39,"key":"Charon\u0027s Ashes"},{"floor":41,"key":"Juzu Bracelet"},{"floor":41,"key":"Toxic Egg 2"},{"floor":43,"key":"Frozen Egg 2"},{"floor":46,"key":"Ornamental Fan"},{"floor":46,"key":"Whetstone"},{"floor":48,"key":"Bottled Flame"},{"floor":48,"key":"Question Card"},{"floor":54,"key":"Centennial Puzzle"},{"floor":54,"key":"Sundial"}],"event_choices":[{"damage_healed":0,"gold_gain":175,"player_choice":"AGREE","damage_taken":0,"max_hp_gain":0,"max_hp_loss":0,"event_name":"Liars Game","floor":3,"gold_loss":0,"cards_obtained":["Doubt"]},{"damage_healed":0,"gold_gain":0,"player_choice":"Trade","damage_taken":0,"relics_obtained":["CultistMask"],"max_hp_gain":0,"max_hp_loss":0,"event_name":"FaceTrader","floor":4,"gold_loss":0},{"damage_healed":0,"gold_gain":0,"player_choice":"Upgraded","damage_taken":0,"max_hp_gain":0,"max_hp_loss":0,"event_name":"Upgrade Shrine","floor":7,"gold_loss":0,"cards_upgraded":["Defend_R"]},{"damage_healed":0,"gold_gain":0,"player_choice":"Ignored","damage_taken":0,"max_hp_gain":0,"max_hp_loss":0,"event_name":"Ghosts","floor":19,"gold_loss":0},{"damage_healed":0,"gold_gain":0,"player_choice":"Shed Blood","damage_taken":22,"max_hp_gain":5,"max_hp_loss":0,"event_name":"Forgotten Altar","floor":21,"gold_loss":0},{"damage_healed":0,"gold_gain":0,"player_choice":"Ignored","damage_taken":0,"max_hp_gain":0,"max_hp_loss":0,"event_name":"Vampires","floor":22,"gold_loss":0},{"damage_healed":0,"gold_gain":0,"player_choice":"Obtained Book","damage_taken":16,"max_hp_gain":0,"max_hp_loss":0,"event_name":"Cursed Tome","floor":25,"gold_loss":0},{"damage_healed":0,"gold_gain":0,"player_choice":"Paid","damage_taken":0,"relics_obtained":["Red Mask"],"max_hp_gain":0,"max_hp_loss":0,"event_name":"Tomb of Lord Red Mask","floor":37,"gold_loss":89},{"damage_healed":0,"gold_gain":0,"player_choice":"Fight","damage_taken":0,"max_hp_gain":0,"max_hp_loss":0,"event_name":"MindBloom","floor":39,"gold_loss":0},{"damage_healed":23,"gold_gain":0,"player_choice":"Writhe","damage_taken":0,"max_hp_gain":0,"max_hp_loss":0,"event_name":"Winding Halls","floor":42,"gold_loss":0,"cards_obtained":["Writhe"]},{"cards_removed":["Corruption"],"damage_healed":0,"gold_gain":0,"player_choice":"Removed Power","damage_taken":0,"max_hp_gain":0,"max_hp_loss":0,"event_name":"Falling","floor":45,"gold_loss":0},{"damage_healed":0,"gold_gain":0,"player_choice":"Memory 2","damage_taken":5,"max_hp_gain":0,"max_hp_loss":0,"event_name":"SensoryStone","floor":47,"gold_loss":0}],"is_beta":false,"boss_relics":[{"not_picked":["Empty Cage","Runic Dome"],"picked":"Black Star"},{"not_picked":["Eternal Feather","Black Blood"],"picked":"Astrolabe"}],"items_purged_floors":[14,20],"is_endless":false,"potions_floor_spawned":[1,11,12,16,29,35,41,46],"ascension_level":2}