{"gold_per_floor":[110,14,14,25,25,25,39,58,110,121,134,151,116,135,135,240,240,255,255,255,54,54,54,68,85,85,102,118,118,118],"floor_reached":30,"playtime":1602,"items_purged":[],"score":330,"play_id":"a43296e1-4ded-4970-950b-4ec8065fb5be","local_time":"20190819150817","is_ascension_mode":true,"campfire_choices":[{"data":"Capacitor","floor":6,"key":"SMITH"},{"data":"Undo","floor":15,"key":"SMITH"},{"data":"Conserve Battery","floor":23,"key":"SMITH"},{"floor":29,"key":"REST"}],"neow_cost":"NONE","seed_source_timestamp":17604411668319,"circlet_count":0,"master_deck":["Strike_B+1","Strike_B+1","Strike_B+1","Strike_B+1","Defend_B+1","Defend_B+1","Defend_B+1","Defend_B+1","Zap","Dualcast","Ball Lightning","Gash","Capacitor+1","Hologram","White Noise","Undo+1","Conserve Battery+1","Gash","All For One","Go for the Eyes","Hologram","BootSequence+1","Steam+1"],"relics":["Cracked Core","Potion Belt","Lee\u0027s Waffle","Nloth\u0027s Gift","Toxic Egg 2"],"potions_floor_usage":[7,7,12,12,14,16,18,28,30],"damage_taken":[{"damage":0,"enemies":"2 Louse","floor":1,"turns":2},{"damage":0,"enemies":"Cultist","floor":4,"turns":3},{"damage":0,"enemies":"Small Slimes","floor":7,"turns":1},{"damage":13,"enemies":"Exordium Wildlife","floor":8,"turns":4},{"damage":8,"enemies":"Blue Slaver","floor":10,"turns":3},{"damage":0,"enemies":"Large Slime","floor":11,"turns":4},{"damage":0,"enemies":"Lots of Slimes","floor":12,"turns":4},{"damage":8,"enemies":"Looter","floor":14,"turns":2},{"damage":53,"enemies":"Slime Boss","floor":16,"turns":11},{"damage":26,"enemies":"2 Thieves","floor":18,"turns":5},{"damage":25,"enemies":"3 Byrds","floor":24,"turns":6},{"damage":17,"enemies":"Snecko","floor":25,"turns":5},{"damage":21,"enemies":"Centurion and Healer","floor":27,"turns":8},{"damage":11,"enemies":"Snake Plant","floor":28,"turns":5},{"damage":61,"enemies":"Cultist and Chosen","floor":30,"turns":6}],"seed_played":"6661286146956414595","potions_obtained":[{"floor":5,"key":"Weak Potion"},{"floor":5,"key":"Fire Potion"},{"floor":5,"key":"Strength Potion"},{"floor":7,"key":"SpeedPotion"},{"floor":8,"key":"EssenceOfSteel"},{"floor":10,"key":"SkillPotion"},{"floor":16,"key":"Poison Potion"},{"floor":27,"key":"Dexterity Potion"},{"floor":28,"key":"PowerPotion"}],"is_trial":false,"path_per_floor":["M","$","?","M","?","R","M","M","T","M","M","M","?","M","R","B",null,"M","?","?","$","?","R","M","M","T","M","M","R","M"],"character_chosen":"DEFECT","items_purchased":["Gash","Capacitor","Lee\u0027s Waffle"],"campfire_rested":1,"item_purchase_floors":[2,2,21],"current_hp_per_floor":[75,75,80,80,80,80,80,67,67,59,59,59,80,72,72,19,70,44,73,73,94,94,94,69,52,52,31,20,48,0],"gold":118,"neow_bonus":"TEN_PERCENT_HP_BONUS","is_prod":false,"is_daily":false,"chose_seed":false,"campfire_upgraded":3,"win_rate":0,"timestamp":1566223697,"path_taken":["M","$","?","M","?","R","M","M","T","?","M","M","?","M","R","BOSS","M","?","?","$","?","R","M","M","T","M","?","R","M"],"build_version":"2019-07-17","purchased_purges":0,"victory":false,"max_hp_per_floor":[82,82,87,87,87,87,87,87,87,87,87,87,87,87,87,87,87,87,87,87,94,94,94,94,94,94,94,94,94,94],"card_choices":[{"not_picked":["Sweeping Beam","Conserve Battery"],"picked":"Ball Lightning","floor":1},{"not_picked":["Steam","Streamline"],"picked":"Hologram","floor":4},{"not_picked":["Redo","Compile Driver"],"picked":"White Noise","floor":7},{"not_picked":["Storm","Hologram"],"picked":"Undo","floor":8},{"not_picked":["Beam Cell","Barrage","Melter"],"picked":"SKIP","floor":10},{"not_picked":["Steam Power","Redo"],"picked":"Conserve Battery","floor":11},{"not_picked":["Chaos","Multi-Cast","Compile Driver"],"picked":"SKIP","floor":12},{"not_picked":["Stack","Coolheaded"],"picked":"Gash","floor":14},{"not_picked":["Fission","Machine Learning"],"picked":"All For One","floor":16},{"not_picked":["Doom and Gloom","Hologram","Aggregate"],"picked":"SKIP","floor":18},{"not_picked":["Static Discharge","Beam Cell"],"picked":"Go for the Eyes","floor":24},{"not_picked":["Force Field","Redo"],"picked":"Hologram","floor":25},{"not_picked":["All For One","Recycle+1"],"picked":"BootSequence+1","floor":27},{"not_picked":["Ball Lightning","Compile Driver+1"],"picked":"Steam+1","floor":28}],"player_experience":444043,"relics_obtained":[{"floor":9,"key":"Potion Belt"},{"floor":26,"key":"Toxic Egg 2"}],"event_choices":[{"damage_healed":0,"gold_gain":0,"player_choice":"Donut","damage_taken":0,"max_hp_gain":5,"max_hp_loss":0,"event_name":"Big Fish","floor":3,"gold_loss":0},{"damage_healed":0,"gold_gain":0,"player_choice":"Got Potions","damage_taken":0,"max_hp_gain":0,"max_hp_loss":0,"event_name":"Lab","floor":5,"gold_loss":0},{"damage_healed":21,"gold_gain":0,"player_choice":"Healed","damage_taken":0,"max_hp_gain":0,"max_hp_loss":0,"event_name":"The Cleric","floor":13,"gold_loss":35},{"damage_healed":29,"gold_gain":0,"player_choice":"Heal","damage_taken":0,"max_hp_gain":0,"max_hp_loss":0,"event_name":"The Library","floor":19,"gold_loss":0},{"damage_healed":0,"gold_gain":0,"player_choice":"Simplicity","damage_taken":0,"max_hp_gain":0,"max_hp_loss":0,"event_name":"Back to Basics","floor":20,"gold_loss":0,"cards_upgraded":["Strike_B","Strike_B","Strike_B","Strike_B","Defend_B","Defend_B","Defend_B","Defend_B"]},{"damage_healed":0,"gold_gain":0,"player_choice":"Traded Relic","damage_taken":0,"relics_obtained":["Nloth\u0027s Gift"],"max_hp_gain":0,"max_hp_loss":0,"event_name":"N\u0027loth","floor":22,"relics_lost":["Black Star"],"gold_loss":0}],"is_beta":false,"boss_relics":[{"not_picked":["Philosopher\u0027s Stone","Runic Pyramid"],"picked":"Black Star"}],"items_purged_floors":[],"is_endless":false,"potions_floor_spawned":[7,8,10,16,27,28],"killed_by":"Cultist and Chosen","ascension_level":7}