{"gold_per_floor":[110,210,29,29,48,73,73,103,403,419,419,408,47,60,60,159,159,177,177,189,35,50,50,76,76,101,129,141,66,66,78,78,181,181,196,206,206,306,324,353,353,21,21,21,40,68,68,84,84,84,84,84,12,12],"floor_reached":54,"playtime":2838,"items_purged":["Strike_B","Strike_B","Strike_B"],"score":997,"play_id":"9e82c4f5-b113-4844-bcfd-00b10c01aa79","local_time":"20190526230425","is_ascension_mode":true,"campfire_choices":[{"floor":7,"key":"REST"},{"floor":11,"key":"REST"},{"floor":15,"key":"REST"},{"floor":23,"key":"REST"},{"data":"1","floor":25,"key":"LIFT"},{"floor":30,"key":"REST"},{"floor":32,"key":"REST"},{"floor":41,"key":"REST"},{"floor":44,"key":"RECALL"},{"data":"2","floor":47,"key":"LIFT"},{"floor":49,"key":"REST"},{"data":"3","floor":52,"key":"LIFT"}],"neow_cost":"NONE","seed_source_timestamp":1037073706926858,"circlet_count":0,"master_deck":["Defend_B","Defend_B","Defend_B","Zap","Dualcast+1","Compile Driver","Static Discharge","Doom and Gloom","Heatsinks","Hologram","Ball Lightning","Coolheaded+1","Coolheaded","Gash","Machine Learning","Cold Snap+1","Gash","Reprogram","Self Repair","Loop","Biased Cognition","All For One","Gash+1","Stack+1","White Noise+1","Undo","Undo","Hologram","Defragment"],"relics":["Fusion Hammer","Gambling Chip","Girya","Old Coin","Bottled Lightning","Runic Pyramid","DataDisk","War Paint","Centennial Puzzle","Happy Flower","Inserter","Meat on the Bone","ClockworkSouvenir","Dream Catcher"],"potions_floor_usage":[14,14,27,33,33,33,40,50,54],"damage_taken":[{"damage":7,"enemies":"Small Slimes","floor":1,"turns":4},{"damage":1,"enemies":"Cultist","floor":5,"turns":4},{"damage":36,"enemies":"Gremlin Nob","floor":6,"turns":5},{"damage":25,"enemies":"Lagavulin","floor":8,"turns":5},{"damage":5,"enemies":"2 Louse","floor":10,"turns":2},{"damage":7,"enemies":"Exordium Thugs","floor":12,"turns":4},{"damage":9,"enemies":"Lots of Slimes","floor":14,"turns":2},{"damage":28,"enemies":"Slime Boss","floor":16,"turns":7},{"damage":16,"enemies":"Spheric Guardian","floor":18,"turns":6},{"damage":3,"enemies":"Chosen","floor":20,"turns":4},{"damage":13,"enemies":"Sentry and Sphere","floor":22,"turns":5},{"damage":21,"enemies":"Gremlin Leader","floor":24,"turns":5},{"damage":25,"enemies":"Slavers","floor":27,"turns":5},{"damage":1,"enemies":"Centurion and Healer","floor":28,"turns":7},{"damage":22,"enemies":"Shelled Parasite and Fungi","floor":31,"turns":5},{"damage":22,"enemies":"Collector","floor":33,"turns":9},{"damage":31,"enemies":"3 Shapes","floor":35,"turns":5},{"damage":0,"enemies":"Orb Walker","floor":36,"turns":5},{"damage":12,"enemies":"Jaw Worm Horde","floor":39,"turns":4},{"damage":20,"enemies":"Nemesis","floor":40,"turns":7},{"damage":12,"enemies":"Maw","floor":45,"turns":6},{"damage":8,"enemies":"Giant Head","floor":46,"turns":8},{"damage":47,"enemies":"Writhing Mass","floor":48,"turns":7},{"damage":20,"enemies":"Donu and Deca","floor":50,"turns":8},{"damage":69,"enemies":"Shield and Spear","floor":54,"turns":5}],"seed_played":"3685600954511673689","potions_obtained":[{"floor":5,"key":"Strength Potion"},{"floor":8,"key":"AttackPotion"},{"floor":12,"key":"PowerPotion"},{"floor":20,"key":"Ancient Potion"},{"floor":24,"key":"Dexterity Potion"},{"floor":31,"key":"SkillPotion"},{"floor":33,"key":"Swift Potion"},{"floor":36,"key":"EssenceOfSteel"},{"floor":39,"key":"FocusPotion"},{"floor":45,"key":"FearPotion"}],"is_trial":false,"path_per_floor":["M","?","$","?","M","E","R","E","T","M","R","M","$","M","R","B",null,"M","?","M","$","M","R","E","R","T","E","M","$","R","M","R","B",null,"M","M","?","?","M","E","R","$","T","R","M","E","R","M","R","B",null,"R","$","E"],"character_chosen":"DEFECT","items_purchased":["Static Discharge","Doom and Gloom","Coolheaded","Bottled Lightning","DataDisk","Loop","ClockworkSouvenir","Defragment"],"campfire_rested":8,"item_purchase_floors":[3,3,13,13,21,29,42,53],"current_hp_per_floor":[61,61,61,54,53,17,39,14,14,9,31,24,24,15,37,9,59,43,43,40,40,27,49,28,28,28,10,16,16,38,23,45,30,64,40,47,47,47,35,22,44,44,44,44,51,50,50,22,44,43,67,67,67,0],"gold":12,"neow_bonus":"BOSS_RELIC","is_prod":false,"is_daily":false,"chose_seed":false,"campfire_upgraded":0,"win_rate":0,"timestamp":1558926265,"path_taken":["M","?","?","?","M","E","R","E","T","M","R","M","$","M","R","BOSS","M","?","M","?","M","R","E","R","T","E","M","$","R","M","R","BOSS","M","?","?","?","?","E","R","$","T","R","?","E","R","M","R","BOSS","R","$","E"],"build_version":"2019-01-23","purchased_purges":3,"victory":false,"max_hp_per_floor":[75,75,75,75,75,75,75,75,75,75,75,75,75,75,75,75,75,75,75,75,75,75,75,75,75,75,75,75,75,75,75,75,75,75,75,75,75,75,75,75,75,75,75,75,75,75,75,75,75,75,75,75,75,75],"card_choices":[{"not_picked":["Redo","Barrage"],"picked":"Compile Driver","floor":1},{"not_picked":["Rip and Tear","Skim"],"picked":"Heatsinks","floor":5},{"not_picked":["Redo","Beam Cell"],"picked":"Hologram","floor":6},{"not_picked":["Heatsinks","Streamline"],"picked":"Ball Lightning","floor":8},{"not_picked":["Beam Cell","Steam"],"picked":"Coolheaded","floor":10},{"not_picked":["Go for the Eyes","Beam Cell","Compile Driver"],"picked":"SKIP","floor":12},{"not_picked":["Rebound","Barrage"],"picked":"Gash","floor":14},{"not_picked":["Hyperbeam","Meteor Strike"],"picked":"Machine Learning","floor":16},{"not_picked":["Streamline","Heatsinks"],"picked":"Cold Snap+1","floor":18},{"not_picked":["Redo","Streamline","Rebound"],"picked":"SKIP","floor":20},{"not_picked":["Aggregate+1","Doom and Gloom"],"picked":"Reprogram","floor":22},{"not_picked":["Aggregate","Compile Driver"],"picked":"Self Repair","floor":24},{"not_picked":["Cold Snap","Reprogram+1","Compile Driver"],"picked":"SKIP","floor":27},{"not_picked":["Blizzard","Ball Lightning","Turbo"],"picked":"SKIP","floor":28},{"not_picked":["Turbo","Coolheaded"],"picked":"Biased Cognition","floor":31},{"not_picked":["Reboot","Multi-Cast"],"picked":"All For One","floor":33},{"not_picked":["Ball Lightning+1","Compile Driver"],"picked":"Gash+1","floor":35},{"not_picked":["BootSequence","Rip and Tear+1","Darkness+1"],"picked":"SKIP","floor":36},{"not_picked":["Cold Snap+1","Aggregate","Ball Lightning"],"picked":"SKIP","floor":39},{"not_picked":["Doom and Gloom+1","Buffer"],"picked":"Stack+1","floor":40},{"not_picked":["Steam","Compile Driver+1"],"picked":"White Noise+1","floor":45},{"not_picked":["Barrage+1","FTL"],"picked":"Undo","floor":46},{"not_picked":["Rip and Tear+1","Beam Cell"],"picked":"Undo","floor":48},{"not_picked":["Cold Snap","Compile Driver"],"picked":"Hologram","floor":49}],"player_experience":515215,"relics_obtained":[{"floor":6,"key":"Gambling Chip"},{"floor":8,"key":"Girya"},{"floor":9,"key":"Old Coin"},{"floor":24,"key":"War Paint"},{"floor":26,"key":"Centennial Puzzle"},{"floor":27,"key":"Happy Flower"},{"floor":40,"key":"Meat on the Bone"},{"floor":46,"key":"Dream Catcher"}],"event_choices":[{"damage_healed":0,"gold_gain":100,"player_choice":"Pray","damage_taken":0,"max_hp_gain":0,"max_hp_loss":0,"event_name":"Golden Shrine","floor":2,"gold_loss":0},{"cards_removed":["Strike_B"],"damage_healed":0,"gold_gain":0,"player_choice":"Card Removal","damage_taken":7,"max_hp_gain":0,"max_hp_loss":0,"event_name":"Golden Wing","floor":4,"gold_loss":0},{"damage_healed":0,"gold_gain":0,"player_choice":"Copied","damage_taken":0,"max_hp_gain":0,"max_hp_loss":0,"event_name":"Duplicator","floor":19,"gold_loss":0,"cards_obtained":["Gash"]},{"cards_removed":["Defend_B"],"damage_healed":0,"gold_gain":0,"player_choice":"Removed Skill","damage_taken":0,"max_hp_gain":0,"max_hp_loss":0,"event_name":"Falling","floor":37,"gold_loss":0},{"damage_healed":0,"gold_gain":100,"player_choice":"Pray","damage_taken":0,"max_hp_gain":0,"max_hp_loss":0,"event_name":"Golden Shrine","floor":38,"gold_loss":0}],"is_beta":false,"boss_relics":[{"not_picked":["Pandora\u0027s Box","Philosopher\u0027s Stone"],"picked":"Runic Pyramid"},{"not_picked":["Black Star","Eternal Feather"],"picked":"Inserter"}],"items_purged_floors":[3,13,42],"is_endless":false,"potions_floor_spawned":[5,8,12,20,24,31,33,36,39,45],"killed_by":"Shield and Spear","ascension_level":7}