{"gold_per_floor":[118,138,313,313,326,352,352,367,447,479,479,479,504,454,454,554,554,567,70,80,80,80,110,110,145,145,175,175,194,42,60,60,162,162,178,193,193,93,113,113,147,22,22,22,22],"floor_reached":45,"playtime":1610,"items_purged":["Strike_R","Normality","Flex"],"score":522,"play_id":"9574423f-e8a4-4408-b843-14b836806303","local_time":"20190106224052","is_ascension_mode":true,"campfire_choices":[{"data":"Shockwave","floor":7,"key":"SMITH"},{"data":"Anger","floor":11,"key":"SMITH"},{"data":"Flex","floor":12,"key":"SMITH"},{"data":"Evolve","floor":15,"key":"SMITH"},{"data":"Fire Breathing","floor":24,"key":"SMITH"},{"data":"Offering","floor":28,"key":"SMITH"},{"floor":32,"key":"REST"},{"data":"Immolate","floor":40,"key":"SMITH"},{"data":"Anger","floor":44,"key":"SMITH"}],"neow_cost":"NONE","seed_source_timestamp":1341563077774053,"circlet_count":0,"master_deck":["Strike_R","Strike_R","Strike_R+1","Defend_R","Defend_R","Defend_R+1","Defend_R+1","Bash+1","Flex+1","Evolve+1","Shockwave+1","Immolate+1","Anger+1","Carnage","Immolate","Offering+1","Wild Strike+1","Fire Breathing+1","Twin Strike","Berserk","Wild Strike","Iron Wave+1","Demon Form","Reaper","Pommel Strike+1","Anger+1","Fire Breathing","Flex+1","Cleave+1","Doubt"],"relics":["Burning Blood","WingedGreaves","Meat on the Bone","Red Skull","War Paint","Cursed Key","Toolbox","Whetstone","MutagenicStrength","Boot","Vajra","Gambling Chip","Red Mask","Blood Vial","Coffee Dripper","Pen Nib","Shuriken"],"potions_floor_usage":[25,33,33],"damage_taken":[{"damage":9,"enemies":"Small Slimes","floor":1,"turns":4},{"damage":0,"enemies":"2 Louse","floor":2,"turns":2},{"damage":1,"enemies":"Cultist","floor":5,"turns":3},{"damage":32,"enemies":"Gremlin Nob","floor":6,"turns":4},{"damage":10,"enemies":"Looter","floor":8,"turns":3},{"damage":22,"enemies":"3 Sentries","floor":10,"turns":5},{"damage":16,"enemies":"Gremlin Nob","floor":13,"turns":3},{"damage":8,"enemies":"Slime Boss","floor":16,"turns":5},{"damage":5,"enemies":"Spheric Guardian","floor":18,"turns":3},{"damage":14,"enemies":"2 Thieves","floor":20,"turns":2},{"damage":29,"enemies":"Slavers","floor":23,"turns":3},{"damage":27,"enemies":"Book of Stabbing","floor":25,"turns":3},{"damage":0,"enemies":"Masked Bandits","floor":27,"turns":1},{"damage":15,"enemies":"Snecko","floor":29,"turns":3},{"damage":0,"enemies":"Centurion and Healer","floor":31,"turns":2},{"damage":36,"enemies":"Collector","floor":33,"turns":5},{"damage":37,"enemies":"3 Darklings","floor":35,"turns":4},{"damage":6,"enemies":"3 Shapes","floor":36,"turns":2},{"damage":6,"enemies":"Jaw Worm Horde","floor":39,"turns":1},{"damage":18,"enemies":"Giant Head","floor":41,"turns":5},{"damage":78,"enemies":"Reptomancer","floor":45,"turns":2}],"seed_played":"-4356417035679197028","potions_obtained":[{"floor":1,"key":"Energy Potion"},{"floor":2,"key":"LiquidBronze"},{"floor":13,"key":"SteroidPotion"},{"floor":27,"key":"Poison Potion"},{"floor":35,"key":"Poison Potion"}],"is_trial":false,"path_per_floor":["M","M","?","?","M","E","R","M","T","E","R","R","E","?","R","B",null,"M","$","M","?","?","E","R","E","T","?","R","M","$","M","R","B",null,"M","M","?","$","M","R","E","$","T","R","E"],"character_chosen":"IRONCLAD","items_purchased":["Fire Breathing","Toolbox","Whetstone","Blood Vial"],"campfire_rested":1,"item_purchase_floors":[19,19,19,30],"current_hp_per_floor":[77,80,80,80,80,54,54,50,50,46,46,46,48,48,48,58,80,80,80,72,72,72,49,49,40,40,58,58,49,49,57,80,50,80,66,80,80,80,80,80,68,68,68,68,0],"gold":22,"neow_bonus":"UPGRADE_CARD","is_prod":false,"is_daily":false,"chose_seed":false,"campfire_upgraded":8,"win_rate":0,"timestamp":1546832452,"path_taken":["M","M","?","?","?","E","R","M","T","E","R","R","E","?","R","BOSS","M","$","M","?","?","E","R","E","T","?","R","M","$","M","R","BOSS","M","M","?","$","?","R","E","$","T","R","E"],"build_version":"2019-01-03v4","purchased_purges":3,"victory":false,"max_hp_per_floor":[80,80,80,80,80,80,80,80,80,80,80,80,80,80,80,80,80,80,80,80,80,80,80,80,80,80,80,80,80,80,80,80,80,80,80,80,80,80,80,80,80,80,80,80,80],"card_choices":[{"not_picked":["Second Wind","Intimidate"],"picked":"Flex","floor":1},{"not_picked":["Rage","Clothesline"],"picked":"Evolve","floor":2},{"not_picked":["Clothesline","Body Slam"],"picked":"Shockwave","floor":5},{"not_picked":["Headbutt","Searing Blow"],"picked":"Immolate","floor":6},{"not_picked":["Pommel Strike","Entrench"],"picked":"Anger","floor":8},{"not_picked":["Entrench","True Grit"],"picked":"Carnage","floor":10},{"not_picked":["Heavy Blade","Double Tap"],"picked":"Immolate","floor":13},{"not_picked":["Berserk","Feed"],"picked":"Offering","floor":16},{"not_picked":["Iron Wave","True Grit+1"],"picked":"Wild Strike","floor":18},{"not_picked":["Whirlwind","Body Slam+1"],"picked":"Twin Strike","floor":20},{"not_picked":["Corruption","Sword Boomerang+1"],"picked":"Berserk","floor":23},{"not_picked":["Havoc","Heavy Blade"],"picked":"Wild Strike","floor":25},{"not_picked":["Seeing Red","Hemokinesis"],"picked":"Flex","floor":27},{"not_picked":["Havoc","Perfected Strike"],"picked":"Iron Wave+1","floor":29},{"not_picked":["True Grit","Sentinel"],"picked":"Demon Form","floor":31},{"not_picked":["Berserk","Double Tap"],"picked":"Reaper","floor":33},{"not_picked":["Whirlwind+1","Burning Pact+1"],"picked":"Pommel Strike+1","floor":35},{"not_picked":["Blood for Blood","Heavy Blade+1"],"picked":"Anger","floor":36},{"not_picked":["Intimidate","Second Wind"],"picked":"Flex+1","floor":39},{"not_picked":["Warcry+1","True Grit+1"],"picked":"Cleave+1","floor":41}],"player_experience":230795,"relics_obtained":[{"floor":6,"key":"WingedGreaves"},{"floor":9,"key":"Meat on the Bone"},{"floor":10,"key":"Red Skull"},{"floor":13,"key":"War Paint"},{"floor":23,"key":"Boot"},{"floor":25,"key":"Vajra"},{"floor":26,"key":"Gambling Chip"},{"floor":27,"key":"Red Mask"},{"floor":41,"key":"Pen Nib"},{"floor":43,"key":"Shuriken"}],"event_choices":[{"damage_healed":0,"gold_gain":175,"player_choice":"AGREE","damage_taken":0,"max_hp_gain":0,"max_hp_loss":0,"event_name":"Liars Game","floor":3,"gold_loss":0,"cards_obtained":["Doubt"]},{"cards_removed":["Doubt"],"damage_healed":0,"gold_gain":0,"player_choice":"Purged","damage_taken":0,"max_hp_gain":0,"max_hp_loss":0,"event_name":"Purifier","floor":4,"gold_loss":0},{"cards_removed":["Strike_R"],"damage_healed":0,"gold_gain":0,"player_choice":"Card Removal","damage_taken":0,"max_hp_gain":0,"max_hp_loss":0,"event_name":"The Cleric","floor":14,"gold_loss":50},{"damage_healed":0,"gold_gain":0,"player_choice":"Ignored","damage_taken":0,"max_hp_gain":0,"max_hp_loss":0,"event_name":"Vampires","floor":21,"gold_loss":0},{"damage_healed":0,"gold_gain":0,"player_choice":"Inject Mutagens","damage_taken":0,"relics_obtained":["MutagenicStrength"],"max_hp_gain":0,"max_hp_loss":0,"event_name":"Drug Dealer","floor":22,"gold_loss":0},{"damage_healed":0,"gold_gain":0,"player_choice":"Fought Bandits","damage_taken":0,"max_hp_gain":0,"max_hp_loss":0,"event_name":"Masked Bandits","floor":27,"gold_loss":0},{"damage_healed":0,"gold_gain":0,"player_choice":"1 cards matched","damage_taken":0,"max_hp_gain":0,"max_hp_loss":0,"event_name":"Match and Keep!","floor":37,"gold_loss":0,"cards_obtained":["Fire Breathing"]}],"is_beta":false,"boss_relics":[{"not_picked":["Eternal Feather","Busted Crown"],"picked":"Cursed Key"},{"not_picked":["Empty Cage","Orrery"],"picked":"Coffee Dripper"}],"items_purged_floors":[19,38,42],"is_endless":false,"potions_floor_spawned":[1,2,13,16,20,23,27,31,35],"killed_by":"Reptomancer","ascension_level":1}