{"gold_per_floor":[113,125,139,59,77,77,97,97,97,97,111,111,36,46,46,149,149,167,67,80,93,16,36,36,65,65,83,101,101,118,131,131,227,227,241,255,301,301,318,318,337,337,337,337,362,380,395,84,84,84],"floor_reached":50,"playtime":5362,"items_purged":["Strike_R","Strike_R","Strike_R"],"score":487,"play_id":"c815c996-1f55-4e24-9170-cc91ef3464f2","local_time":"20190819133037","is_ascension_mode":false,"campfire_choices":[{"data":"Searing Blow","floor":6.0,"key":"SMITH"},{"data":"Searing Blow+1","floor":8.0,"key":"SMITH"},{"data":"Searing Blow+2","floor":12.0,"key":"SMITH"},{"data":"Searing Blow+3","floor":15.0,"key":"SMITH"},{"data":"Searing Blow+4","floor":32.0,"key":"SMITH"},{"data":"Searing Blow+5","floor":40.0,"key":"SMITH"},{"data":"Searing Blow+6","floor":42.0,"key":"SMITH"},{"data":"Searing Blow+7","floor":44.0,"key":"SMITH"},{"floor":49.0,"key":"RECALL"}],"neow_cost":"NONE","seed_source_timestamp":0,"circlet_count":0,"master_deck":["Strike_R","Defend_R","Defend_R","Defend_R","Defend_R","Bash","Shrug It Off","Armaments","Heavy Blade","Searing Blow+8","Armaments","Thunderclap","Immolate","Battle Trance","Spot Weakness","Evolve","Demon Form","Armaments+1","Rage","Dual Wield"],"special_seed":0,"relics":["Burning Blood","Sundial","Busted Crown","Ancient Tea Set","Bottled Lightning","Runic Dome","Unceasing Top","Art of War","Bag of Marbles"],"potions_floor_usage":[50,50,50],"damage_taken":[{"damage":0.0,"enemies":"Small Slimes","floor":1.0,"turns":3.0},{"damage":5.0,"enemies":"Jaw Worm","floor":2.0,"turns":3.0},{"damage":1.0,"enemies":"Cultist","floor":3.0,"turns":3.0},{"damage":8.0,"enemies":"Large Slime","floor":5.0,"turns":9.0},{"damage":2.0,"enemies":"Blue Slaver","floor":7.0,"turns":4.0},{"damage":16.0,"enemies":"Lots of Slimes","floor":11.0,"turns":5.0},{"damage":0.0,"enemies":"3 Louse","floor":14.0,"turns":3.0},{"damage":64.0,"enemies":"Hexaghost","floor":16.0,"turns":12.0},{"damage":0.0,"enemies":"Spheric Guardian","floor":18.0,"turns":2.0},{"damage":2.0,"enemies":"Shell Parasite","floor":20.0,"turns":4.0},{"damage":14.0,"enemies":"Shelled Parasite and Fungi","floor":21.0,"turns":4.0},{"damage":2.0,"enemies":"Snecko","floor":23.0,"turns":4.0},{"damage":20.0,"enemies":"Book of Stabbing","floor":25.0,"turns":3.0},{"damage":3.0,"enemies":"Snake Plant","floor":27.0,"turns":4.0},{"damage":10.0,"enemies":"Sentry and Sphere","floor":28.0,"turns":5.0},{"damage":0.0,"enemies":"Chosen and Byrds","floor":30.0,"turns":4.0},{"damage":6.0,"enemies":"Snake Plant","floor":31.0,"turns":3.0},{"damage":61.0,"enemies":"Collector","floor":33.0,"turns":10.0},{"damage":5.0,"enemies":"3 Darklings","floor":35.0,"turns":5.0},{"damage":8.0,"enemies":"3 Shapes","floor":36.0,"turns":2.0},{"damage":21.0,"enemies":"2 Orb Walkers","floor":37.0,"turns":3.0},{"damage":10.0,"enemies":"Writhing Mass","floor":39.0,"turns":3.0},{"damage":5.0,"enemies":"Sphere and 2 Shapes","floor":41.0,"turns":3.0},{"damage":29.0,"enemies":"Maw","floor":46.0,"turns":7.0},{"damage":23.0,"enemies":"3 Darklings","floor":47.0,"turns":4.0},{"damage":43,"enemies":"Awakened One","floor":50,"turns":6}],"seed_played":"-2021082378660133366","potions_obtained":[{"floor":2.0,"key":"Fruit Juice"},{"floor":7.0,"key":"Strength Potion"},{"floor":11.0,"key":"Energy Potion"},{"floor":16.0,"key":"Weak Potion"},{"floor":20.0,"key":"SteroidPotion"},{"floor":21.0,"key":"GamblersBrew"},{"floor":23.0,"key":"Fire Potion"},{"floor":35.0,"key":"SpeedPotion"},{"floor":36.0,"key":"Explosive Potion"},{"floor":37.0,"key":"Explosive Potion"},{"floor":47.0,"key":"Dexterity Potion"}],"is_trial":false,"path_per_floor":["M","M","M","$","M","R","M","R","T","?","M","R","$","M","R","B",null,"M","$","M","M","$","M","?","E","T","M","M","?","M","M","R","B",null,"M","M","?","?","M","R","M","R","T","R","T","M","M","$","R","B"],"character_chosen":"IRONCLAD","items_purchased":["Searing Blow","Battle Trance","Dual Wield","Bag of Marbles"],"campfire_rested":0,"item_purchase_floors":[4,22,48,48],"current_hp_per_floor":[88,88,88,93,91,91,93,93,93,86,76,76,76,82,82,24,93,93,93,93,85,85,89,89,75,75,78,74,74,80,80,80,25,93,93,91,76,76,72,72,73,73,73,73,73,50,33,33,33,0],"gold":84,"neow_bonus":"TEN_PERCENT_HP_BONUS","is_prod":false,"is_daily":false,"chose_seed":false,"campfire_upgraded":8,"win_rate":0,"timestamp":1566214237,"path_taken":["M","M","M","$","M","R","M","R","T","?","M","R","$","M","R","BOSS","M","$","M","M","$","M","?","E","T","M","M","?","M","M","R","BOSS","M","?","?","?","M","R","M","R","T","R","?","M","M","$","R","BOSS"],"build_version":"2019-01-23","purchased_purges":3,"victory":false,"max_hp_per_floor":[88,88,88,93,93,93,93,93,93,93,93,93,93,93,93,93,93,93,93,93,93,93,93,93,93,93,93,93,93,93,93,93,93,93,93,93,93,93,93,93,93,93,93,93,93,93,93,93,93,93],"card_choices":[{"not_picked":["Anger","Havoc"],"picked":"Shrug It Off","floor":1.0},{"not_picked":["Cleave","Clothesline"],"picked":"Armaments","floor":2.0},{"not_picked":["Power Through","Whirlwind"],"picked":"Heavy Blade","floor":3.0},{"not_picked":["True Grit","Body Slam"],"picked":"Armaments","floor":5.0},{"not_picked":["Havoc","Burning Pact","Battle Trance"],"picked":"SKIP","floor":7.0},{"not_picked":["Perfected Strike","Shrug It Off","Heavy Blade"],"picked":"SKIP","floor":11.0},{"not_picked":["Pummel","Fiend Fire"],"picked":"Thunderclap","floor":14.0},{"not_picked":["Impervious","Barricade"],"picked":"Immolate","floor":16.0},{"not_picked":["Entrench"],"picked":"SKIP","floor":18.0},{"not_picked":["Sentinel"],"picked":"SKIP","floor":20.0},{"not_picked":["Heavy Blade"],"picked":"SKIP","floor":21.0},{"not_picked":["Armaments"],"picked":"SKIP","floor":23.0},{"not_picked":["Sword Boomerang"],"picked":"SKIP","floor":25.0},{"not_picked":[],"picked":"Evolve","floor":27.0},{"not_picked":["Hemokinesis+1"],"picked":"SKIP","floor":28.0},{"not_picked":["Iron Wave"],"picked":"SKIP","floor":30.0},{"not_picked":["Reckless Charge+1"],"picked":"SKIP","floor":31.0},{"not_picked":[],"picked":"Demon Form","floor":33.0},{"not_picked":[],"picked":"Armaments+1","floor":35.0},{"not_picked":[],"picked":"Rage","floor":36.0},{"not_picked":["Second Wind+1"],"picked":"SKIP","floor":39.0},{"not_picked":["Warcry"],"picked":"SKIP","floor":41.0},{"not_picked":["Iron Wave+1"],"picked":"SKIP","floor":46.0},{"not_picked":["Headbutt+1"],"picked":"SKIP","floor":47.0}],"player_experience":240091,"relics_obtained":[{"floor":9.0,"key":"Sundial"},{"floor":25.0,"key":"Ancient Tea Set"},{"floor":26.0,"key":"Bottled Lightning"},{"floor":37.0,"key":"Unceasing Top"},{"floor":45.0,"key":"Art of War"}],"event_choices":[{"cards_removed":["Strike_R"],"damage_healed":0.0,"max_hp_gain":0.0,"max_hp_loss":0.0,"gold_gain":0.0,"event_name":"Golden Wing","player_choice":"Card Removal","floor":10.0,"gold_loss":0.0,"damage_taken":7.0},{"damage_healed":0.0,"max_hp_gain":0.0,"max_hp_loss":0.0,"gold_gain":0.0,"event_name":"The Library","player_choice":"Read","floor":24.0,"gold_loss":0.0,"damage_taken":0.0,"cards_obtained":["Spot Weakness"]},{"damage_healed":0.0,"max_hp_gain":0.0,"max_hp_loss":0.0,"gold_gain":0.0,"event_name":"NoteForYourself","player_choice":"Ignored","floor":29.0,"gold_loss":0.0,"damage_taken":0.0},{"damage_healed":0.0,"max_hp_gain":0.0,"max_hp_loss":0.0,"gold_gain":0.0,"event_name":"Mysterious Sphere","player_choice":"Fight","floor":37.0,"gold_loss":0.0,"damage_taken":0.0},{"damage_healed":0.0,"max_hp_gain":0.0,"max_hp_loss":0.0,"gold_gain":0.0,"event_name":"SensoryStone","player_choice":"Memory 1","floor":38.0,"gold_loss":0.0,"damage_taken":0.0}],"is_beta":false,"boss_relics":[{"not_picked":["Runic Cube","Coffee Dripper"],"picked":"Busted Crown"},{"not_picked":["Tiny House","Black Star"],"picked":"Runic Dome"}],"items_purged_floors":[13,19,48],"is_endless":false,"potions_floor_spawned":[2,7,11,16,20,21,23,35,36,37,47],"killed_by":"Awakened One","ascension_level":0}