{"gold_per_floor":[109,109,119,119,19,19,51,226,253,253,34,34,34,50,50,50],"floor_reached":16,"playtime":559,"items_purged":["Strike_G","Doubt"],"score":120,"play_id":"a2c7b78c-4535-4af1-b6f1-eb1eee0d7e74","local_time":"20190518224300","is_ascension_mode":true,"campfire_choices":[{"data":"PiercingWail","floor":6,"key":"SMITH"},{"floor":12,"key":"REST"},{"floor":15,"key":"REST"}],"neow_cost":"NONE","seed_source_timestamp":346862743819605,"circlet_count":0,"master_deck":["Defend_G","Defend_G","Defend_G","Defend_G+1","Defend_G+1","Strike_G","Strike_G","Strike_G","Strike_G+1","Survivor+1","Neutralize+1","PiercingWail+1","Backflip","Backstab","Bouncing Flask"],"relics":["Ring of the Snake","War Paint","Bottled Lightning","Bag of Preparation","Oddly Smooth Stone","Golden Idol"],"potions_floor_usage":[16],"damage_taken":[{"damage":0,"enemies":"Jaw Worm","floor":1,"turns":4},{"damage":0,"enemies":"2 Louse","floor":3,"turns":4},{"damage":24,"enemies":"3 Sentries","floor":7,"turns":15},{"damage":0,"enemies":"Small Slimes","floor":14,"turns":2},{"damage":32,"enemies":"Slime Boss","floor":16,"turns":11}],"seed_played":"-2439311323333165258","potions_obtained":[{"floor":3,"key":"Swift Potion"},{"floor":14,"key":"Weak Potion"}],"is_trial":false,"path_per_floor":["M","?","M","?","$","R","E","?","T","?","$","R","?","M","R","B"],"character_chosen":"THE_SILENT","items_purchased":["Backflip","Bouncing Flask","Strength Potion"],"campfire_rested":2,"item_purchase_floors":[5,11,11],"current_hp_per_floor":[70,56,56,56,56,56,32,32,32,14,14,35,18,18,39,7],"gold":50,"neow_bonus":"RANDOM_COMMON_RELIC","is_prod":false,"is_daily":false,"chose_seed":false,"campfire_upgraded":1,"win_rate":0,"timestamp":1558233780,"path_taken":["M","?","M","?","$","R","E","?","T","?","?","R","?","M","R","BOSS"],"build_version":"2019-01-23","purchased_purges":2,"victory":false,"max_hp_per_floor":[70,70,70,70,70,70,70,70,70,70,70,70,70,70,70,70],"card_choices":[{"not_picked":["Outmaneuver","Choke","Calculated Gamble"],"picked":"SKIP","floor":1},{"not_picked":["Blur","Backflip"],"picked":"PiercingWail","floor":3},{"not_picked":["Underhanded Strike","Reflex"],"picked":"Backstab","floor":7},{"not_picked":["All Out Attack","Flying Knee","Bane"],"picked":"SKIP","floor":14}],"player_experience":400802,"relics_obtained":[{"floor":7,"key":"Bottled Lightning"},{"floor":9,"key":"Bag of Preparation"}],"event_choices":[{"damage_healed":0,"gold_gain":0,"player_choice":"Entered Light","damage_taken":14,"max_hp_gain":0,"max_hp_loss":0,"event_name":"Shining Light","floor":2,"gold_loss":0,"cards_upgraded":["Defend_G","Strike_G"]},{"damage_healed":0,"gold_gain":0,"player_choice":"Grow","damage_taken":0,"max_hp_gain":0,"max_hp_loss":0,"event_name":"Living Wall","floor":4,"gold_loss":0,"cards_upgraded":["Neutralize"]},{"damage_healed":0,"gold_gain":175,"player_choice":"AGREE","damage_taken":0,"max_hp_gain":0,"max_hp_loss":0,"event_name":"Liars Game","floor":8,"gold_loss":0,"cards_obtained":["Doubt"]},{"damage_healed":0,"gold_gain":0,"player_choice":"Success","damage_taken":18,"relics_obtained":["Oddly Smooth Stone"],"max_hp_gain":0,"max_hp_loss":0,"event_name":"Scrap Ooze","floor":10,"gold_loss":0},{"damage_healed":0,"gold_gain":0,"player_choice":"Take Damage","damage_taken":17,"relics_obtained":["Golden Idol"],"max_hp_gain":0,"max_hp_loss":0,"event_name":"Golden Idol","floor":13,"gold_loss":0}],"is_beta":false,"boss_relics":[],"items_purged_floors":[5,11],"is_endless":false,"potions_floor_spawned":[3,14],"killed_by":"Slime Boss","ascension_level":5}