{"gold_per_floor":[209,219,60,60,135,135,135,160,183,195,215,215,57,57,57,57],"floor_reached":16,"playtime":339,"items_purged":["Strike_R","Strike_R"],"score":181,"play_id":"37f02e1a-cc1b-43a4-906f-e013b5cc11bd","local_time":"20190719174141","is_ascension_mode":true,"campfire_choices":[{"data":"Uppercut","floor":6,"key":"SMITH"},{"data":"Rampage","floor":12,"key":"SMITH"},{"floor":15,"key":"REST"}],"neow_cost":"NONE","seed_source_timestamp":844017496591917,"circlet_count":0,"master_deck":["AscendersBane","Strike_R+1","Strike_R","Strike_R","Defend_R","Defend_R","Defend_R","Defend_R","Bash","Sword Boomerang","Uppercut+1","Rampage+1","Juggernaut","Shrug It Off+1"],"relics":["Burning Blood","Blood Vial","Bronze Scales","Centennial Puzzle"],"potions_floor_usage":[16,16],"damage_taken":[{"damage":14,"enemies":"2 Louse","floor":1,"turns":3},{"damage":6,"enemies":"Cultist","floor":2,"turns":3},{"damage":28,"enemies":"Lagavulin","floor":8,"turns":7},{"damage":11,"enemies":"Small Slimes","floor":10,"turns":3},{"damage":10,"enemies":"Red Slaver","floor":11,"turns":3},{"damage":25,"enemies":"Slime Boss","floor":16,"turns":5}],"seed_played":"-1792362490616815032","potions_obtained":[{"floor":8,"key":"SteroidPotion"},{"floor":10,"key":"FearPotion"}],"is_trial":false,"path_per_floor":["M","M","$","?","?","R","?","E","T","M","M","R","$","?","R","B"],"character_chosen":"IRONCLAD","items_purchased":["Rampage","Shrug It Off"],"campfire_rested":1,"item_purchase_floors":[3,13],"current_hp_per_floor":[60,60,60,60,49,49,49,29,29,26,24,24,24,1,23,0],"gold":57,"neow_bonus":"HUNDRED_GOLD","is_prod":false,"is_daily":false,"chose_seed":false,"campfire_upgraded":2,"win_rate":0,"timestamp":1563576101,"path_taken":["M","M","$","?","?","R","?","E","T","M","M","R","$","?","R","BOSS"],"build_version":"2019-07-17","purchased_purges":2,"victory":false,"max_hp_per_floor":[75,75,75,75,75,75,75,75,75,75,75,75,75,75,75,75],"card_choices":[{"not_picked":["Burning Pact","Reckless Charge"],"picked":"Sword Boomerang","floor":1},{"not_picked":["Feel No Pain","Metallicize"],"picked":"Uppercut","floor":2},{"not_picked":["Perfected Strike","Intimidate"],"picked":"Juggernaut","floor":8},{"not_picked":["Heavy Blade","Havoc","Clothesline"],"picked":"SKIP","floor":10},{"not_picked":["Warcry","Flex","Sword Boomerang"],"picked":"SKIP","floor":11}],"player_experience":392080,"relics_obtained":[{"floor":8,"key":"Bronze Scales"},{"floor":9,"key":"Centennial Puzzle"}],"event_choices":[{"damage_healed":0,"gold_gain":0,"player_choice":"Leave","damage_taken":0,"max_hp_gain":0,"max_hp_loss":0,"event_name":"The Cleric","floor":4,"gold_loss":0},{"damage_healed":0,"gold_gain":75,"player_choice":"Gather Gold","damage_taken":11,"max_hp_gain":0,"max_hp_loss":0,"event_name":"World of Goop","floor":5,"gold_loss":0},{"damage_healed":0,"gold_gain":0,"player_choice":"Searched \u00271\u0027 times","damage_taken":0,"relics_obtained":["Blood Vial"],"max_hp_gain":0,"max_hp_loss":0,"event_name":"Dead Adventurer","floor":7,"gold_loss":0},{"damage_healed":0,"gold_gain":0,"player_choice":"Entered Light","damage_taken":23,"max_hp_gain":0,"max_hp_loss":0,"event_name":"Shining Light","floor":14,"gold_loss":0,"cards_upgraded":["Strike_R","Shrug It Off"]}],"is_beta":false,"boss_relics":[],"items_purged_floors":[3,13],"is_endless":false,"potions_floor_spawned":[8,10,11],"killed_by":"Slime Boss","ascension_level":17}