{"gold_per_floor":[119,119,139,154,154,183,183,210,210,210,222,24,86,105,105,205,205,215,125,50,60,74,74,106,125,125,159,159,172,172,199,199,303,303,320,320,338,238,238,263,296,296,296,296,330,346,94,112,112,112,112,112,11,39,39],"floor_reached":56,"playtime":10781,"items_purged":["Dualcast","Strike_B+1","Strike_B+1"],"score":1530,"play_id":"cac3f2d5-1200-4585-a6dc-f39e2fc7f7f6","local_time":"20190708143256","is_ascension_mode":true,"campfire_choices":[{"data":"Streamline","floor":7.0,"key":"SMITH"},{"floor":10.0,"key":"REST"},{"data":"Capacitor","floor":15.0,"key":"SMITH"},{"data":"Echo Form","floor":23.0,"key":"SMITH"},{"data":"Hologram","floor":28.0,"key":"SMITH"},{"data":"Capacitor","floor":30.0,"key":"SMITH"},{"data":"Glacier","floor":32.0,"key":"SMITH"},{"data":"Meteor Strike","floor":42.0,"key":"SMITH"},{"data":"Static Discharge","floor":44.0,"key":"SMITH"},{"floor":49.0,"key":"RECALL"},{"data":"Defend_B","floor":52.0,"key":"SMITH"}],"neow_cost":"NONE","seed_source_timestamp":0,"circlet_count":0,"master_deck":["Defend_B","Defend_B","Defend_B","Defend_B+1","Zap","Streamline+1","Ball Lightning","Hologram+1","Chill","Static Discharge+1","Glacier+1","All For One","Glacier+1","Capacitor+1","Echo Form+1","Rebound","Turbo+1","Double Energy+1","Capacitor+1","Auto Shields","Meteor Strike+1","All For One","Echo Form+1","Multi-Cast"],"special_seed":0,"relics":["Snecko Eye","Bronze Scales","Bird Faced Urn","Mercury Hourglass","Tiny Chest","Lizard Tail","Bag of Preparation","WingedGreaves","Calipers","Mummified Hand","Nuclear Battery","Frozen Egg 2","The Courier","Bottled Tornado","Strawberry","DollysMirror","Boot"],"potions_floor_usage":[55,55,55],"damage_taken":[{"damage":20.0,"enemies":"Jaw Worm","floor":1.0,"turns":6.0},{"damage":3.0,"enemies":"Small Slimes","floor":3.0,"turns":3.0},{"damage":0.0,"enemies":"Cultist","floor":4.0,"turns":2.0},{"damage":13.0,"enemies":"Lagavulin","floor":6.0,"turns":7.0},{"damage":4.0,"enemies":"3 Sentries","floor":8.0,"turns":9.0},{"damage":0.0,"enemies":"Lots of Slimes","floor":11.0,"turns":3.0},{"damage":0.0,"enemies":"Lagavulin","floor":13.0,"turns":6.0},{"damage":0.0,"enemies":"Exordium Thugs","floor":14.0,"turns":3.0},{"damage":0.0,"enemies":"The Guardian","floor":16.0,"turns":10.0},{"damage":3.0,"enemies":"Shell Parasite","floor":18.0,"turns":4.0},{"damage":0.0,"enemies":"Spheric Guardian","floor":21.0,"turns":3.0},{"damage":0.0,"enemies":"Cultist and Chosen","floor":22.0,"turns":6.0},{"damage":27.0,"enemies":"Slavers","floor":24.0,"turns":5.0},{"damage":0.0,"enemies":"Snecko","floor":25.0,"turns":5.0},{"damage":13.0,"enemies":"Book of Stabbing","floor":27.0,"turns":4.0},{"damage":7.0,"enemies":"Centurion and Healer","floor":29.0,"turns":6.0},{"damage":4.0,"enemies":"Gremlin Leader","floor":31.0,"turns":6.0},{"damage":4.0,"enemies":"Collector","floor":33.0,"turns":13.0},{"damage":19.0,"enemies":"3 Darklings","floor":35.0,"turns":3.0},{"damage":0.0,"enemies":"3 Shapes","floor":37.0,"turns":5.0},{"damage":0.0,"enemies":"Giant Head","floor":40.0,"turns":8.0},{"damage":11.0,"enemies":"Nemesis","floor":41.0,"turns":5.0},{"damage":41.0,"enemies":"Reptomancer","floor":45.0,"turns":4.0},{"damage":6.0,"enemies":"Spire Growth","floor":46.0,"turns":3.0},{"damage":11.0,"enemies":"Maw","floor":48.0,"turns":4.0},{"damage":37.0,"enemies":"Donu and Deca","floor":50.0,"turns":8.0},{"damage":37.0,"enemies":"Shield and Spear","floor":54.0,"turns":5.0},{"damage":30,"enemies":"The Heart","floor":55,"turns":8}],"seed_played":"4563604041399713057","potions_obtained":[{"floor":3.0,"key":"PowerPotion"},{"floor":4.0,"key":"Block Potion"},{"floor":6.0,"key":"SkillPotion"},{"floor":14.0,"key":"Fire Potion"},{"floor":16.0,"key":"Swift Potion"},{"floor":22.0,"key":"Energy Potion"},{"floor":24.0,"key":"Block Potion"},{"floor":31.0,"key":"SpeedPotion"},{"floor":37.0,"key":"LiquidBronze"},{"floor":41.0,"key":"Regen Potion"},{"floor":46.0,"key":"PowerPotion"},{"floor":48.0,"key":"Weak Potion"},{"floor":54.0,"key":"Dexterity Potion"}],"is_trial":false,"path_per_floor":["M","?","M","M","?","E","R","E","T","R","M","$","E","M","R","B",null,"M","?","$","M","M","R","E","M","T","E","R","M","R","E","R","B",null,"M","$","M","$","T","E","E","R","T","R","E","M","$","M","R","B",null,"R","$","E","B",null],"character_chosen":"DEFECT","items_purchased":["All For One","Glacier","DollysMirror","GamblersBrew","PowerPotion"],"campfire_rested":1,"item_purchase_floors":[12,12,47,53,53],"current_hp_per_floor":[55,48,45,45,30,17,17,13,13,35,37,37,37,39,39,43,75,74,74,74,75,75,75,52,58,58,53,53,52,52,56,56,60,75,58,58,70,70,70,75,68,68,68,68,53,55,55,58,58,37,82,82,82,57,41],"gold":39,"neow_bonus":"BOSS_RELIC","is_prod":false,"is_daily":false,"chose_seed":false,"campfire_upgraded":9,"win_rate":1,"timestamp":1562621576,"path_taken":["M","?","M","M","?","E","R","E","T","R","M","$","E","M","R","BOSS","M","?","$","M","?","R","E","M","T","E","R","M","R","E","R","BOSS","M","$","?","$","?","E","E","R","T","R","E","M","?","M","R","BOSS","R","$","E","BOSS"],"build_version":"2019-07-05","purchased_purges":3,"victory":true,"max_hp_per_floor":[75,75,75,75,75,75,75,75,75,75,75,75,75,75,75,75,75,75,75,75,75,75,75,75,75,75,75,75,75,75,75,75,75,75,75,75,75,75,75,75,75,75,75,75,82,82,82,82,82,82,82,82,82,82,82],"card_choices":[{"not_picked":["Rebound","Blizzard"],"picked":"Streamline","floor":1.0},{"not_picked":["Barrage","Thunder Strike"],"picked":"Ball Lightning","floor":3.0},{"not_picked":["Double Energy","Ball Lightning"],"picked":"Hologram","floor":4.0},{"not_picked":["Rebound","Barrage"],"picked":"Chill","floor":6.0},{"not_picked":["Gash","Leap"],"picked":"Static Discharge","floor":8.0},{"not_picked":["Leap","Redo"],"picked":"Glacier","floor":11.0},{"not_picked":["Gash","Skim"],"picked":"Capacitor","floor":13.0},{"not_picked":["Lockon","Hologram","Static Discharge"],"picked":"SKIP","floor":14.0},{"not_picked":["Seek","Machine Learning"],"picked":"Echo Form","floor":16.0},{"not_picked":["Turbo","Skim","Go for the Eyes"],"picked":"SKIP","floor":18.0},{"not_picked":["Streamline","Steam Power","Turbo"],"picked":"SKIP","floor":21.0},{"not_picked":["Gash","Chill+1"],"picked":"Rebound","floor":22.0},{"not_picked":["Aggregate","White Noise"],"picked":"Turbo+1","floor":24.0},{"not_picked":["Glacier","Barrage","Reprogram"],"picked":"SKIP","floor":25.0},{"not_picked":["Stack+1","Rebound"],"picked":"Double Energy+1","floor":27.0},{"not_picked":["Turbo+1","Coolheaded"],"picked":"Capacitor","floor":29.0},{"not_picked":["Beam Cell","Rebound"],"picked":"Auto Shields","floor":31.0},{"not_picked":["Echo Form","Rainbow"],"picked":"Meteor Strike","floor":33.0},{"not_picked":["Redo","Gash+1","Recycle+1"],"picked":"SKIP","floor":35.0},{"not_picked":["Static Discharge","Fusion","Beam Cell+1"],"picked":"SKIP","floor":37.0},{"not_picked":["Ball Lightning+1","Genetic Algorithm+1","Go for the Eyes"],"picked":"SKIP","floor":40.0},{"not_picked":["Go for the Eyes+1","Hello World+1","Genetic Algorithm+1"],"picked":"SKIP","floor":41.0},{"not_picked":["Genetic Algorithm+1","Machine Learning+1"],"picked":"All For One","floor":45.0},{"not_picked":["Redo","Ball Lightning+1","Reinforced Body"],"picked":"SKIP","floor":46.0},{"not_picked":["Go for the Eyes+1","Compile Driver","Darkness"],"picked":"SKIP","floor":48.0},{"not_picked":["Static Discharge+1","Streamline"],"picked":"Multi-Cast","floor":54.0}],"player_experience":190991,"relics_obtained":[{"floor":6.0,"key":"Bronze Scales"},{"floor":8.0,"key":"Bird Faced Urn"},{"floor":9.0,"key":"Mercury Hourglass"},{"floor":13.0,"key":"Tiny Chest"},{"floor":24.0,"key":"Bag of Preparation"},{"floor":26.0,"key":"WingedGreaves"},{"floor":27.0,"key":"Calipers"},{"floor":31.0,"key":"Mummified Hand"},{"floor":40.0,"key":"Frozen Egg 2"},{"floor":41.0,"key":"The Courier"},{"floor":43.0,"key":"Bottled Tornado"},{"floor":45.0,"key":"Strawberry"},{"floor":54.0,"key":"Boot"}],"event_choices":[{"cards_removed":["Strike_B"],"damage_healed":0.0,"max_hp_gain":0.0,"max_hp_loss":0.0,"gold_gain":0.0,"event_name":"Golden Wing","player_choice":"Card Removal","floor":2.0,"gold_loss":0.0,"damage_taken":7.0},{"damage_healed":0.0,"max_hp_gain":0.0,"max_hp_loss":0.0,"gold_gain":0.0,"event_name":"Shining Light","player_choice":"Entered Light","floor":5.0,"gold_loss":0.0,"damage_taken":15.0,"cards_upgraded":["Strike_B","Strike_B"]},{"cards_removed":["Strike_B"],"damage_healed":0.0,"max_hp_gain":0.0,"max_hp_loss":0.0,"gold_gain":0.0,"event_name":"Designer","player_choice":"Upgrade and Remove","floor":19.0,"gold_loss":90.0,"damage_taken":0.0,"cards_upgraded":["Glacier"]}],"is_beta":false,"boss_relics":[{"not_picked":["White Beast Statue","Fusion Hammer"],"picked":"Lizard Tail"},{"not_picked":["Orrery","Runic Pyramid"],"picked":"Nuclear Battery"}],"items_purged_floors":[20,38,47],"is_endless":false,"potions_floor_spawned":[3,4,6,14,16,22,24,31,37,41,46,48,54],"ascension_level":3}