{"gold_per_floor":[110,35,54,54,69,99,99,132,156,186,197,197,212,241,241,343,343,358,358,372,389,407,438,438,472,472,497,517,174,192,225,225,327,327,342,442,442,7,7,7,37,37,37,37,88,115,126,155,155,155],"floor_reached":51,"playtime":19324,"items_purged":["Strike_B","Strike_B","Strike_B"],"score":1061,"play_id":"62a1a2cb-7803-48f3-9c1e-17bcd01a48c3","local_time":"20190817165834","is_ascension_mode":true,"campfire_choices":[{"data":"Undo","floor":7.0,"key":"SMITH"},{"data":"Dualcast","floor":12.0,"key":"SMITH"},{"data":"Coolheaded","floor":15.0,"key":"SMITH"},{"data":"Multi-Cast","floor":24,"key":"SMITH"},{"floor":32,"key":"REST"},{"data":"Electrodynamics","floor":40,"key":"SMITH"},{"data":"Ball Lightning","floor":42,"key":"SMITH"},{"data":"Hologram","floor":49,"key":"SMITH"}],"neow_cost":"NONE","seed_source_timestamp":0,"circlet_count":0,"master_deck":["Defend_B+1","Defend_B+1","Defend_B+1","Defend_B+1","Zap+1","Dualcast+1","Hologram+1","Undo+1","FTL","Ball Lightning+1","Coolheaded+1","Gash","Multi-Cast+1","Gash+1","Gash","Conserve Battery+1","Defragment+1","Self Repair","Go for the Eyes+1","Electrodynamics+1","Gash+1","Gash","Madness+1","Madness+1"],"special_seed":0,"relics":["Cracked Core","PreservedInsect","Anchor","DataDisk","Dream Catcher","Orichalcum","Black Star","Symbiotic Virus","Prayer Wheel","Singing Bowl","Shuriken","Bronze Scales","Oddly Smooth Stone","War Paint","Letter Opener","Bag of Marbles","Sundial","Busted Crown","WingedGreaves","Kunai","Mango","Incense Burner","Juzu Bracelet","Toxic Egg 2","StoneCalendar","Cables","Pocketwatch","Lantern","Bag of Preparation"],"potions_floor_usage":[21,22,23,33,33],"damage_taken":[{"damage":6.0,"enemies":"Cultist","floor":1.0,"turns":3.0},{"damage":0.0,"enemies":"Small Slimes","floor":3.0,"turns":3.0},{"damage":0.0,"enemies":"Jaw Worm","floor":5.0,"turns":3.0},{"damage":7.0,"enemies":"3 Sentries","floor":6.0,"turns":8.0},{"damage":0.0,"enemies":"Gremlin Nob","floor":8.0,"turns":3.0},{"damage":10.0,"enemies":"3 Sentries","floor":10.0,"turns":7.0},{"damage":0.0,"enemies":"Large Slime","floor":11.0,"turns":5.0},{"damage":2.0,"enemies":"Exordium Wildlife","floor":13.0,"turns":3.0},{"damage":6.0,"enemies":"Gremlin Nob","floor":14.0,"turns":3.0},{"damage":3.0,"enemies":"The Guardian","floor":16.0,"turns":11.0},{"damage":11,"enemies":"2 Thieves","floor":18,"turns":4},{"damage":0,"enemies":"Shell Parasite","floor":20,"turns":5},{"damage":3,"enemies":"Centurion and Healer","floor":21,"turns":6},{"damage":3,"enemies":"Shelled Parasite and Fungi","floor":22,"turns":6},{"damage":20,"enemies":"Slavers","floor":23,"turns":4},{"damage":14,"enemies":"Book of Stabbing","floor":25,"turns":4},{"damage":17,"enemies":"Slavers","floor":27,"turns":3},{"damage":0,"enemies":"3 Cultists","floor":28,"turns":5},{"damage":0,"enemies":"Cultist and Chosen","floor":30,"turns":3},{"damage":16,"enemies":"Gremlin Leader","floor":31,"turns":4},{"damage":13,"enemies":"Automaton","floor":33,"turns":10},{"damage":0,"enemies":"Orb Walker","floor":35,"turns":2},{"damage":0,"enemies":"Mind Bloom Boss Battle","floor":36,"turns":6},{"damage":0,"enemies":"Giant Head","floor":41,"turns":6},{"damage":0,"enemies":"2 Orb Walkers","floor":45,"turns":4},{"damage":2,"enemies":"Reptomancer","floor":46,"turns":4},{"damage":0,"enemies":"3 Darklings","floor":47,"turns":3},{"damage":29,"enemies":"Nemesis","floor":48,"turns":5},{"damage":10,"enemies":"Donu and Deca","floor":50,"turns":6}],"seed_played":"-4152557488768519240","potions_obtained":[{"floor":3.0,"key":"SteroidPotion"},{"floor":10.0,"key":"SkillPotion"},{"floor":11.0,"key":"Regen Potion"},{"floor":14.0,"key":"EntropicBrew"},{"floor":21,"key":"Weak Potion"},{"floor":22,"key":"FearPotion"},{"floor":23,"key":"Poison Potion"},{"floor":33,"key":"Weak Potion"},{"floor":35,"key":"Strength Potion"}],"is_trial":false,"path_per_floor":["M","$","M","?","M","E","R","E","T","E","M","R","M","E","R","B",null,"M","?","M","M","M","E","R","E","T","E","M","$","M","E","R","B",null,"M","?","?","$","T","R","E","R","T","?","?","E","M","E","R","B",null],"character_chosen":"DEFECT","items_purchased":["Letter Opener","Gash","Kunai"],"campfire_rested":1,"item_purchase_floors":[29,38,38],"current_hp_per_floor":[69,69,69,54,54,47,47,47,47,37,37,37,35,29,29,26,75,64,57,57,68,65,45,45,31,31,16,16,16,18,9,32,19,79,83,83,83,83,97,97,99,99,99,87,89,96,107,87,87,84],"gold":155,"neow_bonus":"UPGRADE_CARD","is_prod":false,"is_daily":false,"chose_seed":false,"campfire_upgraded":7,"win_rate":0,"timestamp":1566086314,"path_taken":["M","$","M","?","M","E","R","E","T","E","M","R","M","E","R","BOSS","M","?","?","M","M","E","R","E","T","E","M","?","?","E","R","BOSS","M","?","?","$","?","R","E","R","T","?","?","E","M","E","R","BOSS"],"build_version":"2019-07-17","purchased_purges":3,"victory":true,"max_hp_per_floor":[75,75,75,75,75,75,75,75,75,75,75,75,75,75,75,75,75,75,75,75,75,75,75,75,75,75,77,77,77,79,79,79,79,79,83,83,83,83,97,97,99,99,99,99,101,103,107,109,109,109],"card_choices":[{"not_picked":["Sweeping Beam","Rebound"],"picked":"Hologram","floor":1.0},{"not_picked":["Beam Cell","Double Energy"],"picked":"Undo","floor":3.0},{"not_picked":["Leap","Beam Cell","Rebound"],"picked":"SKIP","floor":5.0},{"not_picked":["Hyperbeam","Scrape","Rebound"],"picked":"SKIP","floor":6.0},{"not_picked":["Steam","Recycle","Rebound"],"picked":"SKIP","floor":8.0},{"not_picked":["Fusion","Barrage"],"picked":"FTL","floor":10.0},{"not_picked":["Sweeping Beam","Rebound"],"picked":"Ball Lightning","floor":11.0},{"not_picked":["Scrape","Streamline"],"picked":"Coolheaded","floor":13.0},{"not_picked":["Turbo","Static Discharge"],"picked":"Gash","floor":14.0},{"not_picked":["Thunder Strike","Seek"],"picked":"Multi-Cast","floor":16.0},{"not_picked":["Leap","Scrape","Sweeping Beam"],"picked":"SKIP","floor":18},{"not_picked":["Go for the Eyes","Sweeping Beam"],"picked":"Gash+1","floor":20},{"not_picked":["Redo","Leap","Recycle+1"],"picked":"SKIP","floor":21},{"not_picked":["Self Repair+1","Stack"],"picked":"Gash","floor":22},{"not_picked":["Leap","Thunder Strike","Sweeping Beam"],"picked":"SKIP","floor":23},{"not_picked":["Beam Cell","Compile Driver"],"picked":"Conserve Battery+1","floor":25},{"not_picked":["Hologram","Darkness","BootSequence"],"picked":"Singing Bowl","floor":27},{"not_picked":["Tempest","Leap"],"picked":"Defragment+1","floor":28},{"not_picked":["Rebound","Auto Shields","Go for the Eyes+1"],"picked":"SKIP","floor":28},{"not_picked":["Coolheaded","Sweeping Beam"],"picked":"Self Repair","floor":30},{"not_picked":["Streamline","Compile Driver","Sweeping Beam"],"picked":"Singing Bowl","floor":30},{"not_picked":["Chaos","Streamline+1","Fission"],"picked":"SKIP","floor":31},{"not_picked":["Conserve Battery","Hologram"],"picked":"Go for the Eyes+1","floor":32},{"not_picked":["Seek","Thunder Strike"],"picked":"Electrodynamics","floor":33},{"not_picked":["Steam+1"],"picked":"Singing Bowl","floor":35},{"not_picked":["Cold Snap"],"picked":"Singing Bowl","floor":35},{"not_picked":[],"picked":"Gash+1","floor":36},{"not_picked":["Sweeping Beam"],"picked":"Singing Bowl","floor":41},{"not_picked":["Compile Driver"],"picked":"Singing Bowl","floor":45},{"not_picked":["Steam+1"],"picked":"Singing Bowl","floor":46},{"not_picked":["Ball Lightning+1"],"picked":"Singing Bowl","floor":47},{"not_picked":["Redo+1"],"picked":"Singing Bowl","floor":47},{"not_picked":["Rebound"],"picked":"Singing Bowl","floor":48}],"player_experience":154028,"relics_obtained":[{"floor":6.0,"key":"PreservedInsect"},{"floor":8.0,"key":"Anchor"},{"floor":9.0,"key":"DataDisk"},{"floor":10.0,"key":"Dream Catcher"},{"floor":14.0,"key":"Orichalcum"},{"floor":23,"key":"Symbiotic Virus"},{"floor":23,"key":"Prayer Wheel"},{"floor":25,"key":"Singing Bowl"},{"floor":25,"key":"Shuriken"},{"floor":26,"key":"Bronze Scales"},{"floor":27,"key":"Oddly Smooth Stone"},{"floor":27,"key":"War Paint"},{"floor":31,"key":"Bag of Marbles"},{"floor":31,"key":"Sundial"},{"floor":36,"key":"WingedGreaves"},{"floor":39,"key":"Mango"},{"floor":41,"key":"Incense Burner"},{"floor":41,"key":"Juzu Bracelet"},{"floor":43,"key":"Toxic Egg 2"},{"floor":45,"key":"StoneCalendar"},{"floor":46,"key":"Cables"},{"floor":46,"key":"Pocketwatch"},{"floor":48,"key":"Lantern"},{"floor":48,"key":"Bag of Preparation"}],"event_choices":[{"damage_healed":0.0,"max_hp_gain":0.0,"max_hp_loss":0.0,"gold_gain":0.0,"event_name":"Shining Light","player_choice":"Entered Light","floor":4.0,"gold_loss":0.0,"damage_taken":15.0,"cards_upgraded":["Defend_B","Defend_B"]},{"damage_healed":0,"gold_gain":0,"player_choice":"Damaged","damage_taken":7,"max_hp_gain":0,"max_hp_loss":0,"event_name":"Wheel of Change","floor":19,"gold_loss":0},{"damage_healed":0,"gold_gain":0,"player_choice":"Fight","damage_taken":0,"max_hp_gain":0,"max_hp_loss":0,"event_name":"MindBloom","floor":36,"gold_loss":0},{"cards_removed":["Strike_B"],"damage_healed":0,"gold_gain":0,"player_choice":"Removed Attack","damage_taken":0,"max_hp_gain":0,"max_hp_loss":0,"event_name":"Falling","floor":37,"gold_loss":0},{"damage_healed":0,"gold_gain":0,"player_choice":"Embrace Madness","damage_taken":12,"max_hp_gain":0,"max_hp_loss":0,"event_name":"Winding Halls","floor":44,"gold_loss":0,"cards_obtained":["Madness","Madness"]},{"damage_healed":0,"gold_gain":0,"player_choice":"Fight","damage_taken":0,"max_hp_gain":0,"max_hp_loss":0,"event_name":"Mysterious Sphere","floor":45,"gold_loss":0}],"is_beta":false,"boss_relics":[{"not_picked":["Philosopher\u0027s Stone","Tiny House"],"picked":"Black Star"},{"not_picked":["Orrery","Runic Dome"],"picked":"Busted Crown"}],"items_purged_floors":[2,29,38],"is_endless":false,"potions_floor_spawned":[3,10,11,14,18,21,22,23,33,35,36,45,46],"ascension_level":1}