{"gold_per_floor":[118,134,209,209,209,209,242,262,337,352,81,92,92,104,104,205,205,223,223,238,238,254,254,154,154,154,154],"floor_reached":27,"playtime":651,"items_purged":["Strike_R","Strike_R"],"score":213,"play_id":"5ea533f9-59b1-4dd7-a45b-dddca82cbe99","local_time":"20190806183418","is_ascension_mode":false,"campfire_choices":[{"data":"Bash","floor":6,"key":"SMITH"},{"data":"Shockwave","floor":15,"key":"SMITH"},{"floor":23,"key":"REST"},{"floor":25,"key":"REST"}],"neow_cost":"NONE","seed_source_timestamp":83064324515895,"circlet_count":0,"master_deck":["Strike_R","Strike_R","Defend_R","Defend_R","Defend_R","Bash+1","Shockwave+1","Dual Wield"],"relics":["Burning Blood","Dream Catcher","Sundial","Dodecahedron","Medical Kit","Letter Opener","Empty Cage","Blood Vial"],"potions_floor_usage":[16,16,16,20,22],"damage_taken":[{"damage":6,"enemies":"Jaw Worm","floor":1,"turns":3},{"damage":2,"enemies":"2 Louse","floor":2,"turns":3},{"damage":15,"enemies":"Gremlin Nob","floor":7,"turns":4},{"damage":4,"enemies":"Cultist","floor":8,"turns":3},{"damage":10,"enemies":"Looter","floor":10,"turns":2},{"damage":7,"enemies":"3 Louse","floor":12,"turns":4},{"damage":4,"enemies":"Red Slaver","floor":14,"turns":5},{"damage":61,"enemies":"The Guardian","floor":16,"turns":16},{"damage":17,"enemies":"Chosen","floor":18,"turns":4},{"damage":37,"enemies":"Spheric Guardian","floor":20,"turns":5},{"damage":36,"enemies":"3 Cultists","floor":22,"turns":6},{"damage":0,"enemies":"Cultist and Chosen","floor":27,"turns":1}],"seed_played":"6544785892678501916","potions_obtained":[{"floor":7,"key":"Explosive Potion"},{"floor":8,"key":"PowerPotion"},{"floor":14,"key":"SkillPotion"},{"floor":18,"key":"EssenceOfSteel"},{"floor":19,"key":"PowerPotion"},{"floor":19,"key":"Regen Potion"},{"floor":22,"key":"Fire Potion"}],"is_trial":false,"path_per_floor":["M","M","?","?","?","R","E","M","T","M","$","M","T","M","R","B",null,"M","?","M","?","M","R","$","R","T","M"],"character_chosen":"IRONCLAD","items_purchased":["Medical Kit"],"campfire_rested":2,"item_purchase_floors":[11],"current_hp_per_floor":[88,88,77,77,74,74,65,67,67,63,63,62,62,64,64,9,88,77,77,55,55,25,51,51,77,77,79],"gold":154,"neow_bonus":"TEN_PERCENT_HP_BONUS","is_prod":false,"is_daily":false,"chose_seed":false,"campfire_upgraded":2,"win_rate":0,"timestamp":1565130858,"path_taken":["M","M","?","?","?","R","E","M","T","M","$","M","?","M","R","BOSS","M","?","?","?","M","R","$","R","T","M"],"build_version":"2019-07-17","purchased_purges":2,"victory":false,"max_hp_per_floor":[88,88,88,88,88,88,88,88,88,88,88,88,88,88,88,88,88,88,88,88,88,88,88,88,88,88,88],"card_choices":[{"not_picked":["Shrug It Off","Iron Wave","Warcry"],"picked":"SKIP","floor":1},{"not_picked":["Clothesline","Evolve","Clash"],"picked":"SKIP","floor":2},{"not_picked":["Anger","Havoc"],"picked":"Shockwave","floor":7},{"not_picked":["Spot Weakness","Reaper","Anger"],"picked":"SKIP","floor":8},{"not_picked":["Thunderclap","Iron Wave","Shrug It Off"],"picked":"SKIP","floor":10},{"not_picked":["Entrench","Wild Strike","Sword Boomerang"],"picked":"SKIP","floor":12},{"not_picked":["Shockwave","Perfected Strike","True Grit"],"picked":"SKIP","floor":14},{"not_picked":["Cleave","Searing Blow","Armaments+1"],"picked":"SKIP","floor":18},{"not_picked":["Pommel Strike","Second Wind","Clothesline+1"],"picked":"SKIP","floor":20},{"not_picked":["Cleave+1","Heavy Blade","Searing Blow+1"],"picked":"SKIP","floor":22}],"player_experience":746157,"relics_obtained":[{"floor":7,"key":"Sundial"},{"floor":9,"key":"Dodecahedron"},{"floor":13,"key":"Letter Opener"},{"floor":26,"key":"Blood Vial"}],"event_choices":[{"damage_healed":0,"gold_gain":75,"player_choice":"Gather Gold","damage_taken":11,"max_hp_gain":0,"max_hp_loss":0,"event_name":"World of Goop","floor":3,"gold_loss":0},{"damage_healed":0,"gold_gain":0,"player_choice":"Ignored","damage_taken":0,"max_hp_gain":0,"max_hp_loss":0,"event_name":"Liars Game","floor":4,"gold_loss":0},{"damage_healed":0,"gold_gain":0,"player_choice":"Success","damage_taken":3,"relics_obtained":["Dream Catcher"],"max_hp_gain":0,"max_hp_loss":0,"event_name":"Scrap Ooze","floor":5,"gold_loss":0},{"damage_healed":0,"gold_gain":0,"player_choice":"Got Potions","damage_taken":0,"max_hp_gain":0,"max_hp_loss":0,"event_name":"Lab","floor":19,"gold_loss":0},{"damage_healed":0,"gold_gain":0,"player_choice":"Read","damage_taken":0,"max_hp_gain":0,"max_hp_loss":0,"event_name":"The Library","floor":21,"gold_loss":0,"cards_obtained":["Dual Wield"]}],"is_beta":false,"boss_relics":[{"not_picked":["Coffee Dripper","Snecko Eye"],"picked":"Empty Cage"}],"items_purged_floors":[11,24],"is_endless":false,"potions_floor_spawned":[7,8,14,18,22],"killed_by":"Cultist and Chosen","ascension_level":0}