{"gold_per_floor":[116,132,132,132,145,174,187,203,230,230,256,256,275,294,294,392,392,365,365,385,385,385],"floor_reached":22,"playtime":1167,"items_purged":[],"score":496,"play_id":"8c6a18a3-9c1f-4cd1-ac90-70f7310ca8f2","local_time":"20190817235912","is_ascension_mode":true,"campfire_choices":[{"floor":10.0,"key":"REST"},{"floor":15.0,"key":"REST"}],"neow_cost":"CURSE","seed_source_timestamp":77072444026400,"circlet_count":0,"master_deck":["AscendersBane","Strike_G","Strike_G","Strike_G","Strike_G","Strike_G","Defend_G","Defend_G+1","Defend_G","Defend_G","Defend_G+1","Survivor","Neutralize","Deadly Poison","Crippling Poison","Dash","Noxious Fumes","Backflip","Bane","Escape Plan","Injury","PiercingWail","Deadly Poison","After Image","Infinite Blades","Outmaneuver","RitualDagger"],"special_seed":0,"relics":["Ring of the Snake","Gambling Chip","Shuriken","War Paint","Golden Idol","Runic Pyramid"],"potions_floor_usage":[22],"damage_taken":[{"damage":0.0,"enemies":"2 Louse","floor":1.0,"turns":4.0},{"damage":1.0,"enemies":"Cultist","floor":2.0,"turns":4.0},{"damage":3.0,"enemies":"Small Slimes","floor":5.0,"turns":3.0},{"damage":33.0,"enemies":"Lagavulin","floor":6.0,"turns":8.0},{"damage":3.0,"enemies":"2 Fungi Beasts","floor":7.0,"turns":3.0},{"damage":1.0,"enemies":"Looter","floor":8.0,"turns":4.0},{"damage":20.0,"enemies":"Gremlin Nob","floor":11.0,"turns":4.0},{"damage":9.0,"enemies":"Large Slime","floor":13.0,"turns":8.0},{"damage":0.0,"enemies":"2 Fungi Beasts","floor":14.0,"turns":4.0},{"damage":0.0,"enemies":"Hexaghost","floor":16.0,"turns":9.0},{"damage":15.0,"enemies":"2 Thieves","floor":18.0,"turns":5.0},{"damage":0.0,"enemies":"Spheric Guardian","floor":20.0,"turns":5.0},{"damage":28,"enemies":"Masked Bandits","floor":22,"turns":5}],"seed_played":"-8623691074835837120","potions_obtained":[{"floor":5.0,"key":"LiquidBronze"},{"floor":8.0,"key":"Fire Potion"},{"floor":11.0,"key":"PowerPotion"},{"floor":18.0,"key":"GhostInAJar"}],"is_trial":false,"path_per_floor":["M","M","$","?","M","E","M","M","T","R","E","?","M","M","R","B",null,"M","?","M","?","?"],"character_chosen":"THE_SILENT","items_purchased":[],"campfire_rested":2,"item_purchase_floors":[],"current_hp_per_floor":[59,58,58,58,55,22,19,18,18,37,17,17,8,8,27,27,56,41,41,41,35,7],"gold":385,"neow_bonus":"ONE_RARE_RELIC","is_prod":false,"is_daily":false,"chose_seed":false,"campfire_upgraded":0,"win_rate":0,"timestamp":1566079152,"path_taken":["M","M","$","?","M","E","?","M","T","R","E","?","M","M","R","BOSS","M","?","M","?","?"],"build_version":"2019-07-17","purchased_purges":0,"victory":false,"max_hp_per_floor":[66,66,66,66,66,66,66,66,66,66,66,66,66,66,66,66,66,66,66,66,66,66],"card_choices":[{"not_picked":["Slice","Cloak And Dagger"],"picked":"Deadly Poison","floor":1.0},{"not_picked":["Underhanded Strike","Backflip"],"picked":"Crippling Poison","floor":2.0},{"not_picked":["Backflip","Prepared"],"picked":"Dash","floor":5.0},{"not_picked":["Prepared","Poisoned Stab"],"picked":"Noxious Fumes","floor":6.0},{"not_picked":["Choke","Distraction"],"picked":"Backflip","floor":7.0},{"not_picked":["Acrobatics","Expertise"],"picked":"Bane","floor":8.0},{"not_picked":["Dodge and Roll","Dagger Spray"],"picked":"Escape Plan","floor":11.0},{"not_picked":["Expertise","Slice"],"picked":"PiercingWail","floor":13.0},{"not_picked":["Sucker Punch","Underhanded Strike"],"picked":"Deadly Poison","floor":14.0},{"not_picked":["Glass Knife","Wraith Form v2"],"picked":"After Image","floor":16.0},{"not_picked":["Sucker Punch","Well Laid Plans"],"picked":"Infinite Blades","floor":18.0},{"not_picked":["Deadly Poison","Choke"],"picked":"Outmaneuver","floor":20.0}],"player_experience":1109502,"relics_obtained":[{"floor":6.0,"key":"Shuriken"},{"floor":11.0,"key":"War Paint"}],"event_choices":[{"cards_removed":["Decay"],"damage_healed":0.0,"max_hp_gain":0.0,"max_hp_loss":0.0,"gold_gain":0.0,"event_name":"Fountain of Cleansing","player_choice":"Removed Curses","floor":4.0,"gold_loss":0.0,"damage_taken":0.0},{"damage_healed":0.0,"max_hp_gain":0.0,"max_hp_loss":0.0,"gold_gain":0.0,"event_name":"Golden Idol","player_choice":"Take Wound","floor":12.0,"gold_loss":0.0,"damage_taken":0.0,"relics_obtained":["Golden Idol"],"cards_obtained":["Injury"]},{"damage_healed":0.0,"max_hp_gain":0.0,"max_hp_loss":0.0,"gold_gain":0.0,"event_name":"Ghosts","player_choice":"Ignored","floor":19.0,"gold_loss":0.0,"damage_taken":0.0},{"damage_healed":0.0,"max_hp_gain":0.0,"max_hp_loss":0.0,"gold_gain":0.0,"event_name":"Nest","player_choice":"Joined the Cult","floor":21.0,"gold_loss":0.0,"damage_taken":6.0,"cards_obtained":["RitualDagger"]},{"damage_healed":0,"gold_gain":0,"player_choice":"Fought Bandits","damage_taken":0,"max_hp_gain":0,"max_hp_loss":0,"event_name":"Masked Bandits","floor":22,"gold_loss":0}],"is_beta":false,"boss_relics":[{"not_picked":["Eternal Feather","Astrolabe"],"picked":"Runic Pyramid"}],"items_purged_floors":[],"is_endless":false,"potions_floor_spawned":[5,8,11,14,18],"killed_by":"Masked Bandits","ascension_level":20}