{"path_per_floor":["M","$","?","?","M","E","M","R","T","E","R","M","E","$","R","B",null,"M","M","?","M","$","R","E","R","T","E","M","E","M","?","R","B",null,"M","$","M","$","?"],"character_chosen":"THE_SILENT","items_purchased":["Finesse","Deflect","Strange Spoon"],"gold_per_floor":[118,43,43,43,55,84,94,94,94,119,119,130,155,55,55,151,151,124,137,137,147,59,59,86,86,139,169,182,217,231,231,231,335,335,350,40,52,2,2],"floor_reached":40,"campfire_rested":2,"playtime":3464,"current_hp_per_floor":[70,70,70,70,68,38,38,38,38,27,48,48,48,48,48,5,70,56,52,70,67,67,67,68,68,68,11,10,10,10,10,33,2,77,50,50,51,51,51],"items_purged":["Writhe","Defend_G","Defend_G","Strike_G"],"gold":2,"score":485,"play_id":"79a22ec3-6790-451a-9e70-2ce1109dd3a5","is_prod":false,"is_daily":false,"is_ascension_mode":true,"campfire_upgraded":4,"path_taken":["M","$","?","?","M","E","M","R","T","E","R","M","E","$","R","BOSS","M","M","?","M","$","R","E","R","T","E","M","E","M","?","R","BOSS","M","$","M","$","?","E"],"build_version":"2018-02-22-PROD2","purchased_purges":4,"victory":false,"master_deck":["Defend_G+1","Defend_G","Defend_G","Strike_G","Strike_G","Survivor","Neutralize+1","Caltrops+1","Dramatic Entrance","Slice","Heel Hook","Caltrops","Backflip+1","Adrenaline+1","PiercingWail","Acrobatics+1","Finesse","Dagger Throw+1","Choke+1","Underhanded Strike+1","Adrenaline","Regret","Parasite","Pain","Quick Slash","Deflect","Leg Sweep+1"],"max_hp_per_floor":[70,70,70,70,70,70,70,70,70,70,70,70,70,70,70,70,70,70,70,70,70,70,70,77,77,77,77,77,77,77,77,77,77,77,77,77,77,77,77],"relics":["Ring of the Snake","Tingsha","Vajra","Ancient Tea Set","Lantern","Sundial","Snecko Eye","Strawberry","War Paint","Mercury Hourglass","Toolbox","Calling Bell","Gambling Chip","Smiling Mask","Blood Vial","Strange Spoon"],"card_choices":[{"not_picked":["Poisoned Stab","Quick Slash"],"picked":"Caltrops"},{"not_picked":["Deadly Poison","Flying Knee"],"picked":"Malaise"},{"not_picked":["Underhanded Strike","Doppelganger"],"picked":"Slice"},{"not_picked":["Acrobatics","PiercingWail"],"picked":"Heel Hook"},{"not_picked":["Bane","Malaise"],"picked":"Caltrops"},{"not_picked":["Storm of Steel","Blade Dance"],"picked":"Backflip"},{"not_picked":["A Thousand Cuts","Envenom"],"picked":"Adrenaline"},{"not_picked":["Well Laid Plans","Accuracy"],"picked":"PiercingWail"},{"not_picked":["Slice","Flying Knee"],"picked":"Acrobatics"},{"not_picked":["Prepared","Bane"],"picked":"Dagger Throw"},{"not_picked":["Predator","Night Terror"],"picked":"Choke"},{"not_picked":["Acrobatics","Dodge and Roll"],"picked":"Underhanded Strike"},{"not_picked":["Deflect","Prepared"],"picked":"Dagger Throw"},{"not_picked":["Die Die Die","A Thousand Cuts"],"picked":"Adrenaline"},{"not_picked":["Riddle With Holes","Bane"],"picked":"Quick Slash"},{"not_picked":["Slice","Sucker Punch"],"picked":"Leg Sweep"}],"player_experience":70017,"potions_floor_usage":[],"damage_taken":[{"damage":0.0,"enemies":"2 Louse","floor":1.0,"turns":3.0},{"damage":2.0,"enemies":"Cultist","floor":5.0,"turns":3.0},{"damage":30.0,"enemies":"Lagavulin","floor":6.0,"turns":8.0},{"damage":0.0,"enemies":"Jaw Worm","floor":7.0,"turns":4.0},{"damage":11.0,"enemies":"Gremlin Nob","floor":10.0,"turns":5.0},{"damage":0.0,"enemies":"3 Louse","floor":12.0,"turns":2.0},{"damage":0.0,"enemies":"Lagavulin","floor":13.0,"turns":7.0},{"damage":43.0,"enemies":"Slime Boss","floor":16.0,"turns":10.0},{"damage":14.0,"enemies":"2 Thieves","floor":18.0,"turns":5.0},{"damage":4.0,"enemies":"Shell Parasite","floor":19.0,"turns":4.0},{"damage":3.0,"enemies":"Centurion and Healer","floor":21.0,"turns":12.0},{"damage":6.0,"enemies":"Book of Stabbing","floor":24.0,"turns":6.0},{"damage":57.0,"enemies":"Gremlin Leader","floor":27.0,"turns":9.0},{"damage":1.0,"enemies":"Snecko","floor":28.0,"turns":3.0},{"damage":0.0,"enemies":"Book of Stabbing","floor":29.0,"turns":3.0},{"damage":0.0,"enemies":"Chosen and Byrds","floor":30.0,"turns":4.0},{"damage":31.0,"enemies":"Collector","floor":33.0,"turns":5.0},{"damage":27,"enemies":"3 Shapes","floor":35,"turns":3},{"damage":1,"enemies":"Orb Walker","floor":37,"turns":2},{"damage":57,"enemies":"Giant Head","floor":40,"turns":7}],"event_choices":[{"event_name":"Match and Keep!","player_choice":"1 cards matched","floor":3.0,"damage_taken":0.0},{"event_name":"Purifier","player_choice":"One Purge","floor":4.0,"damage_taken":0.0},{"event_name":"Bonfire Elementals","player_choice":"UNCOMMON","floor":20.0,"damage_taken":0.0},{"event_name":"Back to Basics","player_choice":"Elegance","floor":31.0,"damage_taken":0.0}],"boss_relics":[{"not_picked":["Runic Dome","Eternal Feather"],"picked":"Calling Bell"}],"potions_floor_spawned":[1,10,16,21,24,29],"seed_played":"-3442392246680327619","killed_by":"Giant Head","ascension_level":1,"is_trial":false}