{"gold_per_floor":[116,134,151,169,188,217,230,265,265,265,265,298,308,333,333,433,433,444,454,470,488,488,520,520,533,615,66,66,18,34,66,66,164,164,182,200,200,200,213,247,247,522,522,549,561,239,254,284,284,284,284,284,29,63,63],"floor_reached":56,"playtime":8950,"items_purged":["Regret","Writhe","Regret"],"score":1892,"play_id":"0c7cf5e5-ec4d-4536-b48f-a53dbbe029bf","local_time":"20190717131903","is_ascension_mode":true,"campfire_choices":[{"floor":10.0,"key":"REST"},{"floor":15.0,"key":"REST"},{"data":"Skim","floor":24.0,"key":"SMITH"},{"data":"Skim","floor":32.0,"key":"SMITH"},{"floor":41.0,"key":"RECALL"},{"floor":49,"key":"REST"},{"floor":52,"key":"REST"}],"neow_cost":"NONE","seed_source_timestamp":0,"circlet_count":0,"master_deck":["Strike_B+1","Strike_B+1","Strike_B+1","Strike_B+1","Defend_B+1","Defend_B+1","Defend_B+1","Defend_B+1","Zap","Dualcast","Streamline+1","Cold Snap+1","Skim+1","Recycle","Streamline","Fusion","Leap","Glacier","Core Surge+1","Meteor Strike+1","Barrage+1","Doom and Gloom+1","Compile Driver+1","Meteor Strike+1","Enlightenment","Skim+1","Compile Driver+1","Meteor Strike+1","Buffer+1","Hologram+1","Creative AI+1"],"special_seed":0,"relics":["Snecko Eye","Omamori","Molten Egg 2","Kunai","Orichalcum","Calling Bell","Strawberry","Blue Candle","Ginger","Frozen Egg 2","Singing Bowl","Calipers","Thread and Needle","Fusion Hammer","Whetstone","Bottled Lightning","DataDisk","Bag of Marbles","Shuriken","Pocketwatch"],"potions_floor_usage":[50,55,55,55],"damage_taken":[{"damage":1.0,"enemies":"Cultist","floor":1.0,"turns":3.0},{"damage":0.0,"enemies":"2 Louse","floor":2.0,"turns":2.0},{"damage":2.0,"enemies":"Jaw Worm","floor":3.0,"turns":2.0},{"damage":0.0,"enemies":"Lots of Slimes","floor":4.0,"turns":3.0},{"damage":0.0,"enemies":"Exordium Wildlife","floor":5.0,"turns":2.0},{"damage":49.0,"enemies":"3 Sentries","floor":6.0,"turns":7.0},{"damage":5.0,"enemies":"2 Fungi Beasts","floor":7.0,"turns":3.0},{"damage":7.0,"enemies":"Lagavulin","floor":8.0,"turns":5.0},{"damage":8.0,"enemies":"3 Sentries","floor":12.0,"turns":7.0},{"damage":2.0,"enemies":"Looter","floor":13.0,"turns":3.0},{"damage":7.0,"enemies":"Gremlin Nob","floor":14.0,"turns":3.0},{"damage":8.0,"enemies":"Hexaghost","floor":16.0,"turns":13.0},{"damage":1.0,"enemies":"Chosen","floor":18.0,"turns":4.0},{"damage":21.0,"enemies":"2 Thieves","floor":19.0,"turns":3.0},{"damage":0.0,"enemies":"Snake Plant","floor":20.0,"turns":2.0},{"damage":0.0,"enemies":"Centurion and Healer","floor":21.0,"turns":3.0},{"damage":6.0,"enemies":"Slavers","floor":23.0,"turns":4.0},{"damage":0.0,"enemies":"3 Cultists","floor":25.0,"turns":2.0},{"damage":0.0,"enemies":"Snecko","floor":30.0,"turns":3.0},{"damage":0.0,"enemies":"Book of Stabbing","floor":31.0,"turns":2.0},{"damage":0.0,"enemies":"Automaton","floor":33.0,"turns":6.0},{"damage":0.0,"enemies":"3 Darklings","floor":35.0,"turns":2.0},{"damage":0.0,"enemies":"3 Shapes","floor":36.0,"turns":2.0},{"damage":1.0,"enemies":"Sphere and 2 Shapes","floor":39.0,"turns":2.0},{"damage":1.0,"enemies":"Reptomancer","floor":40.0,"turns":4.0},{"damage":4.0,"enemies":"Nemesis","floor":44.0,"turns":7.0},{"damage":0.0,"enemies":"Jaw Worm Horde","floor":45.0,"turns":2.0},{"damage":0.0,"enemies":"Maw","floor":47.0,"turns":4.0},{"damage":0,"enemies":"Reptomancer","floor":48,"turns":1},{"damage":0,"enemies":"Donu and Deca","floor":50,"turns":5},{"damage":20,"enemies":"Shield and Spear","floor":54,"turns":4},{"damage":88,"enemies":"The Heart","floor":55,"turns":7}],"seed_played":"-1303130184403487376","potions_obtained":[{"floor":2.0,"key":"Ancient Potion"},{"floor":5.0,"key":"Strength Potion"},{"floor":6.0,"key":"EssenceOfSteel"},{"floor":8.0,"key":"Explosive Potion"},{"floor":12.0,"key":"Energy Potion"},{"floor":13.0,"key":"AttackPotion"},{"floor":16.0,"key":"EssenceOfSteel"},{"floor":19.0,"key":"EssenceOfSteel"},{"floor":25.0,"key":"Weak Potion"},{"floor":28.0,"key":"Strength Potion"},{"floor":28.0,"key":"Block Potion"},{"floor":28.0,"key":"Weak Potion"},{"floor":30.0,"key":"Explosive Potion"},{"floor":33.0,"key":"AttackPotion"},{"floor":40.0,"key":"LiquidBronze"},{"floor":45.0,"key":"Fruit Juice"}],"is_trial":false,"path_per_floor":["M","M","M","M","M","E","M","E","T","R","?","E","M","E","R","B",null,"M","M","M","M","?","E","R","M","T","$","?","$","M","E","R","B",null,"M","M","?","?","M","E","R","?","T","E","M","$","M","E","R","B",null,"R","$","E","B",null],"character_chosen":"DEFECT","items_purchased":["Calipers","Enlightenment","Skim","Compile Driver+1","Bag of Marbles","GamblersBrew","FocusPotion","SpeedPotion"],"campfire_rested":4,"item_purchase_floors":[27,27,27,29,46,46,53,53],"current_hp_per_floor":[67,67,65,65,65,16,11,4,4,26,26,18,16,9,31,23,69,68,47,47,47,47,41,41,41,41,41,41,41,43,45,45,45,76,78,80,76,96,97,96,96,96,96,94,101,101,103,103,109,109,109,109,109,89,1],"gold":63,"neow_bonus":"BOSS_RELIC","is_prod":false,"is_daily":false,"chose_seed":false,"campfire_upgraded":2,"win_rate":0,"timestamp":1563394743,"path_taken":["M","M","M","M","M","E","M","E","T","R","?","E","M","E","R","BOSS","M","M","?","M","?","E","R","M","T","$","?","$","?","E","R","BOSS","M","M","?","?","M","E","R","?","T","E","M","$","?","E","R","BOSS","R","$","E","BOSS"],"build_version":"2019-07-05","purchased_purges":3,"victory":true,"max_hp_per_floor":[75,75,75,75,75,75,75,75,75,75,75,75,75,75,75,75,82,82,82,82,82,82,82,82,82,82,82,82,82,84,86,86,86,86,88,90,96,96,98,98,98,98,98,100,107,107,109,109,109,109,109,109,109,109,109],"card_choices":[{"not_picked":["Beam Cell","Ball Lightning"],"picked":"Streamline","floor":1.0},{"not_picked":["Turbo","Genetic Algorithm"],"picked":"Cold Snap","floor":2.0},{"not_picked":["Redo","FTL","Sweeping Beam"],"picked":"SKIP","floor":3.0},{"not_picked":["Redo","Leap"],"picked":"Skim","floor":4.0},{"not_picked":["Conserve Battery","Seek","Stack"],"picked":"SKIP","floor":5.0},{"not_picked":["Core Surge","Turbo"],"picked":"Recycle","floor":6.0},{"not_picked":["Steam","Leap"],"picked":"Streamline","floor":7.0},{"not_picked":["Compile Driver","Thunder Strike"],"picked":"Fusion","floor":8.0},{"not_picked":["Steam","Redo","Recycle"],"picked":"SKIP","floor":12.0},{"not_picked":["Steam","Go for the Eyes+1"],"picked":"Glacier","floor":13.0},{"not_picked":["Turbo","Leap"],"picked":"Core Surge+1","floor":14.0},{"not_picked":["Electrodynamics","Creative AI"],"picked":"Meteor Strike+1","floor":16.0},{"not_picked":["Go for the Eyes+1","Steam+1"],"picked":"Barrage+1","floor":18.0},{"not_picked":["Cold Snap+1","Ball Lightning+1"],"picked":"Doom and Gloom+1","floor":19.0},{"not_picked":["Go for the Eyes+1","Cold Snap+1","Redo+1"],"picked":"SKIP","floor":20.0},{"not_picked":["Rebound+1","Core Surge+1"],"picked":"Compile Driver+1","floor":21.0},{"not_picked":["Chill","Static Discharge"],"picked":"Meteor Strike+1","floor":23.0},{"not_picked":["Leap","Ball Lightning+1","Sweeping Beam+1"],"picked":"SKIP","floor":25.0},{"not_picked":["Streamline+1","Leap+1","Steam Power"],"picked":"Singing Bowl","floor":30.0},{"not_picked":["Doom and Gloom+1","Coolheaded","Darkness+1"],"picked":"Singing Bowl","floor":31.0},{"not_picked":["Creative AI+1","Fission"],"picked":"Meteor Strike+1","floor":33.0},{"not_picked":["Beam Cell+1","Ball Lightning+1","Genetic Algorithm"],"picked":"Singing Bowl","floor":35.0},{"not_picked":["Steam","Compile Driver+1","Rebound+1"],"picked":"Singing Bowl","floor":36.0},{"not_picked":["Jack Of All Trades","Secret Weapon","Trip"],"picked":"Singing Bowl","floor":37.0},{"not_picked":["Swift Strike+1","Sadistic Nature+1","Dramatic Entrance+1"],"picked":"Singing Bowl","floor":37.0},{"not_picked":["Panacea","Finesse","Purity"],"picked":"Singing Bowl","floor":37.0},{"not_picked":["Gash+1","Stack+1","Compile Driver+1"],"picked":"Singing Bowl","floor":39.0},{"not_picked":["Defragment+1","Streamline+1"],"picked":"Buffer+1","floor":40.0},{"not_picked":["Genetic Algorithm","Scrape+1","Cold Snap+1"],"picked":"Singing Bowl","floor":44.0},{"not_picked":["Streamline+1","Reprogram","Redo"],"picked":"Singing Bowl","floor":45.0},{"not_picked":["Storm+1","Barrage+1","Go for the Eyes+1"],"picked":"Singing Bowl","floor":47},{"not_picked":["Sweeping Beam+1","Genetic Algorithm+1"],"picked":"Hologram+1","floor":48},{"not_picked":["Rip and Tear+1","Beam Cell+1"],"picked":"Creative AI+1","floor":54}],"player_experience":307254,"relics_obtained":[{"floor":6.0,"key":"Omamori"},{"floor":8.0,"key":"Molten Egg 2"},{"floor":12.0,"key":"Kunai"},{"floor":14.0,"key":"Orichalcum"},{"floor":17.0,"key":"Strawberry"},{"floor":17.0,"key":"Blue Candle"},{"floor":17.0,"key":"Ginger"},{"floor":23.0,"key":"Frozen Egg 2"},{"floor":26.0,"key":"Singing Bowl"},{"floor":31.0,"key":"Thread and Needle"},{"floor":40.0,"key":"Whetstone"},{"floor":43.0,"key":"Bottled Lightning"},{"floor":44.0,"key":"DataDisk"},{"floor":48,"key":"Shuriken"},{"floor":54,"key":"Pocketwatch"}],"event_choices":[{"damage_healed":0.0,"max_hp_gain":0.0,"max_hp_loss":0.0,"gold_gain":0.0,"event_name":"Match and Keep!","player_choice":"1 cards matched","floor":11.0,"gold_loss":0.0,"damage_taken":0.0,"cards_obtained":["Leap"]},{"damage_healed":0.0,"max_hp_gain":0.0,"max_hp_loss":0.0,"gold_gain":0.0,"event_name":"Back to Basics","player_choice":"Simplicity","floor":22.0,"gold_loss":0.0,"damage_taken":0.0,"cards_upgraded":["Strike_B","Strike_B","Strike_B","Strike_B","Defend_B","Defend_B","Defend_B","Defend_B"]},{"damage_healed":0.0,"max_hp_gain":0.0,"max_hp_loss":0.0,"gold_gain":0.0,"event_name":"Lab","player_choice":"Got Potions","floor":28.0,"gold_loss":0.0,"damage_taken":0.0},{"damage_healed":0.0,"max_hp_gain":0.0,"max_hp_loss":0.0,"gold_gain":0.0,"event_name":"SensoryStone","player_choice":"Memory 3","floor":37.0,"gold_loss":0.0,"damage_taken":10.0},{"damage_healed":24.0,"max_hp_gain":0.0,"max_hp_loss":0.0,"gold_gain":0.0,"event_name":"Winding Halls","player_choice":"Writhe","floor":38.0,"gold_loss":0.0,"damage_taken":0.0,"cards_obtained":["Writhe"]},{"damage_healed":0.0,"max_hp_gain":0.0,"max_hp_loss":0.0,"gold_gain":275.0,"event_name":"Golden Shrine","player_choice":"Desecrate","floor":42.0,"gold_loss":0.0,"damage_taken":0.0,"cards_obtained":["Regret"]}],"is_beta":false,"boss_relics":[{"not_picked":["Nuclear Battery","White Beast Statue"],"picked":"Calling Bell"},{"not_picked":["Astrolabe","Philosopher\u0027s Stone"],"picked":"Fusion Hammer"}],"items_purged_floors":[27,46,53],"is_endless":false,"potions_floor_spawned":[2,5,6,8,12,13,16,19,25,30,31,33,36,40,45],"ascension_level":7}