{"gold_per_floor":[110,110,26,46,56,84,84,110,137,163,163,163,192,211,211,287,287,304,354,368,384,24,24],"floor_reached":23,"playtime":1106,"items_purged":[],"score":518,"play_id":"4a7242f1-a1f9-4e5d-b31e-79a8a5213460","local_time":"20190815090354","is_ascension_mode":true,"campfire_choices":[{"floor":7.0,"key":"REST"},{"floor":12.0,"key":"REST"},{"floor":15.0,"key":"REST"}],"neow_cost":"NONE","seed_source_timestamp":1109894066600,"circlet_count":0,"master_deck":["AscendersBane","Strike_G","Strike_G","Strike_G","Strike_G","Defend_G","Defend_G+1","Defend_G","Defend_G","Defend_G","Survivor","Neutralize","Bouncing Flask","Blur+1","Dagger Spray","Dagger Spray","Well Laid Plans","Crippling Poison","Caltrops","Envenom","Prepared","Blade Dance","Dodge and Roll+1","Backstab"],"special_seed":0,"relics":["Ring of the Snake","Anchor","Bag of Preparation","Tough Bandages","War Paint","Odd Mushroom","Bronze Scales","Runic Pyramid","Shuriken"],"potions_floor_usage":[18,21],"damage_taken":[{"damage":2.0,"enemies":"Jaw Worm","floor":1.0,"turns":6.0},{"damage":0.0,"enemies":"Cultist","floor":4.0,"turns":4.0},{"damage":0.0,"enemies":"2 Louse","floor":5.0,"turns":3.0},{"damage":51.0,"enemies":"3 Sentries","floor":6.0,"turns":11.0},{"damage":1.0,"enemies":"Gremlin Nob","floor":8.0,"turns":4.0},{"damage":0.0,"enemies":"The Mushroom Lair","floor":10.0,"turns":3.0},{"damage":22.0,"enemies":"3 Sentries","floor":13.0,"turns":7.0},{"damage":0.0,"enemies":"Looter","floor":14.0,"turns":3.0},{"damage":0.0,"enemies":"The Guardian","floor":16.0,"turns":9.0},{"damage":11,"enemies":"2 Thieves","floor":18,"turns":3},{"damage":7,"enemies":"Spheric Guardian","floor":20,"turns":4},{"damage":35,"enemies":"Cultist and Chosen","floor":21,"turns":6},{"damage":12,"enemies":"Book of Stabbing","floor":23,"turns":3}],"seed_played":"6792317963636334862","potions_obtained":[{"floor":0.0,"key":"SteroidPotion"},{"floor":0.0,"key":"GhostInAJar"},{"floor":10.0,"key":"Explosive Potion"},{"floor":13.0,"key":"SpeedPotion"},{"floor":20,"key":"Energy Potion"}],"is_trial":false,"path_per_floor":["M","?","$","M","M","E","R","E","T","?","?","R","E","M","R","B",null,"M","?","M","M","$","E"],"character_chosen":"THE_SILENT","items_purchased":["Bouncing Flask","Shuriken","Backstab"],"campfire_rested":3,"item_purchase_floors":[3,22,22],"current_hp_per_floor":[57,57,57,57,57,6,25,24,24,24,24,43,21,21,40,40,60,49,49,42,7,7,0],"gold":24,"neow_bonus":"THREE_SMALL_POTIONS","is_prod":false,"is_daily":false,"chose_seed":false,"campfire_upgraded":0,"win_rate":0,"timestamp":1565852634,"path_taken":["M","?","?","M","?","E","R","E","T","?","?","R","E","M","R","BOSS","M","?","M","M","$","E"],"build_version":"2019-07-17","purchased_purges":0,"victory":false,"max_hp_per_floor":[66,66,66,66,66,66,66,66,66,66,66,66,66,66,66,66,66,66,66,66,66,66,66],"card_choices":[{"not_picked":["Prepared","Deflect"],"picked":"PiercingWail","floor":1.0},{"not_picked":["Flying Knee","Sucker Punch"],"picked":"Blur","floor":4.0},{"not_picked":["Accuracy","Calculated Gamble"],"picked":"Dagger Spray","floor":5.0},{"not_picked":["Blur","Night Terror"],"picked":"Dagger Spray","floor":6.0},{"not_picked":["Deflect","Setup","Outmaneuver"],"picked":"SKIP","floor":8.0},{"not_picked":["Backflip","Blur"],"picked":"Well Laid Plans","floor":10.0},{"not_picked":["Flying Knee","Bane"],"picked":"Crippling Poison","floor":13.0},{"not_picked":["Choke","Poisoned Stab"],"picked":"Caltrops","floor":14.0},{"not_picked":["Bullet Time","Phantasmal Killer"],"picked":"Envenom","floor":16.0},{"not_picked":["Blur","Backflip+1"],"picked":"Prepared","floor":18},{"not_picked":["Sucker Punch","Predator"],"picked":"Blade Dance","floor":20},{"not_picked":["Accuracy","Quick Slash"],"picked":"Dodge and Roll+1","floor":21}],"player_experience":1006309,"relics_obtained":[{"floor":6.0,"key":"Bag of Preparation"},{"floor":8.0,"key":"Tough Bandages"},{"floor":9.0,"key":"War Paint"},{"floor":10.0,"key":"Odd Mushroom"},{"floor":13.0,"key":"Bronze Scales"}],"event_choices":[{"cards_removed":["PiercingWail"],"damage_healed":0.0,"max_hp_gain":0.0,"max_hp_loss":0.0,"gold_gain":0.0,"event_name":"WeMeetAgain","player_choice":"Gave Card","floor":2.0,"gold_loss":0.0,"damage_taken":0.0,"relics_obtained":["Anchor"]},{"damage_healed":0.0,"max_hp_gain":0.0,"max_hp_loss":0.0,"gold_gain":0.0,"event_name":"Mushrooms","player_choice":"Fought Mushrooms","floor":10.0,"gold_loss":0.0,"damage_taken":0.0},{"cards_removed":["Strike_G"],"damage_healed":0.0,"max_hp_gain":0.0,"max_hp_loss":0.0,"gold_gain":0.0,"event_name":"Purifier","player_choice":"Purged","floor":11.0,"gold_loss":0.0,"damage_taken":0.0},{"damage_healed":0,"gold_gain":50,"player_choice":"Stole From Cult","damage_taken":0,"max_hp_gain":0,"max_hp_loss":0,"event_name":"Nest","floor":19,"gold_loss":0}],"is_beta":false,"boss_relics":[{"not_picked":["Lizard Tail","Orrery"],"picked":"Runic Pyramid"}],"items_purged_floors":[],"is_endless":false,"potions_floor_spawned":[5,6,10,13,20],"killed_by":"Book of Stabbing","ascension_level":20}