{"gold_per_floor":[362,362,342,361,34,34,64,64,64,99,115,115,65,18,18,118,118,138,138,152,168,168,168],"floor_reached":23,"playtime":789,"items_purged":["Regret"],"score":276,"play_id":"228aee48-98b7-41a6-8c4c-a783abd35327","local_time":"20190328215221","is_ascension_mode":true,"campfire_choices":[{"data":"Bash","floor":6,"key":"SMITH"},{"data":"Whirlwind","floor":8,"key":"SMITH"},{"floor":15,"key":"REST"}],"neow_cost":"CURSE","seed_source_timestamp":418773947633218,"circlet_count":0,"master_deck":["Strike_R+1","Strike_R+1","Strike_R","Defend_R","Defend_R","Defend_R","Defend_R","Bash+1","Spot Weakness","Heavy Blade+1","Disarm","Whirlwind+1","Juggernaut","Thunderclap+1","Havoc","Clothesline","Demon Form","Warcry+1","Feed","Headbutt+1","Corruption"],"relics":["Burning Blood","Blood Vial","Anchor","Boot","Whetstone","Sozu"],"potions_floor_usage":[7,10,16,23],"damage_taken":[{"damage":16,"enemies":"2 Louse","floor":1,"turns":3},{"damage":8,"enemies":"Small Slimes","floor":4,"turns":5},{"damage":33,"enemies":"3 Sentries","floor":7,"turns":6},{"damage":20,"enemies":"Gremlin Nob","floor":10,"turns":4},{"damage":1,"enemies":"Cultist","floor":11,"turns":3},{"damage":39,"enemies":"Hexaghost","floor":16,"turns":11},{"damage":30,"enemies":"2 Thieves","floor":18,"turns":4},{"damage":10,"enemies":"Shell Parasite","floor":20,"turns":5},{"damage":24,"enemies":"Snake Plant","floor":21,"turns":5},{"damage":19,"enemies":"Colosseum Slavers","floor":22,"turns":4},{"damage":24,"enemies":"Gremlin Leader","floor":23,"turns":5}],"seed_played":"-5908519708170684912","potions_obtained":[{"floor":3,"key":"Block Potion"},{"floor":4,"key":"SpeedPotion"},{"floor":7,"key":"Fire Potion"},{"floor":11,"key":"AttackPotion"}],"is_trial":false,"path_per_floor":["M","?","?","M","$","R","E","R","T","E","M","?","?","$","R","B",null,"M","?","M","M","?","E"],"character_chosen":"IRONCLAD","items_purchased":["Disarm","Whirlwind","Blood Vial","Clothesline"],"campfire_rested":1,"item_purchase_floors":[5,5,5,14],"current_hp_per_floor":[62,67,67,65,65,65,40,40,40,28,35,18,18,18,43,12,67,45,45,43,30,22,0],"gold":168,"neow_bonus":"TWO_FIFTY_GOLD","is_prod":false,"is_daily":false,"chose_seed":false,"campfire_upgraded":2,"win_rate":0,"timestamp":1553824341,"path_taken":["M","?","?","?","$","R","E","R","T","E","M","?","?","$","R","BOSS","M","?","M","?","?","E"],"build_version":"2019-01-23","purchased_purges":1,"victory":false,"max_hp_per_floor":[80,85,85,85,85,85,85,85,85,85,85,85,85,85,85,85,85,85,85,85,88,91,91],"card_choices":[{"not_picked":["Pommel Strike","Havoc"],"picked":"Spot Weakness","floor":1},{"not_picked":["Thunderclap","Infernal Blade"],"picked":"Heavy Blade","floor":4},{"not_picked":["Pommel Strike","Whirlwind"],"picked":"Juggernaut","floor":7},{"not_picked":["Flex","Havoc"],"picked":"Thunderclap","floor":10},{"not_picked":["Perfected Strike","Second Wind"],"picked":"Havoc","floor":11},{"not_picked":["Fiend Fire","Offering"],"picked":"Demon Form","floor":16},{"not_picked":["Cleave","Body Slam"],"picked":"Warcry+1","floor":18},{"not_picked":["Iron Wave","Hemokinesis+1"],"picked":"Headbutt+1","floor":20},{"not_picked":["Entrench","Headbutt"],"picked":"Corruption","floor":21}],"player_experience":352750,"relics_obtained":[{"floor":7,"key":"Anchor"},{"floor":9,"key":"Boot"},{"floor":10,"key":"Whetstone"}],"event_choices":[{"damage_healed":0,"gold_gain":0,"player_choice":"Donut","damage_taken":0,"max_hp_gain":5,"max_hp_loss":0,"event_name":"Big Fish","floor":2,"gold_loss":0},{"damage_healed":0,"gold_gain":0,"player_choice":"Bought 1 Potion","damage_taken":0,"max_hp_gain":0,"max_hp_loss":0,"event_name":"The Woman in Blue","floor":3,"gold_loss":0},{"damage_healed":0,"gold_gain":0,"player_choice":"Entered Light","damage_taken":17,"max_hp_gain":0,"max_hp_loss":0,"event_name":"Shining Light","floor":12,"gold_loss":0,"cards_upgraded":["Thunderclap","Strike_R"]},{"cards_removed":["Strike_R"],"damage_healed":0,"gold_gain":0,"player_choice":"Card Removal","damage_taken":0,"max_hp_gain":0,"max_hp_loss":0,"event_name":"The Cleric","floor":13,"gold_loss":50},{"damage_healed":0,"gold_gain":0,"cards_transformed":["Strike_R"],"player_choice":"Transformed","damage_taken":0,"max_hp_gain":0,"max_hp_loss":0,"event_name":"Transmorgrifier","floor":19,"gold_loss":0,"cards_obtained":["Feed"]},{"damage_healed":0,"gold_gain":0,"player_choice":"Fight","damage_taken":0,"max_hp_gain":0,"max_hp_loss":0,"event_name":"Colosseum","floor":22,"gold_loss":0},{"damage_healed":0,"gold_gain":0,"player_choice":"Fled From Nobs","damage_taken":0,"max_hp_gain":0,"max_hp_loss":0,"event_name":"Colosseum","floor":22,"gold_loss":0}],"is_beta":false,"boss_relics":[{"not_picked":["Runic Pyramid","Eternal Feather"],"picked":"Sozu"}],"items_purged_floors":[5],"is_endless":false,"potions_floor_spawned":[4,7,11,18],"killed_by":"Gremlin Leader","ascension_level":8}