{"gold_per_floor":[109,59,59,75,75,114,114,139,139,164,207,207,220,233,233,361,361,375,13,28,51,65,65,88,88,88,156,156,180,180,180,180,308,308,321,337,356,356,28,28,44,64,64,82,82],"floor_reached":45,"playtime":2726,"items_purged":["Regret","Strike_B"],"score":476,"play_id":"2f004a21-2a36-4977-8bf1-40f9ee09a60a","local_time":"20190529191732","is_ascension_mode":false,"campfire_choices":[{"data":"Cold Snap","floor":7,"key":"SMITH"},{"data":"Creative AI","floor":12,"key":"SMITH"},{"floor":15,"key":"REST"},{"data":"Rainbow","floor":23,"key":"SMITH"},{"data":"Loop","floor":25,"key":"SMITH"},{"floor":28,"key":"REST"},{"floor":32,"key":"REST"},{"data":"Machine Learning","floor":40,"key":"SMITH"}],"neow_cost":"NONE","seed_source_timestamp":900928681453554,"circlet_count":0,"master_deck":["Strike_B","Strike_B","Strike_B","Defend_B","Defend_B+1","Defend_B","Zap+1","Dualcast","Conserve Battery","Rebound","Cold Snap+1","Reboot","Barrage","Creative AI+1","Ball Lightning","Doom and Gloom","Rainbow+1","Redo","Loop+1","FTL","Leap+1","Gash","Conserve Battery+1","Rebound+1","Necronomicurse","Machine Learning+1","Reinforced Body+1","Darkness+1","Barrage+1"],"relics":["Cracked Core","NeowsBlessing","Golden Idol","Thread and Needle","Bronze Scales","Pear","Boot","Nuclear Battery","Kunai","Sundial","Tiny Chest","Necronomicon","Busted Crown","War Paint","Frozen Egg 2"],"potions_floor_usage":[16,20,22,24,27,35,41,42,45],"damage_taken":[{"damage":0,"enemies":"Small Slimes","floor":1,"turns":1},{"damage":0,"enemies":"Jaw Worm","floor":4,"turns":1},{"damage":0,"enemies":"Lagavulin","floor":6,"turns":2},{"damage":0,"enemies":"2 Louse","floor":8,"turns":2},{"damage":6,"enemies":"Exordium Wildlife","floor":10,"turns":3},{"damage":12,"enemies":"Gremlin Nob","floor":11,"turns":4},{"damage":14,"enemies":"Lots of Slimes","floor":13,"turns":2},{"damage":6,"enemies":"Large Slime","floor":14,"turns":4},{"damage":12,"enemies":"Slime Boss","floor":16,"turns":6},{"damage":10,"enemies":"Spheric Guardian","floor":18,"turns":3},{"damage":0,"enemies":"Shell Parasite","floor":20,"turns":3},{"damage":6,"enemies":"Centurion and Healer","floor":21,"turns":4},{"damage":12,"enemies":"3 Cultists","floor":22,"turns":4},{"damage":21,"enemies":"Shelled Parasite and Fungi","floor":24,"turns":5},{"damage":16,"enemies":"Slavers","floor":27,"turns":4},{"damage":16,"enemies":"Centurion and Healer","floor":29,"turns":4},{"damage":30,"enemies":"Collector","floor":33,"turns":9},{"damage":19,"enemies":"3 Darklings","floor":35,"turns":4},{"damage":13,"enemies":"3 Shapes","floor":36,"turns":4},{"damage":20,"enemies":"Transient","floor":37,"turns":5},{"damage":32,"enemies":"Jaw Worm Horde","floor":41,"turns":4},{"damage":0,"enemies":"3 Darklings","floor":42,"turns":6},{"damage":0,"enemies":"Transient","floor":44,"turns":5},{"damage":1,"enemies":"Nemesis","floor":45,"turns":2}],"seed_played":"6974606215066951867","potions_obtained":[{"floor":1,"key":"SkillPotion"},{"floor":4,"key":"SpeedPotion"},{"floor":13,"key":"Fire Potion"},{"floor":20,"key":"Poison Potion"},{"floor":21,"key":"Block Potion"},{"floor":29,"key":"GamblersBrew"},{"floor":35,"key":"LiquidBronze"},{"floor":37,"key":"Ancient Potion"},{"floor":41,"key":"PowerPotion"}],"is_trial":false,"path_per_floor":["M","?","?","M","?","E","R","M","T","M","E","R","M","M","R","B",null,"M","$","M","M","M","R","M","R","T","E","R","M","?","?","R","B",null,"M","M","M","?","$","R","M","M","T","M","E"],"character_chosen":"DEFECT","items_purchased":["Kunai","Loop","War Paint","FocusPotion"],"campfire_rested":3,"item_purchase_floors":[19,19,39,39],"current_hp_per_floor":[75,75,57,57,57,57,57,57,67,61,49,49,35,29,54,42,85,75,75,75,69,57,57,36,36,36,20,45,29,13,13,38,8,85,66,53,33,33,33,33,1,1,1,1,0],"gold":82,"neow_bonus":"THREE_ENEMY_KILL","is_prod":false,"is_daily":false,"chose_seed":false,"campfire_upgraded":5,"win_rate":0.0,"timestamp":1559175452,"path_taken":["M","?","?","M","?","E","R","M","T","M","E","R","?","M","R","BOSS","M","$","M","M","?","R","M","R","T","E","R","M","?","?","R","BOSS","M","M","M","?","$","R","M","M","T","M","E"],"build_version":"2019-01-23","purchased_purges":2,"victory":false,"max_hp_per_floor":[75,75,75,75,75,75,75,75,85,85,85,85,85,85,85,85,85,85,85,85,85,85,85,85,85,85,85,85,85,85,85,85,85,85,85,85,85,85,85,85,85,85,85,85,85],"card_choices":[{"not_picked":["Double Energy","Hello World"],"picked":"Conserve Battery","floor":1},{"not_picked":["Conserve Battery","Stack"],"picked":"Rebound","floor":4},{"not_picked":["Darkness","Redo"],"picked":"Cold Snap","floor":6},{"not_picked":["Leap","Rebound"],"picked":"Reboot","floor":8},{"not_picked":["Chill","Rebound"],"picked":"Barrage","floor":10},{"not_picked":["Compile Driver","Conserve Battery"],"picked":"Creative AI","floor":11},{"not_picked":["Go for the Eyes","Gash"],"picked":"Ball Lightning","floor":13},{"not_picked":["Ball Lightning","Fusion"],"picked":"Doom and Gloom","floor":14},{"not_picked":["Multi-Cast","Seek"],"picked":"Rainbow","floor":16},{"not_picked":["Ball Lightning","Steam"],"picked":"Redo","floor":18},{"not_picked":["Rebound","Stack"],"picked":"FTL","floor":20},{"not_picked":["White Noise","All For One"],"picked":"Leap+1","floor":21},{"not_picked":["Ball Lightning+1","Darkness"],"picked":"Gash","floor":22},{"not_picked":["Compile Driver","Fusion"],"picked":"Conserve Battery+1","floor":24},{"not_picked":["Go for the Eyes","Gash"],"picked":"Rebound+1","floor":27},{"not_picked":["Chill","Heatsinks+1","Rainbow"],"picked":"SKIP","floor":29},{"not_picked":["Seek","All For One"],"picked":"Machine Learning","floor":33},{"not_picked":[],"picked":"Reinforced Body+1","floor":35},{"not_picked":["Beam Cell"],"picked":"SKIP","floor":36},{"not_picked":[],"picked":"Darkness+1","floor":37},{"not_picked":["Stack"],"picked":"SKIP","floor":41},{"not_picked":["Leap+1"],"picked":"SKIP","floor":42},{"not_picked":[],"picked":"Barrage+1","floor":44}],"player_experience":23149,"relics_obtained":[{"floor":6,"key":"Bronze Scales"},{"floor":9,"key":"Pear"},{"floor":11,"key":"Boot"},{"floor":26,"key":"Sundial"},{"floor":27,"key":"Tiny Chest"},{"floor":30,"key":"Necronomicon"},{"floor":43,"key":"Frozen Egg 2"}],"event_choices":[{"cards_removed":["Defend_B"],"damage_healed":0,"gold_gain":0,"player_choice":"Card Removal","damage_taken":0,"max_hp_gain":0,"max_hp_loss":0,"event_name":"The Cleric","floor":2,"gold_loss":50},{"damage_healed":0,"gold_gain":0,"player_choice":"Take Damage","damage_taken":18,"relics_obtained":["Golden Idol"],"max_hp_gain":0,"max_hp_loss":0,"event_name":"Golden Idol","floor":3,"gold_loss":0},{"damage_healed":0,"gold_gain":0,"player_choice":"Box","damage_taken":0,"relics_obtained":["Thread and Needle"],"max_hp_gain":0,"max_hp_loss":0,"event_name":"Big Fish","floor":5,"gold_loss":0,"cards_obtained":["Regret"]},{"damage_healed":0,"gold_gain":0,"player_choice":"Obtained Book","damage_taken":16,"max_hp_gain":0,"max_hp_loss":0,"event_name":"Cursed Tome","floor":30,"gold_loss":0},{"damage_healed":0,"gold_gain":0,"player_choice":"Ignored","damage_taken":0,"max_hp_gain":0,"max_hp_loss":0,"event_name":"Ghosts","floor":31,"gold_loss":0},{"damage_healed":0,"gold_gain":0,"player_choice":"Bought 0 Potions","damage_taken":0,"max_hp_gain":0,"max_hp_loss":0,"event_name":"The Woman in Blue","floor":38,"gold_loss":0}],"is_beta":false,"boss_relics":[{"not_picked":["Inserter","Coffee Dripper"],"picked":"Nuclear Battery"},{"not_picked":["Empty Cage","Fusion Hammer"],"picked":"Busted Crown"}],"items_purged_floors":[19,39],"is_endless":false,"potions_floor_spawned":[1,4,13,14,20,21,29,35,37,41],"killed_by":"Nemesis","ascension_level":0}