{"gold_per_floor":[112,112,112,37,37,72,72,93,167,14,30,44,63,98,110,247,259,290,340,299,399,417,417],"floor_reached":23,"playtime":1048,"items_purged":["Defend_B","Regret"],"score":235,"play_id":"e887e2b6-62cf-428d-a061-547f600d497d","local_time":"20190724145244","is_ascension_mode":true,"campfire_choices":[{"data":"Recycle","floor":7,"key":"SMITH"},{"data":"Zap","floor":15,"key":"SMITH"}],"neow_cost":"NONE","seed_source_timestamp":9865929964471212,"circlet_count":0,"master_deck":["Strike_B","Strike_B","Strike_B","Strike_B","Defend_B","Defend_B","Defend_B","Zap+1","Dualcast","Recycle+1","Reprogram","Gash","Go for the Eyes","Coolheaded","Coolheaded","Seek","Gash","Beam Cell"],"relics":["Cracked Core","NeowsBlessing","Kunai","Golden Idol","Happy Flower","DataDisk","Letter Opener","MawBank","Runic Pyramid","Red Mask"],"potions_floor_usage":[14,16,23],"damage_taken":[{"damage":0,"enemies":"Jaw Worm","floor":1,"turns":1},{"damage":0,"enemies":"3 Sentries","floor":6,"turns":1},{"damage":0,"enemies":"2 Louse","floor":8,"turns":1},{"damage":10,"enemies":"Small Slimes","floor":11,"turns":2},{"damage":6,"enemies":"2 Fungi Beasts","floor":12,"turns":3},{"damage":8,"enemies":"Exordium Thugs","floor":13,"turns":3},{"damage":26,"enemies":"Gremlin Nob","floor":14,"turns":5},{"damage":6,"enemies":"Hexaghost","floor":16,"turns":10},{"damage":5,"enemies":"Spheric Guardian","floor":18,"turns":4},{"damage":36,"enemies":"Masked Bandits","floor":19,"turns":6},{"damage":17,"enemies":"3 Byrds","floor":22,"turns":4},{"damage":14,"enemies":"Slavers","floor":23,"turns":2}],"seed_played":"-5330096727646599873","potions_obtained":[{"floor":1,"key":"LiquidBronze"},{"floor":11,"key":"SpeedPotion"},{"floor":13,"key":"Block Potion"},{"floor":19,"key":"Energy Potion"}],"is_trial":false,"path_per_floor":["M","?","?","$","?","E","R","M","T","$","M","M","M","E","R","B",null,"M","?","$","?","M","E"],"character_chosen":"DEFECT","items_purchased":["Go for the Eyes","Gash"],"campfire_rested":0,"item_purchase_floors":[10,20],"current_hp_per_floor":[75,68,68,68,68,68,68,68,68,68,58,52,44,18,18,12,69,64,28,28,28,11,0],"gold":417,"neow_bonus":"THREE_ENEMY_KILL","is_prod":false,"is_daily":false,"chose_seed":false,"campfire_upgraded":2,"win_rate":0,"timestamp":1563958364,"path_taken":["M","?","?","$","?","E","R","M","T","?","M","?","M","E","R","BOSS","M","?","$","?","?","E"],"build_version":"2019-07-17","purchased_purges":2,"victory":false,"max_hp_per_floor":[75,75,69,69,69,69,69,69,69,69,69,69,69,69,69,69,69,69,69,69,69,69,69],"card_choices":[{"not_picked":["Storm","Chaos"],"picked":"Recycle","floor":1},{"not_picked":["Doom and Gloom","Streamline"],"picked":"Reprogram","floor":6},{"not_picked":["Hologram","Ball Lightning"],"picked":"Gash","floor":8},{"not_picked":["Darkness","Rebound","Coolheaded"],"picked":"SKIP","floor":11},{"not_picked":["Compile Driver","Cold Snap"],"picked":"Coolheaded","floor":12},{"not_picked":["Ball Lightning","Tempest"],"picked":"Coolheaded","floor":13},{"not_picked":["Machine Learning","Core Surge","Rainbow"],"picked":"SKIP","floor":14},{"not_picked":["Reboot","Machine Learning"],"picked":"Seek","floor":16},{"not_picked":["Conserve Battery+1","Leap","Ball Lightning"],"picked":"SKIP","floor":18},{"not_picked":["Compile Driver","Turbo+1"],"picked":"Beam Cell","floor":22}],"player_experience":1581972,"relics_obtained":[{"floor":6,"key":"DataDisk"},{"floor":9,"key":"Letter Opener"},{"floor":14,"key":"MawBank"},{"floor":19,"key":"Red Mask"}],"event_choices":[{"damage_healed":0,"gold_gain":0,"player_choice":"Success","damage_taken":7,"relics_obtained":["Kunai"],"max_hp_gain":0,"max_hp_loss":0,"event_name":"Scrap Ooze","floor":2,"gold_loss":0},{"damage_healed":0,"gold_gain":0,"player_choice":"Lose Max HP","damage_taken":0,"relics_obtained":["Golden Idol"],"max_hp_gain":0,"max_hp_loss":6,"event_name":"Golden Idol","floor":3,"gold_loss":0},{"damage_healed":0,"gold_gain":0,"player_choice":"Box","damage_taken":0,"relics_obtained":["Happy Flower"],"max_hp_gain":0,"max_hp_loss":0,"event_name":"Big Fish","floor":5,"gold_loss":0,"cards_obtained":["Regret"]},{"damage_healed":0,"gold_gain":0,"player_choice":"Fought Bandits","damage_taken":0,"max_hp_gain":0,"max_hp_loss":0,"event_name":"Masked Bandits","floor":19,"gold_loss":0},{"damage_healed":0,"gold_gain":100,"player_choice":"Pray","damage_taken":0,"max_hp_gain":0,"max_hp_loss":0,"event_name":"Golden Shrine","floor":21,"gold_loss":0}],"is_beta":false,"boss_relics":[{"not_picked":["Snecko Eye","Busted Crown"],"picked":"Runic Pyramid"}],"items_purged_floors":[4,10],"is_endless":false,"potions_floor_spawned":[1,11,13,19],"killed_by":"Slavers","ascension_level":1}