{"gold_per_floor":[113,129,146,146,146,146,163,193,193,213,239,239,15,40,40,145,145,162,178,78,78,90,121,121],"floor_reached":24,"playtime":1586,"items_purged":["Strike_G","Regret"],"score":287,"play_id":"f0c04c4e-16f1-4596-9d22-e941eca5147d","local_time":"20190818143436","is_ascension_mode":true,"campfire_choices":[{"data":"Noxious Fumes","floor":6,"key":"SMITH"},{"floor":12,"key":"REST"},{"data":"Choke","floor":15,"key":"SMITH"}],"neow_cost":"NONE","seed_source_timestamp":540763729098073,"circlet_count":0,"master_deck":["Strike_G","Strike_G","Strike_G","Defend_G","Defend_G","Defend_G","Defend_G","Defend_G","Survivor","Neutralize","Bouncing Flask","Deadly Poison","Noxious Fumes+1","Choke+1","Dodge and Roll","Burst","Dash","Catalyst","Well Laid Plans","Caltrops","Venomology","Blur+1","Acrobatics+1","Catalyst","Crippling Poison+1"],"relics":["Ring of the Snake","Dodecahedron","Bottled Flame","Bottled Lightning","Ninja Scroll","Bird Faced Urn","Black Star","Meat on the Bone","Smiling Mask"],"potions_floor_usage":[2,8,10,11,14,19,22,23,24,24],"damage_taken":[{"damage":0,"enemies":"Cultist","floor":1,"turns":4},{"damage":0,"enemies":"2 Louse","floor":2,"turns":1},{"damage":4,"enemies":"Jaw Worm","floor":3,"turns":4},{"damage":23,"enemies":"Lots of Slimes","floor":7,"turns":3},{"damage":18,"enemies":"Lagavulin","floor":8,"turns":5},{"damage":7,"enemies":"3 Louse","floor":10,"turns":3},{"damage":26,"enemies":"3 Sentries","floor":11,"turns":6},{"damage":7,"enemies":"Gremlin Nob","floor":14,"turns":3},{"damage":14,"enemies":"Hexaghost","floor":16,"turns":6},{"damage":15,"enemies":"3 Byrds","floor":18,"turns":6},{"damage":0,"enemies":"Chosen","floor":19,"turns":3},{"damage":44,"enemies":"3 Cultists","floor":22,"turns":7},{"damage":22,"enemies":"Slavers","floor":23,"turns":8},{"damage":26,"enemies":"Shelled Parasite and Fungi","floor":24,"turns":5}],"seed_played":"-9120068335577837545","potions_obtained":[{"floor":0,"key":"SteroidPotion"},{"floor":0,"key":"Regen Potion"},{"floor":0,"key":"Explosive Potion"},{"floor":3,"key":"Regen Potion"},{"floor":8,"key":"Explosive Potion"},{"floor":14,"key":"Energy Potion"},{"floor":19,"key":"Block Potion"},{"floor":22,"key":"Strength Potion"}],"is_trial":false,"path_per_floor":["M","M","M","?","?","R","M","E","T","M","E","R","$","E","R","B",null,"M","M","$","?","M","E","M"],"character_chosen":"THE_SILENT","items_purchased":["Catalyst","Well Laid Plans"],"campfire_rested":1,"item_purchase_floors":[13,13],"current_hp_per_floor":[70,70,66,59,59,59,36,33,33,26,14,35,35,28,28,20,70,59,61,61,61,23,22,0],"gold":121,"neow_bonus":"THREE_SMALL_POTIONS","is_prod":false,"is_daily":false,"chose_seed":false,"campfire_upgraded":2,"win_rate":0,"timestamp":1566156876,"path_taken":["M","M","M","?","?","R","M","E","T","M","E","R","$","E","R","BOSS","M","M","$","?","M","E","M"],"build_version":"2019-07-17","purchased_purges":2,"victory":false,"max_hp_per_floor":[70,70,70,70,70,70,70,70,70,70,70,70,70,70,70,70,70,70,70,70,70,70,70,70],"card_choices":[{"not_picked":["Slice","Prepared"],"picked":"Bouncing Flask","floor":1},{"not_picked":["Cloak And Dagger","Blur"],"picked":"Deadly Poison","floor":2},{"not_picked":["Reflex","Poisoned Stab"],"picked":"Noxious Fumes","floor":3},{"not_picked":["Calculated Gamble","Escape Plan"],"picked":"Choke","floor":7},{"not_picked":["Backflip","Caltrops"],"picked":"Dodge and Roll","floor":8},{"not_picked":["Endless Agony","Dagger Throw"],"picked":"Burst","floor":10},{"not_picked":["Dagger Throw","Footwork"],"picked":"Dash","floor":11},{"not_picked":["Reflex","Well Laid Plans"],"picked":"Caltrops","floor":14},{"not_picked":["Doppelganger","Unload"],"picked":"Venomology","floor":16},{"not_picked":["Leg Sweep","Deadly Poison"],"picked":"Blur+1","floor":18},{"not_picked":["Dagger Throw","Blade Dance"],"picked":"Acrobatics+1","floor":19},{"not_picked":["Sucker Punch","Slice"],"picked":"Catalyst","floor":22},{"not_picked":["Poisoned Stab","Sucker Punch"],"picked":"Crippling Poison+1","floor":23}],"player_experience":162198,"relics_obtained":[{"floor":8,"key":"Bottled Flame"},{"floor":9,"key":"Bottled Lightning"},{"floor":11,"key":"Ninja Scroll"},{"floor":14,"key":"Bird Faced Urn"},{"floor":23,"key":"Meat on the Bone"},{"floor":23,"key":"Smiling Mask"}],"event_choices":[{"cards_removed":["Strike_G"],"damage_healed":0,"gold_gain":0,"player_choice":"Card Removal","damage_taken":7,"max_hp_gain":0,"max_hp_loss":0,"event_name":"Golden Wing","floor":4,"gold_loss":0},{"damage_healed":0,"gold_gain":0,"player_choice":"Box","damage_taken":0,"relics_obtained":["Dodecahedron"],"max_hp_gain":0,"max_hp_loss":0,"event_name":"Big Fish","floor":5,"gold_loss":0,"cards_obtained":["Regret"]},{"damage_healed":0,"gold_gain":0,"player_choice":"Bought 0 Potions","damage_taken":0,"max_hp_gain":0,"max_hp_loss":0,"event_name":"The Woman in Blue","floor":21,"gold_loss":0}],"is_beta":false,"boss_relics":[{"not_picked":["Velvet Choker","Astrolabe"],"picked":"Black Star"}],"items_purged_floors":[13,20],"is_endless":false,"potions_floor_spawned":[3,8,14,19,22],"killed_by":"Shelled Parasite and Fungi","ascension_level":2}