{"gold_per_floor":[112,112,112,129,279,309,24,57,57,70,70,104,124,155,155,229,229,246,260,260,279,291,291],"floor_reached":23,"playtime":1279,"items_purged":["Doubt"],"score":492,"play_id":"Baalorlord-2326b6d6","local_time":"20190702192950","is_ascension_mode":true,"campfire_choices":[{"data":"Inflame","floor":11,"key":"SMITH"},{"data":"Immolate","floor":15,"key":"SMITH"}],"neow_cost":"NONE","seed_source_timestamp":727534131478300,"circlet_count":0,"master_deck":["AscendersBane","Strike_R","Strike_R","Strike_R","Defend_R+1","Defend_R","Defend_R","Defend_R+1","Bash","Anger","Double Tap","Impervious","Inflame+1","Rampage","Metallicize","Twin Strike","Immolate+1","Cleave","Dual Wield","Feed","Ghostly Armor+1","Warcry+1","Evolve","Burning Pact"],"relics":["Burning Blood","NeowsBlessing","Pantograph","Sling","Happy Flower","War Paint","Omamori","Darkstone Periapt","Cursed Key"],"potions_floor_usage":[14,16,23,23],"damage_taken":[{"damage":0,"enemies":"Small Slimes","floor":1,"turns":1},{"damage":0,"enemies":"Cultist","floor":4,"turns":1},{"damage":0,"enemies":"Lagavulin","floor":6,"turns":1},{"damage":45,"enemies":"3 Sentries","floor":8,"turns":8},{"damage":7,"enemies":"2 Louse","floor":10,"turns":3},{"damage":3,"enemies":"Gremlin Nob","floor":12,"turns":3},{"damage":0,"enemies":"Large Slime","floor":13,"turns":4},{"damage":16,"enemies":"Lagavulin","floor":14,"turns":6},{"damage":31,"enemies":"Hexaghost","floor":16,"turns":8},{"damage":30,"enemies":"Shell Parasite","floor":18,"turns":5},{"damage":0,"enemies":"Spheric Guardian","floor":19,"turns":3},{"damage":19,"enemies":"Snake Plant","floor":21,"turns":3},{"damage":13,"enemies":"Shelled Parasite and Fungi","floor":22,"turns":6},{"damage":36,"enemies":"Slavers","floor":23,"turns":5}],"seed_played":"-8235625969160288173","potions_obtained":[{"floor":8,"key":"Weak Potion"},{"floor":10,"key":"SkillPotion"},{"floor":12,"key":"GamblersBrew"},{"floor":18,"key":"GamblersBrew"},{"floor":21,"key":"FearPotion"},{"floor":22,"key":"AttackPotion"}],"is_trial":false,"path_per_floor":["M","?","?","M","?","E","$","E","T","M","R","E","M","E","R","B",null,"M","M","?","M","M","E"],"character_chosen":"IRONCLAD","items_purchased":["Sling"],"campfire_rested":0,"item_purchase_floors":[7],"current_hp_per_floor":[74,74,74,75,75,75,75,36,36,35,35,38,44,34,34,34,65,41,47,47,37,33,0],"gold":291,"neow_bonus":"THREE_ENEMY_KILL","is_prod":false,"is_daily":false,"chose_seed":false,"campfire_upgraded":2,"win_rate":0,"timestamp":1562110190,"path_taken":["M","?","?","?","?","E","$","E","T","M","R","E","M","E","R","BOSS","M","M","?","M","M","E"],"build_version":"2019-07-01","purchased_purges":1,"victory":false,"max_hp_per_floor":[75,75,75,75,75,75,75,75,75,75,75,75,75,75,75,75,75,75,75,75,78,81,81],"card_choices":[{"not_picked":["Clash","Armaments"],"picked":"Anger","floor":1},{"not_picked":["Entrench","Heavy Blade"],"picked":"Inflame","floor":4},{"not_picked":["Rage","Havoc"],"picked":"Rampage","floor":6},{"not_picked":["Intimidate","Second Wind"],"picked":"Metallicize","floor":8},{"not_picked":["Searing Blow","Wild Strike"],"picked":"Twin Strike","floor":10},{"not_picked":["Cleave","Shockwave"],"picked":"Immolate","floor":12},{"not_picked":["Bloodletting","Seeing Red"],"picked":"Cleave","floor":13},{"not_picked":["Exhume","Armaments"],"picked":"Dual Wield","floor":14},{"not_picked":["Brutality","Immolate"],"picked":"Feed","floor":16},{"not_picked":["Cleave+1","Carnage"],"picked":"Ghostly Armor+1","floor":18},{"not_picked":["Headbutt","Thunderclap"],"picked":"Warcry+1","floor":19},{"not_picked":["Evolve","True Grit","Body Slam"],"picked":"SKIP","floor":21},{"not_picked":["Body Slam","Wild Strike"],"picked":"Burning Pact","floor":22}],"player_experience":2191817,"relics_obtained":[{"floor":6,"key":"Pantograph"},{"floor":8,"key":"Happy Flower"},{"floor":9,"key":"War Paint"},{"floor":12,"key":"Omamori"},{"floor":14,"key":"Darkstone Periapt"}],"event_choices":[{"damage_healed":0,"gold_gain":0,"cards_transformed":["Strike_R"],"player_choice":"Change","damage_taken":0,"max_hp_gain":0,"max_hp_loss":0,"event_name":"Living Wall","floor":2,"gold_loss":0,"cards_obtained":["Double Tap"]},{"damage_healed":0,"gold_gain":0,"player_choice":"1 cards matched","damage_taken":0,"max_hp_gain":0,"max_hp_loss":0,"event_name":"Match and Keep!","floor":3,"gold_loss":0,"cards_obtained":["Impervious"]},{"damage_healed":0,"gold_gain":0,"player_choice":"1 cards matched","damage_taken":0,"max_hp_gain":0,"max_hp_loss":0,"event_name":"Match and Keep!","floor":3,"gold_loss":0,"cards_obtained":["Impervious"]},{"damage_healed":0,"gold_gain":150,"player_choice":"AGREE","damage_taken":0,"max_hp_gain":0,"max_hp_loss":0,"event_name":"Liars Game","floor":5,"gold_loss":0,"cards_obtained":["Doubt"]},{"damage_healed":0,"gold_gain":0,"cards_transformed":["Strike_R"],"player_choice":"Transformed","damage_taken":0,"max_hp_gain":0,"max_hp_loss":0,"event_name":"Transmorgrifier","floor":20,"gold_loss":0,"cards_obtained":["Evolve"]}],"is_beta":false,"boss_relics":[{"not_picked":["Astrolabe","Runic Cube"],"picked":"Cursed Key"}],"items_purged_floors":[7],"is_endless":false,"potions_floor_spawned":[8,10,12,13,18,21,22],"killed_by":"Slavers","ascension_level":20}