{"gold_per_floor":[111,123,142,154,79,79,79,107,119,147,159,2,37,37,37,135,135,148,158,158,171,46,46,74,74],"floor_reached":25,"playtime":758,"items_purged":["Strike_R","Strike_R","Strike_R"],"score":231,"play_id":"7c1dfe6d-e0c0-407c-82b8-89492c3c8a1c","local_time":"20190806223818","is_ascension_mode":false,"campfire_choices":[{"data":"Bash","floor":6,"key":"SMITH"},{"floor":11,"key":"REST"},{"floor":15,"key":"REST"},{"floor":23,"key":"REST"}],"neow_cost":"NONE","seed_source_timestamp":97598387728817,"circlet_count":0,"master_deck":["Strike_R","Strike_R","Defend_R","Defend_R","Defend_R","Defend_R","Bash+1","Rampage","Shockwave+1","Dual Wield","Dropkick"],"relics":["Burning Blood","Bronze Scales","MawBank","Kunai","Mango","Bottled Lightning","Orrery","Unceasing Top"],"potions_floor_usage":[13,24,24,25],"damage_taken":[{"damage":6,"enemies":"Cultist","floor":1,"turns":3},{"damage":1,"enemies":"2 Louse","floor":2,"turns":2},{"damage":12,"enemies":"Small Slimes","floor":3,"turns":3},{"damage":22,"enemies":"Exordium Thugs","floor":4,"turns":5},{"damage":26,"enemies":"Lagavulin","floor":8,"turns":7},{"damage":17,"enemies":"Exordium Wildlife","floor":10,"turns":3},{"damage":47,"enemies":"3 Sentries","floor":13,"turns":9},{"damage":41,"enemies":"Hexaghost","floor":16,"turns":9},{"damage":13,"enemies":"Chosen","floor":18,"turns":4},{"damage":52,"enemies":"Spheric Guardian","floor":19,"turns":5},{"damage":26,"enemies":"Snake Plant","floor":21,"turns":4},{"damage":43,"enemies":"Slavers","floor":24,"turns":7},{"damage":13,"enemies":"3 Cultists","floor":25,"turns":4}],"seed_played":"1596488428817911705","potions_obtained":[{"floor":1,"key":"Dexterity Potion"},{"floor":2,"key":"Regen Potion"},{"floor":10,"key":"Weak Potion"},{"floor":13,"key":"LiquidBronze"}],"is_trial":false,"path_per_floor":["M","M","M","M","$","R","$","E","T","M","R","$","E","T","R","B",null,"M","M","?","M","$","R","E","M"],"character_chosen":"IRONCLAD","items_purchased":["Dropkick"],"campfire_rested":3,"item_purchase_floors":[12],"current_hp_per_floor":[80,80,74,58,58,58,58,38,38,27,51,51,39,39,67,32,94,87,41,41,21,21,49,12,0],"gold":74,"neow_bonus":"RANDOM_COMMON_RELIC","is_prod":false,"is_daily":false,"chose_seed":false,"campfire_upgraded":1,"win_rate":0,"timestamp":1565145498,"path_taken":["M","M","M","M","$","R","$","E","T","M","R","?","E","?","R","BOSS","M","M","?","?","$","R","E","M"],"build_version":"2019-07-17","purchased_purges":3,"victory":false,"max_hp_per_floor":[80,80,80,80,80,80,80,80,80,80,80,80,94,94,94,94,94,94,94,94,94,94,94,94,94],"card_choices":[{"not_picked":["Rage","Rampage","Cleave"],"picked":"SKIP","floor":1},{"not_picked":["Rage","Cleave"],"picked":"Rampage","floor":1},{"not_picked":["Shrug It Off","Carnage","Metallicize"],"picked":"SKIP","floor":2},{"not_picked":["Heavy Blade","Sentinel","Warcry"],"picked":"SKIP","floor":3},{"not_picked":["Evolve","Thunderclap","Combust"],"picked":"SKIP","floor":4},{"not_picked":["Clash","Impervious"],"picked":"Shockwave","floor":8},{"not_picked":["Shrug It Off","Wild Strike"],"picked":"Dual Wield","floor":10},{"not_picked":["Dual Wield","Thunderclap","Heavy Blade"],"picked":"SKIP","floor":13},{"not_picked":["Iron Wave","Cleave","Twin Strike"],"picked":"SKIP","floor":18},{"not_picked":["Bloodletting","Limit Break","Twin Strike"],"picked":"SKIP","floor":19},{"not_picked":["Cleave+1","Second Wind","Sever Soul"],"picked":"SKIP","floor":21},{"not_picked":["Bloodletting","Pommel Strike","Clash"],"picked":"SKIP","floor":24}],"player_experience":750144,"relics_obtained":[{"floor":8,"key":"MawBank"},{"floor":9,"key":"Kunai"},{"floor":13,"key":"Mango"},{"floor":14,"key":"Bottled Lightning"},{"floor":24,"key":"Unceasing Top"}],"event_choices":[{"damage_healed":0,"gold_gain":0,"player_choice":"Upgraded","damage_taken":0,"max_hp_gain":0,"max_hp_loss":0,"event_name":"Upgrade Shrine","floor":20,"gold_loss":0,"cards_upgraded":["Shockwave"]}],"is_beta":false,"boss_relics":[{"not_picked":["Sozu","Busted Crown"],"picked":"Orrery"}],"items_purged_floors":[5,12,22],"is_endless":false,"potions_floor_spawned":[1,2,10,13],"killed_by":"3 Cultists","ascension_level":0}