{"gold_per_floor":[114,125,125,300,300,300,314,314,314,340,355,365,390,406,406,483,483,496,411,411,431,464,495,495,524,524,542,542,574,81,101,101,175,175,194,194,212,434,481,481,498,518,518,518,518,7,19,19,19,19],"floor_reached":51,"playtime":2635,"items_purged":["Strike_B","Strike_B"],"score":1426,"play_id":"da774203-04dd-4321-b78d-97239afeb11c","local_time":"20190704231533","is_ascension_mode":true,"campfire_choices":[{"data":"Consume","floor":6.0,"key":"SMITH"},{"data":"Zap","floor":8.0,"key":"SMITH"},{"floor":15.0,"key":"REST"},{"data":"Ghostly","floor":28,"key":"SMITH"},{"data":"Creative AI","floor":32,"key":"SMITH"},{"data":"Capacitor","floor":40,"key":"SMITH"},{"data":"Ghostly","floor":44,"key":"SMITH"},{"floor":49,"key":"REST"}],"neow_cost":"NONE","seed_source_timestamp":1217904738514629,"circlet_count":0,"master_deck":["AscendersBane","Strike_B","Defend_B","Defend_B","Defend_B","Defend_B","Zap+1","Dualcast","Go for the Eyes","Consume+1","Defragment","Core Surge+1","Conserve Battery","Coolheaded","FTL","Ball Lightning","Compile Driver+1","Leap","Creative AI+1","Storm","Fusion","Ghostly+1","Ghostly+1","Ghostly","Ghostly","Ghostly","Conserve Battery","Heatsinks","Undo","White Noise","Self Repair","FTL","Coolheaded+1","Loop","Capacitor+1","Defragment","Loop","Hologram","Buffer","White Noise","Coolheaded+1","Buffer","Capacitor","Skim+1"],"special_seed":0,"relics":["Cracked Core","NeowsBlessing","Mummified Hand","Prayer Wheel","Boot","Art of War","Cursed Key","Blue Candle","Red Mask","Omamori","The Courier","Ice Cream","Smiling Mask","Cables","Sozu","Turnip","Question Card","ClockworkSouvenir","Whetstone"],"potions_floor_usage":[25],"damage_taken":[{"damage":0.0,"enemies":"Small Slimes","floor":1.0,"turns":1.0},{"damage":0.0,"enemies":"Jaw Worm","floor":2.0,"turns":1.0},{"damage":0.0,"enemies":"2 Louse","floor":7.0,"turns":1.0},{"damage":20.0,"enemies":"Lagavulin","floor":10.0,"turns":5.0},{"damage":11.0,"enemies":"Blue Slaver","floor":11.0,"turns":3.0},{"damage":18.0,"enemies":"Large Slime","floor":12.0,"turns":5.0},{"damage":6.0,"enemies":"3 Sentries","floor":13.0,"turns":6.0},{"damage":8.0,"enemies":"Gremlin Gang","floor":14.0,"turns":4.0},{"damage":13.0,"enemies":"The Guardian","floor":16.0,"turns":9.0},{"damage":19.0,"enemies":"Shell Parasite","floor":18.0,"turns":5.0},{"damage":6.0,"enemies":"Spheric Guardian","floor":21.0,"turns":5.0},{"damage":18.0,"enemies":"Masked Bandits","floor":22.0,"turns":5.0},{"damage":3,"enemies":"Slavers","floor":23,"turns":6},{"damage":8,"enemies":"Book of Stabbing","floor":25,"turns":8},{"damage":0,"enemies":"Snake Plant","floor":27,"turns":5},{"damage":2,"enemies":"Slavers","floor":29,"turns":5},{"damage":1,"enemies":"Snecko","floor":31,"turns":4},{"damage":0,"enemies":"Collector","floor":33,"turns":10},{"damage":0,"enemies":"Orb Walker","floor":35,"turns":4},{"damage":6,"enemies":"3 Darklings","floor":37,"turns":5},{"damage":0,"enemies":"2 Orb Walkers","floor":39,"turns":5},{"damage":1,"enemies":"Transient","floor":41,"turns":5},{"damage":4,"enemies":"Jaw Worm Horde","floor":42,"turns":4},{"damage":28,"enemies":"3 Darklings","floor":47,"turns":5},{"damage":0,"enemies":"Time Eater","floor":50,"turns":20}],"seed_played":"4572469440308892048","potions_obtained":[{"floor":7.0,"key":"AttackPotion"},{"floor":10.0,"key":"SpeedPotion"},{"floor":13.0,"key":"Regen Potion"},{"floor":18.0,"key":"Strength Potion"},{"floor":23,"key":"Regen Potion"},{"floor":27,"key":"Explosive Potion"}],"is_trial":false,"path_per_floor":["M","M","?","?","?","R","M","R","T","E","M","M","E","M","R","B",null,"M","?","?","M","?","E","?","E","T","M","R","E","$","M","R","B",null,"M","?","M","?","?","R","M","M","T","R","?","$","M","$","R","B",null],"character_chosen":"DEFECT","items_purchased":["Cables","Loop","Capacitor","Defragment","Loop","ClockworkSouvenir","Buffer","Capacitor","Whetstone"],"campfire_rested":2,"item_purchase_floors":[30,30,30,30,30,46,46,46,46],"current_hp_per_floor":[64,64,61,61,61,61,61,61,61,41,30,12,6,10,31,18,58,39,39,35,29,11,8,8,15,15,15,15,20,20,26,26,33,35,35,35,35,35,35,35,35,35,35,35,35,35,14,14,24,31],"gold":19,"neow_bonus":"THREE_ENEMY_KILL","is_prod":false,"is_daily":false,"chose_seed":false,"campfire_upgraded":6,"win_rate":0,"timestamp":1562300133,"path_taken":["M","M","?","?","?","R","M","R","T","E","M","M","E","M","R","BOSS","M","?","?","M","?","E","?","E","T","M","R","E","$","?","R","BOSS","M","?","M","?","?","R","M","?","T","R","?","$","M","$","R","BOSS"],"build_version":"2019-07-01","purchased_purges":2,"victory":true,"max_hp_per_floor":[71,71,71,71,71,71,71,71,71,71,71,71,71,71,71,71,71,71,71,35,35,35,35,35,35,35,35,35,35,35,35,35,35,35,35,35,35,35,35,35,35,35,35,35,35,35,35,35,35,35],"card_choices":[{"not_picked":["Barrage","Rebound"],"picked":"Go for the Eyes","floor":1.0},{"not_picked":["Leap","Go for the Eyes"],"picked":"Consume","floor":2.0},{"not_picked":["Gash","Recycle"],"picked":"Defragment","floor":7.0},{"not_picked":["White Noise","Steam"],"picked":"Core Surge","floor":10.0},{"not_picked":["Redo","Fusion"],"picked":"Conserve Battery","floor":11.0},{"not_picked":["Skim","Chaos"],"picked":"Coolheaded","floor":11.0},{"not_picked":["Recycle","Reinforced Body"],"picked":"FTL","floor":12.0},{"not_picked":["Reinforced Body","Double Energy"],"picked":"Ball Lightning","floor":12.0},{"not_picked":["Cold Snap","Streamline"],"picked":"Compile Driver","floor":13.0},{"not_picked":["Conserve Battery","Barrage"],"picked":"Leap","floor":14.0},{"not_picked":["Stack","Rebound","Beam Cell"],"picked":"SKIP","floor":14.0},{"not_picked":["Buffer","Machine Learning"],"picked":"Creative AI","floor":16.0},{"not_picked":["Leap","Lockon"],"picked":"Storm","floor":18.0},{"not_picked":["Compile Driver","Sweeping Beam"],"picked":"Fusion","floor":18.0},{"not_picked":["Redo","Barrage","Steam"],"picked":"SKIP","floor":21.0},{"not_picked":["Sweeping Beam","Conserve Battery","Go for the Eyes"],"picked":"SKIP","floor":21.0},{"not_picked":["Sweeping Beam","Go for the Eyes"],"picked":"Conserve Battery","floor":21.0},{"not_picked":["Redo","Barrage","Steam"],"picked":"SKIP","floor":21.0},{"not_picked":["Redo","Cold Snap"],"picked":"Heatsinks","floor":22.0},{"not_picked":["Hyperbeam","Auto Shields"],"picked":"Undo","floor":23},{"not_picked":["Barrage","Rip and Tear"],"picked":"White Noise","floor":25},{"not_picked":["Glacier","Cold Snap"],"picked":"Self Repair","floor":27},{"not_picked":["Undo","Leap"],"picked":"FTL","floor":27},{"not_picked":["Chaos","Leap"],"picked":"Coolheaded+1","floor":29},{"not_picked":["Gash","Redo"],"picked":"Hologram","floor":31},{"not_picked":["Leap","Meteor Strike","Fusion"],"picked":"SKIP","floor":31},{"not_picked":["Creative AI","Reboot"],"picked":"Buffer","floor":33},{"not_picked":["Hello World","Hologram+1"],"picked":"White Noise","floor":35},{"not_picked":["Compile Driver+1","Aggregate+1","Heatsinks"],"picked":"SKIP","floor":35},{"not_picked":["Sweeping Beam","Hologram","Go for the Eyes"],"picked":"SKIP","floor":37},{"not_picked":["Scrape","Leap+1","Melter+1"],"picked":"SKIP","floor":37},{"not_picked":["Stack","Streamline+1"],"picked":"Coolheaded+1","floor":41},{"not_picked":["FTL","Redo+1","Go for the Eyes"],"picked":"SKIP","floor":41},{"not_picked":["Conserve Battery+1","Hologram","Undo"],"picked":"SKIP","floor":42},{"not_picked":["Redo","Steam+1","Amplify"],"picked":"SKIP","floor":42},{"not_picked":["Stack","Rebound","Consume"],"picked":"Skim+1","floor":47},{"not_picked":["Leap+1","Streamline+1","Barrage+1","Beam Cell"],"picked":"SKIP","floor":47}],"player_experience":340060,"relics_obtained":[{"floor":9.0,"key":"Prayer Wheel"},{"floor":10.0,"key":"Boot"},{"floor":13.0,"key":"Art of War"},{"floor":22.0,"key":"Red Mask"},{"floor":23,"key":"Omamori"},{"floor":25,"key":"The Courier"},{"floor":26,"key":"Ice Cream"},{"floor":29,"key":"Smiling Mask"},{"floor":39,"key":"Turnip"},{"floor":43,"key":"Question Card"}],"event_choices":[{"damage_healed":0.0,"max_hp_gain":0.0,"max_hp_loss":0.0,"gold_gain":0.0,"event_name":"Scrap Ooze","player_choice":"Success","floor":3.0,"gold_loss":0.0,"damage_taken":3.0,"relics_obtained":["Mummified Hand"]},{"damage_healed":0.0,"max_hp_gain":0.0,"max_hp_loss":0.0,"gold_gain":175.0,"event_name":"Liars Game","player_choice":"AGREE","floor":4.0,"gold_loss":0.0,"damage_taken":0.0,"cards_obtained":["Doubt"]},{"cards_removed":["Doubt"],"damage_healed":0.0,"max_hp_gain":0.0,"max_hp_loss":0.0,"gold_gain":0.0,"event_name":"Living Wall","player_choice":"Forget","floor":5.0,"gold_loss":0.0,"damage_taken":0.0},{"damage_healed":0.0,"max_hp_gain":0.0,"max_hp_loss":0.0,"gold_gain":0.0,"event_name":"Addict","player_choice":"Obtained Relic","floor":19.0,"gold_loss":85.0,"damage_taken":0.0,"relics_obtained":["Blue Candle"]},{"damage_healed":0.0,"max_hp_gain":0.0,"max_hp_loss":36.0,"gold_gain":0.0,"event_name":"Ghosts","player_choice":"Became a Ghost","floor":20.0,"gold_loss":0.0,"damage_taken":0.0,"cards_obtained":["Ghostly","Ghostly","Ghostly","Ghostly","Ghostly"]},{"damage_healed":0.0,"max_hp_gain":0.0,"max_hp_loss":0.0,"gold_gain":0.0,"event_name":"Masked Bandits","player_choice":"Fought Bandits","floor":22.0,"gold_loss":0.0,"damage_taken":0.0},{"damage_healed":0,"gold_gain":0,"cards_transformed":["Strike_B"],"player_choice":"Transformed","damage_taken":0,"max_hp_gain":0,"max_hp_loss":0,"event_name":"Transmorgrifier","floor":24,"gold_loss":0,"cards_obtained":["Recycle"]},{"damage_healed":0,"gold_gain":0,"player_choice":"Memory 1","damage_taken":0,"max_hp_gain":0,"max_hp_loss":0,"event_name":"SensoryStone","floor":36,"gold_loss":0},{"damage_healed":0,"gold_gain":222,"player_choice":"Wore Mask","damage_taken":0,"max_hp_gain":0,"max_hp_loss":0,"event_name":"Tomb of Lord Red Mask","floor":38,"gold_loss":0},{"damage_healed":0,"gold_gain":0,"player_choice":"Fight","damage_taken":0,"max_hp_gain":0,"max_hp_loss":0,"event_name":"Mysterious Sphere","floor":39,"gold_loss":0},{"cards_removed":["Recycle"],"damage_healed":0,"gold_gain":0,"player_choice":"Removed Skill","damage_taken":0,"max_hp_gain":0,"max_hp_loss":0,"event_name":"Falling","floor":45,"gold_loss":0}],"is_beta":false,"boss_relics":[{"not_picked":["Calling Bell","Empty Cage"],"picked":"Cursed Key"},{"not_picked":["Astrolabe","Fusion Hammer"],"picked":"Sozu"}],"items_purged_floors":[30,46],"is_endless":false,"potions_floor_spawned":[7,10,13,18,23,27,35,37,42],"ascension_level":14}