{"gold_per_floor":[119,99,110,126,1,30,30,62,62,62,72,72,99,109,109,185,185,202,202,152,165,3,30,30,30,30,43,43,70,70,170,170,246,246,264,284,284,339,339,339,371,371,371,21,50,50,84,484,484,484,484,484,484,18,44,44],"floor_reached":56,"playtime":4848,"items_purged":["Flex","Strike_R","Defend_R"],"score":2045,"play_id":"2309bece-093b-4fe5-80a2-78d6e6fb6a54","local_time":"20190813193524","is_ascension_mode":true,"campfire_choices":[{"data":"Uppercut","floor":7,"key":"SMITH"},{"data":"Havoc","floor":10,"key":"SMITH"},{"data":"Disarm","floor":15,"key":"SMITH"},{"floor":25,"key":"REST"},{"data":"Bludgeon","floor":28,"key":"SMITH"},{"data":"Demon Form","floor":32,"key":"SMITH"},{"floor":40,"key":"RECALL"},{"data":"Strike_R","floor":42,"key":"PURGE"},{"data":"Strike_R","floor":49,"key":"PURGE"},{"data":"Defend_R","floor":53,"key":"PURGE"}],"neow_cost":"NONE","seed_source_timestamp":456852060038000,"circlet_count":0,"master_deck":["AscendersBane","Defend_R","Defend_R","Bash","Thunderclap","Pommel Strike","Uppercut+1","Metallicize","Demon Form+1","Havoc+1","Twin Strike","Disarm+1","Clothesline","Bludgeon+1","True Grit","Second Wind","Battle Trance","Ghostly Armor","Whirlwind+1","Reaper","Flame Barrier","Shrug It Off","Magnetism+1","PanicButton","Heavy Blade+1","Flame Barrier","Ghostly Armor","Metallicize+1","Shrug It Off"],"relics":["Burning Blood","Regal Pillow","Red Skull","Nunchaku","Shuriken","Art of War","Snecko Eye","Nilry\u0027s Codex","Juzu Bracelet","Ornamental Fan","Frozen Egg 2","The Courier","Peace Pipe","Fusion Hammer","StoneCalendar","Smiling Mask","Bottled Tornado","Bag of Preparation","Lantern","Old Coin","Torii","Dodecahedron"],"potions_floor_usage":[6,18,23,29,38,45,55,56],"damage_taken":[{"damage":7,"enemies":"Jaw Worm","floor":1,"turns":3},{"damage":6,"enemies":"Cultist","floor":3,"turns":3},{"damage":9,"enemies":"2 Louse","floor":4,"turns":2},{"damage":8,"enemies":"Gremlin Nob","floor":6,"turns":3},{"damage":37,"enemies":"3 Sentries","floor":8,"turns":5},{"damage":8,"enemies":"2 Fungi Beasts","floor":11,"turns":3},{"damage":0,"enemies":"Lagavulin","floor":13,"turns":4},{"damage":6,"enemies":"Gremlin Gang","floor":14,"turns":4},{"damage":17,"enemies":"The Guardian","floor":16,"turns":9},{"damage":11,"enemies":"2 Thieves","floor":18,"turns":3},{"damage":2,"enemies":"Shell Parasite","floor":21,"turns":2},{"damage":33,"enemies":"Slavers","floor":23,"turns":6},{"damage":4,"enemies":"Cultist and Chosen","floor":27,"turns":5},{"damage":13,"enemies":"Book of Stabbing","floor":29,"turns":5},{"damage":14,"enemies":"Colosseum Slavers","floor":31,"turns":5},{"damage":2,"enemies":"Colosseum Nobs","floor":31,"turns":3},{"damage":9,"enemies":"Champ","floor":33,"turns":6},{"damage":60,"enemies":"3 Darklings","floor":35,"turns":8},{"damage":0,"enemies":"Orb Walker","floor":36,"turns":2},{"damage":16,"enemies":"2 Orb Walkers","floor":38,"turns":3},{"damage":18,"enemies":"Reptomancer","floor":41,"turns":4},{"damage":27,"enemies":"Nemesis","floor":45,"turns":9},{"damage":17,"enemies":"Reptomancer","floor":47,"turns":5},{"damage":0,"enemies":"Mind Bloom Boss Battle","floor":48,"turns":6},{"damage":38,"enemies":"Awakened One","floor":50,"turns":10},{"damage":12,"enemies":"Time Eater","floor":51,"turns":5},{"damage":47,"enemies":"Shield and Spear","floor":55,"turns":7},{"damage":68,"enemies":"The Heart","floor":56,"turns":5}],"seed_played":"-6287592140313802857","potions_obtained":[{"floor":1,"key":"LiquidBronze"},{"floor":2,"key":"Fire Potion"},{"floor":4,"key":"Poison Potion"},{"floor":11,"key":"Block Potion"},{"floor":23,"key":"Block Potion"},{"floor":27,"key":"EssenceOfSteel"},{"floor":29,"key":"PowerPotion"},{"floor":45,"key":"GamblersBrew"},{"floor":47,"key":"LiquidBronze"}],"is_trial":false,"path_per_floor":["M","?","M","M","$","E","R","E","T","R","M","?","E","M","R","B",null,"M","?","?","M","$","E","?","R","T","M","R","E","?","?","R","B",null,"M","M","?","?","?","R","E","R","T","$","E","?","E","?","R","B","B",null,"R","$","E","B"],"character_chosen":"IRONCLAD","items_purchased":["Uppercut","Metallicize","Second Wind","Bottled Tornado","Flame Barrier","Torii","Metallicize+1","Block Potion","Shrug It Off"],"campfire_rested":1,"item_purchase_floors":[5,5,22,44,44,54,54,54,54],"current_hp_per_floor":[67,67,67,64,64,62,62,31,31,31,29,29,35,35,35,24,62,57,36,36,40,40,13,13,50,50,52,52,45,45,41,41,38,66,50,63,63,53,43,43,43,43,43,43,36,36,75,75,75,67,75,75,75,75,57,0],"gold":44,"neow_bonus":"RANDOM_COMMON_RELIC","is_prod":false,"is_daily":false,"chose_seed":false,"campfire_upgraded":5,"win_rate":0,"timestamp":1565739324,"path_taken":["M","?","M","?","$","E","R","E","T","R","M","?","E","M","R","BOSS","M","?","?","?","$","E","?","R","T","M","R","E","?","?","R","BOSS","M","M","?","?","?","R","E","R","T","$","E","?","E","?","R","BOSS","BOSS","R","$","E","BOSS"],"build_version":"2019-07-17","purchased_purges":3,"victory":false,"max_hp_per_floor":[75,75,75,75,75,75,75,75,75,75,75,75,75,75,75,75,75,75,75,75,75,75,75,75,75,75,75,75,75,75,75,75,75,75,75,75,75,75,75,75,75,75,75,75,75,75,75,75,75,75,75,75,75,75,75,75],"card_choices":[{"not_picked":["Burning Pact","Flex"],"picked":"Thunderclap","floor":1},{"not_picked":["Clash","Warcry"],"picked":"Pommel Strike","floor":3},{"not_picked":["Evolve","Warcry"],"picked":"Flex","floor":4},{"not_picked":["Twin Strike","Iron Wave"],"picked":"Demon Form","floor":6},{"not_picked":["Wild Strike","Dropkick"],"picked":"Havoc","floor":8},{"not_picked":["Second Wind","Evolve"],"picked":"Twin Strike","floor":11},{"not_picked":["Hemokinesis","Sever Soul"],"picked":"Disarm","floor":13},{"not_picked":["Inflame","Seeing Red"],"picked":"Clothesline","floor":14},{"not_picked":["Demon Form","Brutality"],"picked":"Bludgeon","floor":16},{"not_picked":["Wild Strike+1","Sword Boomerang","Body Slam"],"picked":"SKIP","floor":18},{"not_picked":["Headbutt","Pummel"],"picked":"True Grit","floor":21},{"not_picked":["Pummel","Iron Wave"],"picked":"Battle Trance","floor":23},{"not_picked":["Seeing Red","Second Wind"],"picked":"Ghostly Armor","floor":27},{"not_picked":["Rampage","Second Wind"],"picked":"Whirlwind+1","floor":29},{"not_picked":["Berserk+1","Exhume"],"picked":"Reaper","floor":33},{"not_picked":["Bloodletting","Warcry","Iron Wave"],"picked":"SKIP","floor":35},{"not_picked":["Clash+1","Perfected Strike"],"picked":"Flame Barrier","floor":36},{"not_picked":["Warcry","Reckless Charge"],"picked":"Shrug It Off","floor":38},{"not_picked":["Dramatic Entrance","PanicButton"],"picked":"Magnetism+1","floor":39},{"not_picked":["Purity","Swift Strike"],"picked":"PanicButton","floor":39},{"not_picked":["Cleave+1","Ghostly Armor+1"],"picked":"Heavy Blade+1","floor":41},{"not_picked":["Metallicize+1","Sword Boomerang","Thunderclap"],"picked":"SKIP","floor":45},{"not_picked":["Wild Strike","Seeing Red","Cleave"],"picked":"SKIP","floor":47},{"not_picked":["Wild Strike","Body Slam"],"picked":"Ghostly Armor","floor":48},{"not_picked":["Evolve+1","Searing Blow","True Grit"],"picked":"SKIP","floor":55}],"player_experience":2366358,"relics_obtained":[{"floor":6,"key":"Red Skull"},{"floor":8,"key":"Nunchaku"},{"floor":9,"key":"Shuriken"},{"floor":13,"key":"Art of War"},{"floor":19,"key":"Nilry\u0027s Codex"},{"floor":23,"key":"Juzu Bracelet"},{"floor":26,"key":"Ornamental Fan"},{"floor":29,"key":"Frozen Egg 2"},{"floor":31,"key":"The Courier"},{"floor":31,"key":"Peace Pipe"},{"floor":38,"key":"StoneCalendar"},{"floor":41,"key":"Smiling Mask"},{"floor":45,"key":"Bag of Preparation"},{"floor":47,"key":"Lantern"},{"floor":48,"key":"Old Coin"},{"floor":55,"key":"Dodecahedron"}],"event_choices":[{"damage_healed":0,"gold_gain":0,"player_choice":"Bought 1 Potion","damage_taken":0,"max_hp_gain":0,"max_hp_loss":0,"event_name":"The Woman in Blue","floor":2,"gold_loss":0},{"cards_removed":["Strike_R"],"damage_healed":0,"gold_gain":0,"player_choice":"Forget","damage_taken":0,"max_hp_gain":0,"max_hp_loss":0,"event_name":"Living Wall","floor":12,"gold_loss":0},{"damage_healed":0,"gold_gain":0,"player_choice":"Obtained Book","damage_taken":21,"max_hp_gain":0,"max_hp_loss":0,"event_name":"Cursed Tome","floor":19,"gold_loss":0},{"damage_healed":0,"gold_gain":0,"player_choice":"Bet on Owner","damage_taken":0,"max_hp_gain":0,"max_hp_loss":0,"event_name":"The Joust","floor":20,"gold_loss":50},{"damage_healed":0,"gold_gain":0,"player_choice":"Ignored","damage_taken":0,"max_hp_gain":0,"max_hp_loss":0,"event_name":"Vampires","floor":30,"gold_loss":0},{"damage_healed":0,"gold_gain":0,"player_choice":"Fight","damage_taken":0,"max_hp_gain":0,"max_hp_loss":0,"event_name":"Colosseum","floor":31,"gold_loss":0},{"damage_healed":0,"gold_gain":0,"player_choice":"Fought Nobs","damage_taken":0,"max_hp_gain":0,"max_hp_loss":0,"event_name":"Colosseum","floor":31,"gold_loss":0},{"damage_healed":0,"gold_gain":0,"player_choice":"Ignored","damage_taken":0,"max_hp_gain":0,"max_hp_loss":0,"event_name":"SecretPortal","floor":37,"gold_loss":0},{"damage_healed":0,"gold_gain":0,"player_choice":"Fight","damage_taken":0,"max_hp_gain":0,"max_hp_loss":0,"event_name":"Mysterious Sphere","floor":38,"gold_loss":0},{"damage_healed":0,"gold_gain":0,"player_choice":"Memory 3","damage_taken":10,"max_hp_gain":0,"max_hp_loss":0,"event_name":"SensoryStone","floor":39,"gold_loss":0},{"cards_removed":["Strike_R"],"damage_healed":0,"gold_gain":0,"player_choice":"Removed Attack","damage_taken":0,"max_hp_gain":0,"max_hp_loss":0,"event_name":"Falling","floor":46,"gold_loss":0},{"damage_healed":0,"gold_gain":0,"player_choice":"Fight","damage_taken":0,"max_hp_gain":0,"max_hp_loss":0,"event_name":"MindBloom","floor":48,"gold_loss":0}],"is_beta":false,"boss_relics":[{"not_picked":["Eternal Feather","Pandora\u0027s Box"],"picked":"Snecko Eye"},{"not_picked":["Mark of Pain","Runic Cube"],"picked":"Fusion Hammer"}],"items_purged_floors":[22,44,54],"is_endless":false,"potions_floor_spawned":[1,4,11,13,16,23,27,29,31,36,45,47],"killed_by":"The Heart","ascension_level":20}