{"gold_per_floor":[119,136,146,146,164,199,199,227,227,257,257,269,279,259,259,356,356,367,382,401,12,12,12,22,22,22,122,122,136,136,61,61,61],"floor_reached":33,"playtime":1131,"items_purged":[],"score":439,"play_id":"cc33a7f4-88e1-4531-a437-073ecc96c100","local_time":"20190623201528","is_ascension_mode":true,"campfire_choices":[{"floor":11,"key":"REST"},{"data":"Loop","floor":15,"key":"SMITH"},{"floor":23,"key":"REST"},{"floor":25,"key":"DIG"},{"floor":28,"key":"REST"},{"floor":32,"key":"REST"}],"neow_cost":"NONE","seed_source_timestamp":258334576808036,"circlet_count":0,"master_deck":["AscendersBane","Defend_B","Defend_B","Defend_B","Defend_B","Zap+1","Leap","Compile Driver+1","Steam","Auto Shields","Loop+1","Conserve Battery","Ball Lightning","Reprogram","Genetic Algorithm","Echo Form","Redo+1","Defragment","Doom and Gloom+1","Defragment","Go for the Eyes","Bite","Bite","Bite","Bite","Bite","Hologram","Turbo"],"relics":["Cracked Core","Sundial","Bottled Lightning","Whetstone","StoneCalendar","Bag of Preparation","Philosopher\u0027s Stone","Shovel","Incense Burner","Bottled Flame","Enchiridion"],"potions_floor_usage":[5,8,10,16,16,19,29,33],"damage_taken":[{"damage":5,"enemies":"Cultist","floor":1,"turns":4},{"damage":0,"enemies":"2 Louse","floor":2,"turns":2},{"damage":2,"enemies":"Jaw Worm","floor":3,"turns":4},{"damage":3,"enemies":"Lots of Slimes","floor":5,"turns":5},{"damage":10,"enemies":"Lagavulin","floor":6,"turns":7},{"damage":36,"enemies":"Gremlin Nob","floor":8,"turns":5},{"damage":10,"enemies":"Lagavulin","floor":10,"turns":6},{"damage":0,"enemies":"Looter","floor":12,"turns":3},{"damage":3,"enemies":"3 Louse","floor":13,"turns":3},{"damage":11,"enemies":"Hexaghost","floor":16,"turns":8},{"damage":17,"enemies":"Shell Parasite","floor":18,"turns":6},{"damage":31,"enemies":"3 Byrds","floor":19,"turns":3},{"damage":15,"enemies":"Centurion and Healer","floor":20,"turns":7},{"damage":22,"enemies":"3 Cultists","floor":24,"turns":5},{"damage":19,"enemies":"Snake Plant","floor":29,"turns":4},{"damage":46,"enemies":"Collector","floor":33,"turns":6}],"seed_played":"-591979702564621401","potions_obtained":[{"floor":1,"key":"Block Potion"},{"floor":5,"key":"SpeedPotion"},{"floor":8,"key":"FearPotion"},{"floor":13,"key":"AttackPotion"},{"floor":14,"key":"Weak Potion"},{"floor":18,"key":"LiquidBronze"},{"floor":20,"key":"FearPotion"},{"floor":29,"key":"Swift Potion"}],"is_trial":false,"path_per_floor":["M","M","M","?","M","E","T","E","T","E","R","M","M","?","R","B",null,"M","M","M","$","?","R","M","R","T","?","R","M","?","?","R","B"],"character_chosen":"DEFECT","items_purchased":["Defragment","Shovel","Go for the Eyes"],"campfire_rested":4,"item_purchase_floors":[21,21,21],"current_hp_per_floor":[70,70,68,68,65,55,55,19,19,9,33,33,30,30,30,19,66,49,18,3,3,3,20,8,8,8,8,25,20,4,4,21,0],"gold":61,"neow_bonus":"TEN_PERCENT_HP_BONUS","is_prod":false,"is_daily":false,"chose_seed":false,"campfire_upgraded":1,"win_rate":0,"timestamp":1561338928,"path_taken":["M","M","?","?","M","E","?","E","T","E","R","M","?","?","R","BOSS","M","M","M","$","?","R","M","R","T","?","R","?","?","?","R","BOSS"],"build_version":"2019-01-23","purchased_purges":0,"victory":false,"max_hp_per_floor":[82,82,82,82,82,82,82,82,82,82,82,82,82,82,82,82,82,82,82,82,82,57,57,57,57,57,57,57,57,57,57,57,57],"card_choices":[{"not_picked":["Double Energy","Hologram"],"picked":"Leap","floor":1},{"not_picked":["Steam Power","Streamline"],"picked":"Compile Driver","floor":2},{"not_picked":["Hologram","Compile Driver"],"picked":"Steam","floor":3},{"not_picked":["Steam","Barrage"],"picked":"Auto Shields","floor":5},{"not_picked":["All For One","Steam Power"],"picked":"Loop","floor":6},{"not_picked":["Reprogram","Compile Driver"],"picked":"Conserve Battery","floor":8},{"not_picked":["Lockon","Coolheaded"],"picked":"Ball Lightning","floor":10},{"not_picked":["Force Field","Sweeping Beam"],"picked":"Reprogram","floor":12},{"not_picked":["Go for the Eyes","Cold Snap"],"picked":"Genetic Algorithm","floor":13},{"not_picked":["Fission","Electrodynamics"],"picked":"Echo Form","floor":16},{"not_picked":["Leap","Ball Lightning"],"picked":"Redo+1","floor":18},{"not_picked":["Chill","Hologram"],"picked":"Defragment","floor":19},{"not_picked":["Genetic Algorithm","Redo"],"picked":"Doom and Gloom+1","floor":20},{"not_picked":["Compile Driver","Barrage"],"picked":"Hologram","floor":24},{"not_picked":["Barrage","Streamline"],"picked":"Turbo","floor":29}],"player_experience":277211,"relics_obtained":[{"floor":6,"key":"Sundial"},{"floor":7,"key":"Bottled Lightning"},{"floor":8,"key":"Whetstone"},{"floor":9,"key":"StoneCalendar"},{"floor":10,"key":"Bag of Preparation"},{"floor":25,"key":"Incense Burner"},{"floor":26,"key":"Bottled Flame"},{"floor":30,"key":"Enchiridion"}],"event_choices":[{"damage_healed":0,"gold_gain":0,"player_choice":"Grow","damage_taken":0,"max_hp_gain":0,"max_hp_loss":0,"event_name":"Living Wall","floor":4,"gold_loss":0,"cards_upgraded":["Zap"]},{"damage_healed":0,"gold_gain":0,"player_choice":"Bought 1 Potion","damage_taken":0,"max_hp_gain":0,"max_hp_loss":0,"event_name":"The Woman in Blue","floor":14,"gold_loss":0},{"damage_healed":0,"gold_gain":0,"player_choice":"Became a vampire","damage_taken":0,"max_hp_gain":0,"max_hp_loss":25,"event_name":"Vampires","floor":22,"gold_loss":0,"cards_obtained":["Bite","Bite","Bite","Bite","Bite"]},{"damage_healed":0,"gold_gain":100,"player_choice":"Pray","damage_taken":0,"max_hp_gain":0,"max_hp_loss":0,"event_name":"Golden Shrine","floor":27,"gold_loss":0},{"damage_healed":0,"gold_gain":0,"player_choice":"Obtained Book","damage_taken":16,"max_hp_gain":0,"max_hp_loss":0,"event_name":"Cursed Tome","floor":30,"gold_loss":0},{"cards_removed":["Dualcast"],"damage_healed":0,"gold_gain":0,"player_choice":"Gave Gold","damage_taken":0,"max_hp_gain":0,"max_hp_loss":0,"event_name":"Beggar","floor":31,"gold_loss":75}],"is_beta":false,"boss_relics":[{"not_picked":["Calling Bell","FrozenCore"],"picked":"Philosopher\u0027s Stone"}],"items_purged_floors":[],"is_endless":false,"potions_floor_spawned":[1,5,8,13,18,20,29],"killed_by":"Collector","ascension_level":11}