{"gold_per_floor":[113,132,132,149,149,149,175,175,175,206,221,249,266,266,266,363,363,378,82,100,116,116,116,141,60,60,84,84,101,121,152,152,152],"floor_reached":33,"playtime":1843,"items_purged":["Strike_R"],"score":504,"play_id":"85b65c6e-975e-4d31-bc44-1f1ab23e51e7","local_time":"20190620175329","is_ascension_mode":true,"campfire_choices":[{"data":"Armaments","floor":6,"key":"SMITH"},{"data":"Iron Wave","floor":8,"key":"SMITH"},{"data":"Feed","floor":15,"key":"SMITH"},{"floor":23,"key":"REST"},{"floor":28,"key":"REST"},{"floor":32,"key":"REST"}],"neow_cost":"NONE","seed_source_timestamp":764425703095408,"circlet_count":0,"master_deck":["Strike_R","Strike_R","Strike_R","Strike_R","Defend_R","Defend_R","Defend_R","Defend_R","Bash","Iron Wave+1","Heavy Blade","Armaments+1","Inflame","Shockwave","Feed+1","Pommel Strike","Berserk","Uppercut","Inflame","Burning Pact+1","Rampage","Twin Strike+1","Power Through","Heavy Blade+1"],"relics":["Burning Blood","Boot","Pear","FossilizedHelix","Ancient Tea Set","Matryoshka","Du-Vu Doll","Shuriken","Anchor","Bottled Flame","Runic Cube","Lantern","Nilry\u0027s Codex","Calipers","Art of War","Charon\u0027s Ashes","Bronze Scales","Regal Pillow"],"potions_floor_usage":[10,12,16,18,20,24],"damage_taken":[{"damage":1,"enemies":"Cultist","floor":1,"turns":4},{"damage":2,"enemies":"2 Louse","floor":2,"turns":3},{"damage":2,"enemies":"Jaw Worm","floor":4,"turns":3},{"damage":27,"enemies":"3 Sentries","floor":7,"turns":10},{"damage":0,"enemies":"Gremlin Nob","floor":10,"turns":3},{"damage":0,"enemies":"Blue Slaver","floor":11,"turns":4},{"damage":11,"enemies":"Lagavulin","floor":12,"turns":7},{"damage":26,"enemies":"Exordium Thugs","floor":13,"turns":9},{"damage":49,"enemies":"Hexaghost","floor":16,"turns":13},{"damage":31,"enemies":"Chosen","floor":18,"turns":7},{"damage":13,"enemies":"Shell Parasite","floor":20,"turns":4},{"damage":18,"enemies":"Snake Plant","floor":21,"turns":5},{"damage":28,"enemies":"Slavers","floor":24,"turns":9},{"damage":23,"enemies":"Shelled Parasite and Fungi","floor":29,"turns":5},{"damage":0,"enemies":"Snecko","floor":30,"turns":5},{"damage":21,"enemies":"Gremlin Leader","floor":31,"turns":4},{"damage":83,"enemies":"Champ","floor":33,"turns":7}],"seed_played":"3724124596704704396","potions_obtained":[{"floor":1,"key":"Strength Potion"},{"floor":10,"key":"EssenceOfSteel"},{"floor":11,"key":"BloodPotion"},{"floor":13,"key":"Energy Potion"},{"floor":16,"key":"SkillPotion"},{"floor":18,"key":"BloodPotion"}],"is_trial":false,"path_per_floor":["M","M","T","M","?","R","E","R","T","E","M","E","M","T","R","B",null,"M","$","M","M","?","R","E","$","T","T","R","M","M","E","R","B"],"character_chosen":"IRONCLAD","items_purchased":["Lantern","Inflame","Rampage"],"campfire_rested":3,"item_purchase_floors":[19,19,25],"current_hp_per_floor":[77,80,90,90,78,78,57,57,57,63,69,64,48,48,48,14,74,49,49,51,39,23,51,29,29,29,29,57,44,50,35,79,0],"gold":152,"neow_bonus":"RANDOM_COMMON_RELIC","is_prod":false,"is_daily":false,"chose_seed":false,"campfire_upgraded":3,"win_rate":0,"timestamp":1561071209,"path_taken":["M","M","?","M","?","R","E","R","T","E","M","E","M","?","R","BOSS","M","$","M","M","?","R","E","$","T","?","R","M","M","E","R","BOSS"],"build_version":"2019-01-23","purchased_purges":1,"victory":false,"max_hp_per_floor":[80,80,90,90,90,90,90,90,90,90,90,90,94,94,94,94,94,94,94,94,94,94,94,94,94,94,94,94,98,98,98,98,98],"card_choices":[{"not_picked":["Seeing Red","Body Slam"],"picked":"Iron Wave","floor":1},{"not_picked":["Entrench","Dropkick"],"picked":"Heavy Blade","floor":2},{"not_picked":["Havoc","Heavy Blade"],"picked":"Armaments","floor":4},{"not_picked":["Berserk","Feel No Pain"],"picked":"Inflame","floor":7},{"not_picked":["Carnage","True Grit"],"picked":"Shockwave","floor":10},{"not_picked":["Sword Boomerang","Heavy Blade","Flex"],"picked":"SKIP","floor":11},{"not_picked":["True Grit","Shrug It Off"],"picked":"Feed","floor":12},{"not_picked":["Flex","Rupture"],"picked":"Pommel Strike","floor":13},{"not_picked":["Dark Embrace","Immolate"],"picked":"Berserk","floor":16},{"not_picked":["Thunderclap","Flex"],"picked":"Uppercut","floor":18},{"not_picked":["True Grit","Rupture","Twin Strike"],"picked":"SKIP","floor":20},{"not_picked":["Heavy Blade","Headbutt+1","Pommel Strike+1"],"picked":"SKIP","floor":21},{"not_picked":["True Grit","Fire Breathing+1"],"picked":"Burning Pact+1","floor":24},{"not_picked":["Headbutt+1","Shockwave"],"picked":"Twin Strike+1","floor":29},{"not_picked":["Impervious","Perfected Strike"],"picked":"Power Through","floor":30},{"not_picked":["Evolve","Combust"],"picked":"Heavy Blade+1","floor":31}],"player_experience":223087,"relics_obtained":[{"floor":3,"key":"Pear"},{"floor":7,"key":"Ancient Tea Set"},{"floor":9,"key":"Matryoshka"},{"floor":10,"key":"Du-Vu Doll"},{"floor":12,"key":"Shuriken"},{"floor":14,"key":"Anchor"},{"floor":14,"key":"Bottled Flame"},{"floor":22,"key":"Nilry\u0027s Codex"},{"floor":24,"key":"Calipers"},{"floor":26,"key":"Art of War"},{"floor":26,"key":"Charon\u0027s Ashes"},{"floor":27,"key":"Bronze Scales"},{"floor":31,"key":"Regal Pillow"}],"event_choices":[{"damage_healed":0,"gold_gain":0,"player_choice":"Success","damage_taken":12,"relics_obtained":["FossilizedHelix"],"max_hp_gain":0,"max_hp_loss":0,"event_name":"Scrap Ooze","floor":5,"gold_loss":0},{"damage_healed":0,"gold_gain":0,"player_choice":"Obtained Book","damage_taken":16,"max_hp_gain":0,"max_hp_loss":0,"event_name":"Cursed Tome","floor":22,"gold_loss":0}],"is_beta":false,"boss_relics":[{"not_picked":["Lizard Tail","Runic Dome"],"picked":"Runic Cube"}],"items_purged_floors":[19],"is_endless":false,"potions_floor_spawned":[1,10,11,13,16,18],"killed_by":"Champ","ascension_level":9}