{"gold_per_floor":[219,238,16,27,47,47,12,37,109,120,120,8,34,309,309,409,409,421,0,13,25,25,25,57,69,92,92],"floor_reached":27,"playtime":2663,"items_purged":["Regret"],"score":243,"play_id":"b096db96-1f1c-47ce-b241-61a4912ff99e","local_time":"20190720192032","is_ascension_mode":false,"campfire_choices":[{"data":"Footwork","floor":6.0,"key":"SMITH"},{"data":"Backflip","floor":11.0,"key":"SMITH"},{"floor":15.0,"key":"REST"},{"floor":23,"key":"REST"}],"neow_cost":"NONE","seed_source_timestamp":804659378637376,"circlet_count":0,"master_deck":["Strike_G","Strike_G","Strike_G","Strike_G","Strike_G","Defend_G","Defend_G","Defend_G","Defend_G","Defend_G","Survivor","Neutralize","Bane","Catalyst","Footwork+1","Escape Plan","Dodge and Roll","Quick Slash","Quick Slash","Quick Slash","Bouncing Flask","Backflip+1","Well Laid Plans","Endless Agony","Footwork","Doppelganger","Deadly Poison","Catalyst","Catalyst","Backflip","Bane","Flechettes"],"special_seed":0,"relics":["Ring of the Snake","Peace Pipe","Question Card","Ancient Tea Set","Eternal Feather","Snake Skull","Happy Flower","Omamori"],"potions_floor_usage":[21,24],"damage_taken":[{"damage":2.0,"enemies":"Small Slimes","floor":1.0,"turns":4.0},{"damage":0.0,"enemies":"2 Louse","floor":2.0,"turns":3.0},{"damage":0.0,"enemies":"Cultist","floor":4.0,"turns":4.0},{"damage":10.0,"enemies":"Exordium Wildlife","floor":5.0,"turns":8.0},{"damage":16.0,"enemies":"Lagavulin","floor":8.0,"turns":10.0},{"damage":6.0,"enemies":"3 Louse","floor":10.0,"turns":3.0},{"damage":14.0,"enemies":"3 Sentries","floor":13.0,"turns":8.0},{"damage":15.0,"enemies":"Slime Boss","floor":16.0,"turns":11.0},{"damage":26.0,"enemies":"Spheric Guardian","floor":18.0,"turns":6.0},{"damage":0.0,"enemies":"Chosen","floor":20.0,"turns":4.0},{"damage":36,"enemies":"3 Cultists","floor":21,"turns":6},{"damage":52,"enemies":"Slavers","floor":24,"turns":8},{"damage":0,"enemies":"Snake Plant","floor":25,"turns":2},{"damage":14,"enemies":"Cultist and Chosen","floor":27,"turns":5}],"seed_played":"4549815255055357195","potions_obtained":[{"floor":1.0,"key":"Swift Potion"},{"floor":8.0,"key":"EssenceOfSteel"}],"is_trial":false,"path_per_floor":["M","M","$","M","M","R","?","E","T","M","R","$","E","?","R","B",null,"M","$","M","M","$","R","E","M","T","M"],"character_chosen":"THE_SILENT","items_purchased":["Footwork","Escape Plan","Dodge and Roll","Quick Slash","Well Laid Plans","Endless Agony","Catalyst","Snake Skull","Regen Potion","Energy Potion"],"campfire_rested":2,"item_purchase_floors":[3,3,3,3,12,12,19,19,19,19],"current_hp_per_floor":[68,68,68,68,58,58,70,54,54,48,48,48,34,34,55,40,70,44,44,44,8,8,47,10,10,10,0],"gold":92,"neow_bonus":"HUNDRED_GOLD","is_prod":false,"is_daily":false,"chose_seed":false,"campfire_upgraded":2,"win_rate":0.0,"timestamp":1563668432,"path_taken":["M","M","$","M","M","R","?","E","T","M","R","$","E","?","R","BOSS","M","$","M","M","$","R","E","M","T","M"],"build_version":"2019-07-17","purchased_purges":1,"victory":false,"max_hp_per_floor":[70,70,70,70,70,70,70,70,70,70,70,70,70,70,70,70,70,70,70,70,70,70,70,70,70,70,70],"card_choices":[{"not_picked":["Riddle With Holes","Reflex"],"picked":"Bane","floor":1.0},{"not_picked":["Bane","Deflect"],"picked":"Catalyst","floor":2.0},{"not_picked":["Blade Dance","Finisher"],"picked":"Quick Slash","floor":4.0},{"not_picked":["Slice","Deflect"],"picked":"Quick Slash","floor":5.0},{"not_picked":["Prepared","Burst"],"picked":"Bouncing Flask","floor":8.0},{"not_picked":["PiercingWail","All Out Attack","Dagger Throw"],"picked":"Backflip","floor":10.0},{"not_picked":["Acrobatics","Catalyst","Outmaneuver"],"picked":"Footwork","floor":13.0},{"not_picked":["Adrenaline","Wraith Form v2","Venomology"],"picked":"Doppelganger","floor":16.0},{"not_picked":["Deflect","Blade Dance+1","Eviscerate"],"picked":"Deadly Poison","floor":18.0},{"not_picked":["Burst","Caltrops","Sucker Punch"],"picked":"Catalyst","floor":20},{"not_picked":["Dagger Throw","Flying Knee","All Out Attack+1"],"picked":"Backflip","floor":21},{"not_picked":["Quick Slash","Expertise","Outmaneuver+1"],"picked":"Bane","floor":24},{"not_picked":["Predator","Quick Slash","Flying Knee+1"],"picked":"Flechettes","floor":25}],"player_experience":35245,"relics_obtained":[{"floor":8.0,"key":"Peace Pipe"},{"floor":9.0,"key":"Question Card"},{"floor":13.0,"key":"Ancient Tea Set"},{"floor":24,"key":"Happy Flower"},{"floor":26,"key":"Omamori"}],"event_choices":[{"damage_healed":17.0,"max_hp_gain":0.0,"max_hp_loss":0.0,"gold_gain":0.0,"event_name":"The Cleric","player_choice":"Healed","floor":7.0,"gold_loss":35.0,"damage_taken":0.0},{"damage_healed":0.0,"max_hp_gain":0.0,"max_hp_loss":0.0,"gold_gain":275.0,"event_name":"Golden Shrine","player_choice":"Desecrate","floor":14.0,"gold_loss":0.0,"damage_taken":0.0,"cards_obtained":["Regret"]}],"is_beta":false,"boss_relics":[{"not_picked":["Calling Bell","Cursed Key"],"picked":"Eternal Feather"}],"items_purged_floors":[19],"is_endless":false,"potions_floor_spawned":[1,8],"killed_by":"Cultist and Chosen","ascension_level":0}