{"gold_per_floor":[113,132,102,120,120,120,145,164,215,215],"floor_reached":10,"playtime":288,"items_purged":[],"score":126,"play_id":"812453f5-1feb-479d-aff8-28d59da6efc9","local_time":"20190719173151","is_ascension_mode":true,"campfire_choices":[{"data":"Zap","floor":6.0,"key":"SMITH"}],"neow_cost":"NONE","seed_source_timestamp":0,"circlet_count":0,"master_deck":["AscendersBane","Strike_B","Strike_B","Strike_B","Defend_B","Defend_B","Defend_B","Defend_B","Zap+1","Dualcast","Genetic Algorithm","Barrage","Genetic Algorithm","Glacier"],"special_seed":0,"relics":["Cracked Core","NeowsBlessing","Mummified Hand","Potion Belt"],"potions_floor_usage":[7,7,10],"damage_taken":[{"damage":0.0,"enemies":"2 Louse","floor":1.0,"turns":1.0},{"damage":0.0,"enemies":"Cultist","floor":2.0,"turns":1.0},{"damage":0.0,"enemies":"Jaw Worm","floor":4.0,"turns":1.0},{"damage":32,"enemies":"Gremlin Nob","floor":7,"turns":4},{"damage":23,"enemies":"Large Slime","floor":8,"turns":8},{"damage":3,"enemies":"3 Sentries","floor":10,"turns":5}],"seed_played":"751996314030625641","potions_obtained":[{"floor":3.0,"key":"GamblersBrew"},{"floor":3.0,"key":"SteroidPotion"},{"floor":8,"key":"Fire Potion"}],"is_trial":false,"path_per_floor":["M","M","?","M","?","R","E","M","T","?"],"character_chosen":"DEFECT","items_purchased":[],"campfire_rested":0,"item_purchase_floors":[],"current_hp_per_floor":[64,64,64,64,57,57,25,2,2,0],"gold":215,"neow_bonus":"THREE_ENEMY_KILL","is_prod":false,"is_daily":false,"chose_seed":false,"campfire_upgraded":1,"win_rate":0,"timestamp":1563575511,"path_taken":["M","M","?","?","?","R","E","M","T","?"],"build_version":"2019-07-17","purchased_purges":0,"victory":false,"max_hp_per_floor":[71,71,71,71,71,71,71,71,71,71],"card_choices":[{"not_picked":["Redo","Force Field","Stack"],"picked":"SKIP","floor":1.0},{"not_picked":["Stack","Melter"],"picked":"Genetic Algorithm","floor":2.0},{"not_picked":["Chill","Reboot"],"picked":"Barrage","floor":4.0},{"not_picked":["Recycle","Rip and Tear"],"picked":"Genetic Algorithm","floor":7},{"not_picked":["Cold Snap","Rebound"],"picked":"Glacier","floor":8}],"player_experience":391575,"relics_obtained":[{"floor":7,"key":"Mummified Hand"},{"floor":9,"key":"Potion Belt"}],"event_choices":[{"damage_healed":0.0,"max_hp_gain":0.0,"max_hp_loss":0.0,"gold_gain":0.0,"event_name":"The Woman in Blue","player_choice":"Bought 2 Potions","floor":3.0,"gold_loss":0.0,"damage_taken":0.0},{"cards_removed":["Strike_B"],"damage_healed":0.0,"max_hp_gain":0.0,"max_hp_loss":0.0,"gold_gain":0.0,"event_name":"Golden Wing","player_choice":"Card Removal","floor":5.0,"gold_loss":0.0,"damage_taken":7.0},{"damage_healed":0,"gold_gain":0,"player_choice":"Searched \u00271\u0027 times","damage_taken":0,"max_hp_gain":0,"max_hp_loss":0,"event_name":"Dead Adventurer","floor":10,"gold_loss":0}],"is_beta":false,"boss_relics":[],"items_purged_floors":[],"is_endless":false,"potions_floor_spawned":[8],"killed_by":"3 Sentries","ascension_level":17}