{"gold_per_floor":[116,41,141,153,164,164,198,168,191,205,205,224,254,329,329,433,433,448,448,93,93,110,110],"floor_reached":23,"playtime":1054,"items_purged":["Strike_R","Strike_R"],"score":227,"play_id":"c2feb43e-919f-4d9c-90d8-9f9d52118c07","local_time":"20190813202933","is_ascension_mode":true,"campfire_choices":[{"data":"Bash","floor":6,"key":"SMITH"},{"floor":11,"key":"REST"},{"floor":15,"key":"REST"}],"neow_cost":"NONE","seed_source_timestamp":37633211967434,"circlet_count":0,"master_deck":["Strike_R","Strike_R","Strike_R","Defend_R","Defend_R","Defend_R","Defend_R","Bash+1","Brutality","Headbutt","Ghostly Armor","Shrug It Off","Offering","Thunderclap","Uppercut","Immolate","Carnage","Double Tap","Rampage","J.A.X.","Feed","Cleave"],"relics":["Burning Blood","Dream Catcher","Bag of Preparation","Mark of Pain","Paper Frog"],"potions_floor_usage":[8,16],"damage_taken":[{"damage":9,"enemies":"Jaw Worm","floor":1,"turns":4},{"damage":6,"enemies":"Cultist","floor":4,"turns":4},{"damage":12,"enemies":"Small Slimes","floor":5,"turns":5},{"damage":24,"enemies":"Gremlin Nob","floor":7,"turns":4},{"damage":1,"enemies":"Looter","floor":8,"turns":4},{"damage":15,"enemies":"2 Fungi Beasts","floor":10,"turns":3},{"damage":6,"enemies":"Red Slaver","floor":12,"turns":4},{"damage":70,"enemies":"The Guardian","floor":16,"turns":13},{"damage":39,"enemies":"3 Byrds","floor":18,"turns":6},{"damage":9,"enemies":"Shell Parasite","floor":22,"turns":2},{"damage":48,"enemies":"Book of Stabbing","floor":23,"turns":5}],"seed_played":"-721749644749450771","potions_obtained":[{"floor":4,"key":"Weak Potion"},{"floor":5,"key":"AttackPotion"},{"floor":12,"key":"SkillPotion"},{"floor":16,"key":"Weak Potion"},{"floor":22,"key":"Dexterity Potion"}],"is_trial":false,"path_per_floor":["M","$","?","M","M","R","E","M","T","M","R","M","?","?","R","B",null,"M","?","$","?","M","E"],"character_chosen":"IRONCLAD","items_purchased":["Paper Frog"],"campfire_rested":2,"item_purchase_floors":[20],"current_hp_per_floor":[77,77,77,77,71,71,53,58,58,49,73,73,73,62,80,16,80,47,47,47,47,44,0],"gold":110,"neow_bonus":"ONE_RANDOM_RARE_CARD","is_prod":false,"is_daily":false,"chose_seed":false,"campfire_upgraded":1,"win_rate":0,"timestamp":1565753373,"path_taken":["M","$","?","M","M","R","E","M","T","M","R","?","?","?","R","BOSS","M","?","$","?","?","E"],"build_version":"2019-07-17","purchased_purges":2,"victory":false,"max_hp_per_floor":[80,80,80,80,80,80,80,80,80,80,80,80,80,80,80,80,80,80,80,80,80,80,80],"card_choices":[{"not_picked":["Anger","Fire Breathing"],"picked":"Headbutt","floor":1},{"not_picked":["Spot Weakness","True Grit"],"picked":"Ghostly Armor","floor":4},{"not_picked":["Clothesline","Reaper"],"picked":"Shrug It Off","floor":5},{"not_picked":["Hemokinesis","Flex"],"picked":"Offering","floor":7},{"not_picked":["Clash","Flex","Body Slam"],"picked":"SKIP","floor":8},{"not_picked":["Shockwave","Cleave"],"picked":"Thunderclap","floor":10},{"not_picked":["Pommel Strike","Clash"],"picked":"Uppercut","floor":11},{"not_picked":["Perfected Strike","Sword Boomerang"],"picked":"Immolate","floor":12},{"not_picked":["Iron Wave","Clash"],"picked":"Carnage","floor":15},{"not_picked":["Exhume","Immolate"],"picked":"Double Tap","floor":16},{"not_picked":["Blood for Blood+1","Sword Boomerang"],"picked":"Rampage","floor":18},{"not_picked":["Havoc","Flex"],"picked":"Cleave","floor":22}],"player_experience":369344,"relics_obtained":[{"floor":7,"key":"Dream Catcher"},{"floor":9,"key":"Bag of Preparation"}],"event_choices":[{"damage_healed":0,"gold_gain":100,"player_choice":"Pray","damage_taken":0,"max_hp_gain":0,"max_hp_loss":0,"event_name":"Golden Shrine","floor":3,"gold_loss":0},{"damage_healed":0,"gold_gain":30,"player_choice":"Searched \u00271\u0027 times","damage_taken":0,"max_hp_gain":0,"max_hp_loss":0,"event_name":"Dead Adventurer","floor":13,"gold_loss":0},{"damage_healed":0,"gold_gain":75,"player_choice":"Gather Gold","damage_taken":11,"max_hp_gain":0,"max_hp_loss":0,"event_name":"World of Goop","floor":14,"gold_loss":0},{"damage_healed":0,"gold_gain":0,"player_choice":"Obtain J.A.X.","damage_taken":0,"max_hp_gain":0,"max_hp_loss":0,"event_name":"Drug Dealer","floor":19,"gold_loss":0,"cards_obtained":["J.A.X."]},{"damage_healed":0,"gold_gain":0,"player_choice":"1 cards matched","damage_taken":0,"max_hp_gain":0,"max_hp_loss":0,"event_name":"Match and Keep!","floor":21,"gold_loss":0,"cards_obtained":["Feed"]}],"is_beta":false,"boss_relics":[{"not_picked":["Runic Cube","Orrery"],"picked":"Mark of Pain"}],"items_purged_floors":[2,20],"is_endless":false,"potions_floor_spawned":[4,5,12,16,22],"killed_by":"Book of Stabbing","ascension_level":4}