{"gold_per_floor":[212,137,155,155,125,125,156,156,182,197,210,273,243,260,260,260],"floor_reached":16,"playtime":1079,"items_purged":["Strike_B"],"score":121,"play_id":"23b7137f-0fe1-4d2b-aa36-cecffcb5e2ca","local_time":"20190727175903","is_ascension_mode":true,"campfire_choices":[{"data":"Coolheaded","floor":6,"key":"SMITH"},{"floor":8,"key":"REST"},{"data":"Hologram","floor":15,"key":"SMITH"}],"neow_cost":"NONE","seed_source_timestamp":0,"circlet_count":0,"master_deck":["Strike_B","Strike_B","Strike_B","Defend_B","Defend_B","Defend_B","Defend_B","Zap","Dualcast","Hologram+1","Coolheaded+1","Self Repair","Steam","Glacier","Undo"],"special_seed":0,"relics":["Cracked Core","Incense Burner","Gremlin Horn","Orichalcum","Tiny Chest"],"potions_floor_usage":[],"damage_taken":[{"damage":0,"enemies":"Cultist","floor":1,"turns":3},{"damage":9,"enemies":"Small Slimes","floor":3,"turns":4},{"damage":22,"enemies":"3 Sentries","floor":7,"turns":10},{"damage":7,"enemies":"Jaw Worm","floor":10,"turns":4},{"damage":0,"enemies":"Large Slime","floor":11,"turns":7},{"damage":38,"enemies":"Lagavulin","floor":12,"turns":15},{"damage":3,"enemies":"Looter","floor":13,"turns":4},{"damage":1,"enemies":"Exordium Thugs","floor":14,"turns":6},{"damage":50,"enemies":"Hexaghost","floor":16,"turns":18}],"seed_played":"-8711774585240235604","potions_obtained":[{"floor":3,"key":"Poison Potion"},{"floor":5,"key":"FearPotion"},{"floor":5,"key":"Strength Potion"},{"floor":7,"key":"Swift Potion"}],"is_trial":false,"path_per_floor":["M","$","M","?","?","R","E","R","T","M","M","E","M","M","R","B"],"character_chosen":"DEFECT","items_purchased":[],"campfire_rested":1,"item_purchase_floors":[],"current_hp_per_floor":[75,75,66,59,59,59,37,59,59,59,66,35,39,45,45,0],"gold":260,"neow_bonus":"HUNDRED_GOLD","is_prod":false,"is_daily":false,"chose_seed":false,"campfire_upgraded":2,"win_rate":0,"timestamp":1564275543,"path_taken":["M","$","M","?","?","R","E","R","T","M","M","E","?","M","R","BOSS"],"build_version":"2019-07-17","purchased_purges":1,"victory":false,"max_hp_per_floor":[75,75,75,75,75,75,75,75,75,75,75,75,75,75,75,75],"card_choices":[{"not_picked":["Darkness","Double Energy"],"picked":"Hologram","floor":1},{"not_picked":["Sweeping Beam","Conserve Battery"],"picked":"Coolheaded","floor":3},{"not_picked":["Hologram","Streamline"],"picked":"Self Repair","floor":7},{"not_picked":["Gash","Meteor Strike"],"picked":"Steam","floor":10},{"not_picked":["Conserve Battery","Beam Cell"],"picked":"Glacier","floor":11},{"not_picked":["Buffer","Ball Lightning"],"picked":"Undo","floor":12},{"not_picked":["Conserve Battery","Go for the Eyes","Static Discharge"],"picked":"SKIP","floor":13},{"not_picked":["Compile Driver","Rebound","Gash"],"picked":"SKIP","floor":14}],"player_experience":236811,"relics_obtained":[{"floor":7,"key":"Gremlin Horn"},{"floor":9,"key":"Orichalcum"},{"floor":12,"key":"Tiny Chest"}],"event_choices":[{"damage_healed":0,"gold_gain":0,"player_choice":"Success","damage_taken":7,"relics_obtained":["Incense Burner"],"max_hp_gain":0,"max_hp_loss":0,"event_name":"Scrap Ooze","floor":4,"gold_loss":0},{"damage_healed":0,"gold_gain":0,"player_choice":"Bought 2 Potions","damage_taken":0,"max_hp_gain":0,"max_hp_loss":0,"event_name":"The Woman in Blue","floor":5,"gold_loss":0}],"is_beta":false,"boss_relics":[],"items_purged_floors":[2],"is_endless":false,"potions_floor_spawned":[3,7,11],"killed_by":"Hexaghost","ascension_level":2}