{"gold_per_floor":[118,138,213,225,225,225,257,11,11,11,11,69,92,107,107,228,228,249,449,469,95,109,109,150,50,74,74,405,405,429,450,450,450],"floor_reached":33,"playtime":1813,"items_purged":["Strike_G","Strike_G"],"score":366,"play_id":"75b68633-9f05-440b-bc42-a99883f08148","local_time":"20190818172419","is_ascension_mode":true,"campfire_choices":[{"data":"Choke","floor":6.0,"key":"SMITH"},{"data":"Neutralize","floor":11.0,"key":"SMITH"},{"floor":15,"key":"REST"},{"data":"Leg Sweep","floor":23,"key":"SMITH"},{"data":"Heel Hook","floor":27,"key":"SMITH"},{"floor":32,"key":"REST"}],"neow_cost":"NONE","seed_source_timestamp":0,"circlet_count":0,"master_deck":["Strike_G+1","Strike_G+1","Strike_G","Defend_G","Defend_G","Defend_G","Defend_G","Defend_G","Survivor","Neutralize+1","Dodge and Roll","Cloak And Dagger","Choke+1","Regret","Heel Hook+1","Finisher","Leg Sweep+1","Die Die Die","Heel Hook","Heel Hook","Crippling Poison","Quick Slash+1","Writhe"],"special_seed":0,"relics":["Ring of the Snake","Dead Branch","Strawberry","Sundial","Thread and Needle","Golden Idol","Sozu","Whetstone","Anchor","Juzu Bracelet","Centennial Puzzle","Old Coin","Snake Skull"],"potions_floor_usage":[13,16,16,18],"damage_taken":[{"damage":4.0,"enemies":"Small Slimes","floor":1.0,"turns":5.0},{"damage":0.0,"enemies":"2 Louse","floor":2.0,"turns":6.0},{"damage":1.0,"enemies":"Cultist","floor":4.0,"turns":5.0},{"damage":17.0,"enemies":"3 Sentries","floor":7.0,"turns":7.0},{"damage":7,"enemies":"2 Fungi Beasts","floor":13,"turns":3},{"damage":2,"enemies":"Large Slime","floor":14,"turns":5},{"damage":38,"enemies":"Hexaghost","floor":16,"turns":16},{"damage":0,"enemies":"3 Byrds","floor":18,"turns":3},{"damage":11,"enemies":"2 Thieves","floor":20,"turns":5},{"damage":29,"enemies":"Centurion and Healer","floor":22,"turns":11},{"damage":10,"enemies":"Book of Stabbing","floor":24,"turns":7},{"damage":0,"enemies":"Gremlin Leader","floor":28,"turns":5},{"damage":0,"enemies":"3 Cultists","floor":30,"turns":5},{"damage":8,"enemies":"Snake Plant","floor":31,"turns":3},{"damage":64,"enemies":"Collector","floor":33,"turns":7}],"seed_played":"367365720404744854","potions_obtained":[{"floor":2.0,"key":"Weak Potion"},{"floor":7.0,"key":"Swift Potion"},{"floor":14,"key":"Weak Potion"},{"floor":16,"key":"SkillPotion"}],"is_trial":false,"path_per_floor":["M","M","?","M","?","R","E","$","T","?","R","?","M","M","R","B",null,"M","?","M","$","M","R","E","$","T","R","E","?","M","M","R","B"],"character_chosen":"THE_SILENT","items_purchased":["Sundial","Whetstone","Anchor"],"campfire_rested":2,"item_purchase_floors":[8,21,21],"current_hp_per_floor":[73,73,62,61,61,61,51,51,51,30,30,30,23,21,46,8,84,84,84,73,73,44,44,34,34,34,34,34,34,34,26,51,0],"gold":450,"neow_bonus":"TEN_PERCENT_HP_BONUS","is_prod":false,"is_daily":false,"chose_seed":false,"campfire_upgraded":4,"win_rate":0,"timestamp":1566167059,"path_taken":["M","M","?","M","?","R","E","$","T","?","R","?","M","M","R","BOSS","M","?","M","$","?","R","E","$","T","R","E","?","M","M","R","BOSS"],"build_version":"2019-07-17","purchased_purges":2,"victory":false,"max_hp_per_floor":[77,77,77,77,77,77,84,84,84,84,84,84,84,84,84,84,84,84,84,84,84,84,84,84,84,84,84,84,84,84,84,84,84],"card_choices":[{"not_picked":["Outmaneuver","Flying Knee"],"picked":"Dodge and Roll","floor":1.0},{"not_picked":["Underhanded Strike","Masterful Stab"],"picked":"Cloak And Dagger","floor":2.0},{"not_picked":["Dagger Throw","PiercingWail"],"picked":"Choke","floor":4.0},{"not_picked":["Expertise","Poisoned Stab"],"picked":"Heel Hook","floor":7.0},{"not_picked":["Slice","Dodge and Roll"],"picked":"Finisher","floor":13},{"not_picked":["Quick Slash","Setup"],"picked":"Leg Sweep","floor":14},{"not_picked":["Phantasmal Killer","Malaise"],"picked":"Die Die Die","floor":16},{"not_picked":["Flying Knee","Acrobatics"],"picked":"Heel Hook","floor":18},{"not_picked":["Noxious Fumes","Flechettes"],"picked":"Heel Hook","floor":20},{"not_picked":["Dodge and Roll+1","Expertise"],"picked":"Crippling Poison","floor":22},{"not_picked":["Dagger Throw+1","Setup"],"picked":"Quick Slash+1","floor":24},{"not_picked":["Crippling Poison","Terror","Tactician"],"picked":"SKIP","floor":28},{"not_picked":["Quick Slash+1","Outmaneuver","Glass Knife"],"picked":"SKIP","floor":30},{"not_picked":["Concentrate","Prepared","Deflect"],"picked":"SKIP","floor":31}],"player_experience":167036,"relics_obtained":[{"floor":7.0,"key":"Strawberry"},{"floor":9.0,"key":"Thread and Needle"},{"floor":24,"key":"Juzu Bracelet"},{"floor":26,"key":"Centennial Puzzle"},{"floor":28,"key":"Old Coin"}],"event_choices":[{"damage_healed":0.0,"max_hp_gain":0.0,"max_hp_loss":0.0,"gold_gain":75.0,"event_name":"World of Goop","player_choice":"Gather Gold","floor":3.0,"gold_loss":0.0,"damage_taken":11.0},{"damage_healed":0.0,"max_hp_gain":0.0,"max_hp_loss":0.0,"gold_gain":0.0,"event_name":"Big Fish","player_choice":"Box","floor":5.0,"gold_loss":0.0,"damage_taken":0.0,"relics_obtained":["Dead Branch"],"cards_obtained":["Regret"]},{"damage_healed":0.0,"max_hp_gain":0.0,"max_hp_loss":0.0,"gold_gain":0.0,"event_name":"Golden Idol","player_choice":"Take Damage","floor":10.0,"gold_loss":0.0,"damage_taken":21.0,"relics_obtained":["Golden Idol"]},{"damage_healed":0,"gold_gain":58,"player_choice":"Gained Gold","damage_taken":0,"max_hp_gain":0,"max_hp_loss":0,"event_name":"Golden Wing","floor":12,"gold_loss":0},{"damage_healed":0,"gold_gain":200,"player_choice":"Gold","damage_taken":0,"max_hp_gain":0,"max_hp_loss":0,"event_name":"Wheel of Change","floor":19,"gold_loss":0},{"damage_healed":0,"gold_gain":0,"player_choice":"Opened","damage_taken":0,"relics_obtained":["Snake Skull"],"max_hp_gain":0,"max_hp_loss":0,"event_name":"The Mausoleum","floor":29,"gold_loss":0,"cards_obtained":["Writhe"]}],"is_beta":false,"boss_relics":[{"not_picked":["Ectoplasm","Astrolabe"],"picked":"Sozu"}],"items_purged_floors":[21,25],"is_endless":false,"potions_floor_spawned":[2,7,14,16,18,20,22,28],"killed_by":"Collector","ascension_level":2}