{"gold_per_floor":[113,113,113,113,133,160,160,171,198,211,211,226,239,239,239,337,337,349,24,43,43,0,0,20,20,46,145,162,181,181,197,197,197],"floor_reached":33,"playtime":1302,"items_purged":["Strike_B"],"score":276,"play_id":"ecc304bb-ded6-4e7c-a25c-0670157559c7","local_time":"20190817225445","is_ascension_mode":false,"campfire_choices":[{"data":"Conserve Battery","floor":7,"key":"SMITH"},{"data":"Double Energy","floor":15,"key":"SMITH"},{"data":"Creative AI","floor":23,"key":"SMITH"},{"data":"Capacitor","floor":25,"key":"SMITH"},{"data":"Zap","floor":30,"key":"SMITH"},{"data":"FTL","floor":32,"key":"SMITH"}],"neow_cost":"NONE","seed_source_timestamp":199080544931000,"circlet_count":0,"master_deck":["Strike_B+1","Strike_B+1","Defend_B+1","Defend_B+1","Defend_B","Defend_B","Zap+1","Dualcast","Rebound+1","Loop","Conserve Battery+1","Gash","Double Energy+1","Creative AI+1","Injury","BootSequence+1","Defragment","Capacitor+1","FTL+1"],"relics":["Cracked Core","NeowsBlessing","War Paint","Potion Belt","Omamori","Calling Bell","Juzu Bracelet","Mercury Hourglass","Torii","Bottled Flame","Ancient Tea Set"],"potions_floor_usage":[14,16,29,31,33,33],"damage_taken":[{"damage":0,"enemies":"2 Louse","floor":1,"turns":1},{"damage":0,"enemies":"Small Slimes","floor":5,"turns":1},{"damage":0,"enemies":"Lagavulin","floor":6,"turns":1},{"damage":1,"enemies":"Jaw Worm","floor":8,"turns":2},{"damage":1,"enemies":"Exordium Wildlife","floor":10,"turns":3},{"damage":0,"enemies":"3 Louse","floor":12,"turns":3},{"damage":9,"enemies":"2 Fungi Beasts","floor":13,"turns":3},{"damage":0,"enemies":"Looter","floor":14,"turns":1},{"damage":17,"enemies":"The Guardian","floor":16,"turns":12},{"damage":11,"enemies":"3 Byrds","floor":18,"turns":4},{"damage":3,"enemies":"Shell Parasite","floor":20,"turns":7},{"damage":13,"enemies":"Sentry and Sphere","floor":24,"turns":5},{"damage":10,"enemies":"Cultist and Chosen","floor":28,"turns":8},{"damage":13,"enemies":"Centurion and Healer","floor":29,"turns":6},{"damage":23,"enemies":"Snake Plant","floor":31,"turns":5},{"damage":6,"enemies":"Automaton","floor":33,"turns":2}],"seed_played":"2491993310034458844","potions_obtained":[{"floor":5,"key":"SmokeBomb"},{"floor":6,"key":"SpeedPotion"},{"floor":13,"key":"EssenceOfSteel"},{"floor":16,"key":"SteroidPotion"},{"floor":18,"key":"PowerPotion"},{"floor":20,"key":"EssenceOfSteel"},{"floor":29,"key":"FocusPotion"}],"is_trial":false,"path_per_floor":["M","?","?","?","M","E","R","M","T","M","?","M","M","M","R","B",null,"M","$","M","?","?","R","M","R","T","?","M","M","R","M","R","B"],"character_chosen":"DEFECT","items_purchased":["Bottled Flame"],"campfire_rested":0,"item_purchase_floors":[19],"current_hp_per_floor":[75,75,63,48,48,48,48,47,47,46,39,39,30,30,30,13,75,64,64,61,61,61,61,48,48,48,48,38,25,25,2,2,0],"gold":197,"neow_bonus":"THREE_ENEMY_KILL","is_prod":false,"is_daily":false,"chose_seed":false,"campfire_upgraded":6,"win_rate":0.0,"timestamp":1566046485,"path_taken":["M","?","?","?","M","E","R","M","T","M","?","M","M","M","R","BOSS","M","$","M","?","?","R","M","R","T","?","M","M","R","M","R","BOSS"],"build_version":"2019-07-17","purchased_purges":1,"victory":false,"max_hp_per_floor":[75,75,75,75,75,75,75,75,75,75,75,75,75,75,75,75,75,75,75,75,75,75,75,75,75,75,75,75,75,75,75,75,75],"card_choices":[{"not_picked":["Hologram","Scrape"],"picked":"Rebound","floor":1},{"not_picked":["Coolheaded","Leap"],"picked":"Loop","floor":5},{"not_picked":["Cold Snap","Coolheaded"],"picked":"Conserve Battery","floor":6},{"not_picked":["Sweeping Beam","Streamline"],"picked":"Gash","floor":8},{"not_picked":["Lockon","Static Discharge","Fission"],"picked":"SKIP","floor":10},{"not_picked":["Gash","Conserve Battery"],"picked":"Double Energy","floor":12},{"not_picked":["Leap","Barrage","Stack"],"picked":"SKIP","floor":13},{"not_picked":["Reboot","Fission"],"picked":"Creative AI","floor":16},{"not_picked":["Steam","Undo"],"picked":"BootSequence+1","floor":18},{"not_picked":["Scrape","Storm"],"picked":"Defragment","floor":20},{"not_picked":["Consume","Beam Cell+1"],"picked":"Capacitor","floor":24},{"not_picked":["Rip and Tear+1","Auto Shields","Force Field"],"picked":"SKIP","floor":28},{"not_picked":["Ball Lightning","Leap","Loop"],"picked":"SKIP","floor":29},{"not_picked":["Defragment","Conserve Battery+1"],"picked":"FTL","floor":31}],"player_experience":55289,"relics_obtained":[{"floor":6,"key":"Potion Belt"},{"floor":9,"key":"Omamori"},{"floor":17,"key":"Juzu Bracelet"},{"floor":17,"key":"Mercury Hourglass"},{"floor":17,"key":"Torii"},{"floor":26,"key":"Ancient Tea Set"}],"event_choices":[{"damage_healed":0,"gold_gain":0,"player_choice":"Grow","damage_taken":0,"max_hp_gain":0,"max_hp_loss":0,"event_name":"Living Wall","floor":2,"gold_loss":0,"cards_upgraded":["Rebound"]},{"damage_healed":0,"gold_gain":0,"player_choice":"Success","damage_taken":12,"relics_obtained":["War Paint"],"max_hp_gain":0,"max_hp_loss":0,"event_name":"Scrap Ooze","floor":3,"gold_loss":0},{"damage_healed":0,"gold_gain":0,"player_choice":"Entered Light","damage_taken":15,"max_hp_gain":0,"max_hp_loss":0,"event_name":"Shining Light","floor":4,"gold_loss":0,"cards_upgraded":["Strike_B","Strike_B"]},{"cards_removed":["Strike_B"],"damage_healed":0,"gold_gain":0,"player_choice":"Card Removal","damage_taken":7,"max_hp_gain":0,"max_hp_loss":0,"event_name":"Golden Wing","floor":11,"gold_loss":0},{"damage_healed":0,"gold_gain":0,"player_choice":"Paid Fearfully","damage_taken":0,"max_hp_gain":0,"max_hp_loss":0,"event_name":"Masked Bandits","floor":22,"gold_loss":43},{"damage_healed":0,"gold_gain":99,"player_choice":"Stole From Cult","damage_taken":0,"max_hp_gain":0,"max_hp_loss":0,"event_name":"Nest","floor":27,"gold_loss":0}],"is_beta":false,"boss_relics":[{"not_picked":["Orrery","Eternal Feather"],"picked":"Calling Bell"}],"items_purged_floors":[19],"is_endless":false,"potions_floor_spawned":[5,6,13,14,16,18,20,29],"killed_by":"Automaton","ascension_level":0}