{"gold_per_floor":[110,124,224,242,257,288,288,91,136,165,177,207,207,222,222,222],"floor_reached":16,"playtime":849,"items_purged":["Strike_R"],"score":183,"play_id":"60232cac-4083-43ee-97d7-d640657b17d4","local_time":"20190518084000","is_ascension_mode":true,"campfire_choices":[{"data":"Armaments","floor":7,"key":"SMITH"},{"data":"Bash","floor":15,"key":"SMITH"}],"neow_cost":"NONE","seed_source_timestamp":295992886328849,"circlet_count":0,"master_deck":["AscendersBane","Strike_R","Strike_R","Strike_R","Strike_R","Defend_R","Defend_R","Defend_R","Defend_R","Bash+1","Double Tap","Armaments+1","Shrug It Off","Clothesline","True Grit","Cleave","Corruption","Havoc","True Grit"],"relics":["Burning Blood","Meat on the Bone","Bag of Preparation","Boot","Oddly Smooth Stone"],"potions_floor_usage":[6,10,12],"damage_taken":[{"damage":1,"enemies":"Small Slimes","floor":1,"turns":4},{"damage":6,"enemies":"Cultist","floor":2,"turns":3},{"damage":7,"enemies":"Jaw Worm","floor":4,"turns":3},{"damage":25,"enemies":"3 Louse","floor":5,"turns":5},{"damage":31,"enemies":"Lagavulin","floor":6,"turns":8},{"damage":24,"enemies":"3 Sentries","floor":10,"turns":13},{"damage":7,"enemies":"Exordium Thugs","floor":11,"turns":4},{"damage":19,"enemies":"Lagavulin","floor":12,"turns":8},{"damage":0,"enemies":"Exordium Wildlife","floor":14,"turns":5},{"damage":46,"enemies":"The Guardian","floor":16,"turns":17}],"seed_played":"2789060396364239843","potions_obtained":[{"floor":2,"key":"AttackPotion"},{"floor":4,"key":"Strength Potion"},{"floor":12,"key":"LiquidBronze"}],"is_trial":false,"path_per_floor":["M","M","?","M","M","E","R","$","T","E","M","E","?","M","R","B"],"character_chosen":"IRONCLAD","items_purchased":["Corruption","SkillPotion"],"campfire_rested":0,"item_purchase_floors":[8,8],"current_hp_per_floor":[77,77,77,76,57,32,32,32,32,26,37,36,36,54,54,8],"gold":222,"neow_bonus":"ONE_RANDOM_RARE_CARD","is_prod":false,"is_daily":false,"chose_seed":false,"campfire_upgraded":2,"win_rate":0,"timestamp":1558183200,"path_taken":["M","M","?","M","M","E","R","$","T","E","?","E","?","M","R","BOSS"],"build_version":"2019-01-23","purchased_purges":1,"victory":false,"max_hp_per_floor":[80,80,80,80,80,80,80,80,80,80,80,80,80,80,80,80],"card_choices":[{"not_picked":["True Grit","Evolve"],"picked":"Armaments","floor":1},{"not_picked":["Flex","Anger"],"picked":"Shrug It Off","floor":2},{"not_picked":["Wild Strike","Clash"],"picked":"Clothesline","floor":4},{"not_picked":["Clothesline","Ghostly Armor"],"picked":"True Grit","floor":5},{"not_picked":["Corruption","Heavy Blade"],"picked":"Cleave","floor":6},{"not_picked":["Pummel","Reckless Charge"],"picked":"Havoc","floor":10},{"not_picked":["Warcry","Pommel Strike","Heavy Blade"],"picked":"SKIP","floor":11},{"not_picked":["Clash","Cleave"],"picked":"True Grit","floor":12},{"not_picked":["Warcry","Bludgeon","Perfected Strike"],"picked":"SKIP","floor":14}],"player_experience":397611,"relics_obtained":[{"floor":6,"key":"Meat on the Bone"},{"floor":9,"key":"Bag of Preparation"},{"floor":10,"key":"Boot"},{"floor":12,"key":"Oddly Smooth Stone"}],"event_choices":[{"damage_healed":0,"gold_gain":100,"player_choice":"Pray","damage_taken":0,"max_hp_gain":0,"max_hp_loss":0,"event_name":"Golden Shrine","floor":3,"gold_loss":0},{"damage_healed":0,"gold_gain":0,"player_choice":"Ignored","damage_taken":0,"max_hp_gain":0,"max_hp_loss":0,"event_name":"Liars Game","floor":13,"gold_loss":0}],"is_beta":false,"boss_relics":[],"items_purged_floors":[8],"is_endless":false,"potions_floor_spawned":[2,4,12],"killed_by":"The Guardian","ascension_level":10}