{"gold_per_floor":[118,131,131,151,162,197,197,229,229,7,27,27,27,40,40,139,139,151,151,76,91,117,151,151,165,189,189,205,215,215,215],"floor_reached":31,"playtime":1249,"items_purged":["Strike_B"],"score":307,"play_id":"8f6f7fba-bb1f-4a32-81e5-d2a0b7888e12","local_time":"20190307232525","is_ascension_mode":true,"campfire_choices":[{"floor":7,"key":"REST"},{"floor":13,"key":"REST"},{"floor":15,"key":"REST"},{"floor":24,"key":"REST"},{"floor":27,"key":"REST"}],"neow_cost":"NONE","seed_source_timestamp":593771220928567,"circlet_count":0,"master_deck":["Strike_B","Defend_B+1","Defend_B","Defend_B","Defend_B","Zap","Dualcast+1","Heatsinks","Ball Lightning","Ball Lightning","Cold Snap","Force Field","Conserve Battery","Hello World+1","Capacitor","Streamline","Coolheaded","Amplify","BootSequence","Barrage","Force Field","Barrage","Hologram+1","Electrodynamics","Decay"],"relics":["Cracked Core","Orichalcum","Singing Bowl","Bottled Tornado","War Paint","Nuclear Battery","Vajra","Dodecahedron"],"potions_floor_usage":[6,16,23,23],"damage_taken":[{"damage":1,"enemies":"Cultist","floor":1,"turns":4},{"damage":2,"enemies":"Jaw Worm","floor":2,"turns":3},{"damage":1,"enemies":"2 Louse","floor":4,"turns":2},{"damage":14,"enemies":"Exordium Thugs","floor":5,"turns":3},{"damage":17,"enemies":"Gremlin Nob","floor":6,"turns":4},{"damage":15,"enemies":"3 Sentries","floor":8,"turns":7},{"damage":36,"enemies":"Lots of Slimes","floor":11,"turns":4},{"damage":13,"enemies":"Large Slime","floor":14,"turns":4},{"damage":30,"enemies":"Hexaghost","floor":16,"turns":10},{"damage":6,"enemies":"Chosen","floor":18,"turns":5},{"damage":6,"enemies":"Spheric Guardian","floor":21,"turns":4},{"damage":59,"enemies":"Book of Stabbing","floor":23,"turns":7},{"damage":10,"enemies":"Cultist and Chosen","floor":25,"turns":6},{"damage":11,"enemies":"Sentry and Sphere","floor":28,"turns":5},{"damage":13,"enemies":"Snake Plant","floor":29,"turns":5},{"damage":19,"enemies":"3 Cultists","floor":31,"turns":3}],"seed_played":"5048875642512055136","potions_obtained":[{"floor":2,"key":"Block Potion"},{"floor":5,"key":"SpeedPotion"},{"floor":8,"key":"LiquidBronze"},{"floor":11,"key":"Dexterity Potion"},{"floor":16,"key":"SpeedPotion"},{"floor":18,"key":"AttackPotion"},{"floor":23,"key":"FearPotion"},{"floor":25,"key":"SpeedPotion"}],"is_trial":false,"path_per_floor":["M","M","?","M","M","E","R","E","T","$","M","?","R","M","R","B",null,"M","?","$","M","T","E","R","M","T","R","M","M","?","M"],"character_chosen":"DEFECT","items_purchased":["Capacitor","War Paint"],"campfire_rested":5,"item_purchase_floors":[10,10],"current_hp_per_floor":[74,72,72,71,57,40,62,47,47,47,11,11,33,20,42,12,75,69,69,69,63,63,4,26,16,16,38,27,14,14,0],"gold":215,"neow_bonus":"TRANSFORM_CARD","is_prod":false,"is_daily":false,"chose_seed":false,"campfire_upgraded":0,"win_rate":0,"timestamp":1552019125,"path_taken":["M","?","?","?","M","E","R","E","T","$","M","?","R","M","R","BOSS","M","?","$","?","?","E","R","M","T","R","M","M","?","M"],"build_version":"2019-01-23","purchased_purges":1,"victory":false,"max_hp_per_floor":[75,75,75,75,75,75,75,75,75,75,75,75,75,75,75,75,75,75,75,75,75,75,75,75,75,75,75,75,75,75,75],"card_choices":[{"not_picked":["Sweeping Beam","Hologram"],"picked":"Ball Lightning","floor":1},{"not_picked":["Compile Driver","Gash"],"picked":"Ball Lightning","floor":2},{"not_picked":["Sweeping Beam","Scrape"],"picked":"Cold Snap","floor":4},{"not_picked":["Stack","Rebound"],"picked":"Force Field","floor":5},{"not_picked":["Buffer","Lockon"],"picked":"Conserve Battery","floor":6},{"not_picked":["Go for the Eyes","Stack"],"picked":"Hello World","floor":8},{"not_picked":["Gash","Skim"],"picked":"Streamline","floor":11},{"not_picked":["Leap","Streamline"],"picked":"Coolheaded","floor":14},{"not_picked":["Fission","Thunder Strike"],"picked":"Amplify","floor":16},{"not_picked":["Scrape","Ball Lightning"],"picked":"BootSequence","floor":18},{"not_picked":["Turbo","Beam Cell"],"picked":"Barrage","floor":21},{"not_picked":["Doom and Gloom","FTL"],"picked":"Force Field","floor":23},{"not_picked":["Compile Driver+1","Consume"],"picked":"Barrage","floor":25},{"not_picked":["Reprogram","Gash"],"picked":"Hologram+1","floor":28},{"not_picked":["Gash","Heatsinks"],"picked":"Electrodynamics","floor":29}],"player_experience":309432,"relics_obtained":[{"floor":6,"key":"Orichalcum"},{"floor":8,"key":"Singing Bowl"},{"floor":9,"key":"Bottled Tornado"},{"floor":22,"key":"Vajra"},{"floor":23,"key":"Dodecahedron"}],"event_choices":[{"cards_removed":["Strike_B"],"damage_healed":0,"gold_gain":0,"player_choice":"Offered Basic","damage_taken":0,"max_hp_gain":0,"max_hp_loss":0,"event_name":"Bonfire Elementals","floor":3,"gold_loss":0},{"damage_healed":0,"gold_gain":0,"player_choice":"Grow","damage_taken":0,"max_hp_gain":0,"max_hp_loss":0,"event_name":"Living Wall","floor":12,"gold_loss":0,"cards_upgraded":["Hello World"]},{"damage_healed":0,"gold_gain":0,"player_choice":"Got Potions","damage_taken":0,"max_hp_gain":0,"max_hp_loss":0,"event_name":"Lab","floor":19,"gold_loss":0},{"damage_healed":0,"gold_gain":0,"player_choice":"Smashed Altar","damage_taken":0,"max_hp_gain":0,"max_hp_loss":0,"event_name":"Forgotten Altar","floor":30,"gold_loss":0,"cards_obtained":["Decay"]}],"is_beta":false,"boss_relics":[{"not_picked":["Philosopher\u0027s Stone","White Beast Statue"],"picked":"Nuclear Battery"}],"items_purged_floors":[20],"is_endless":false,"potions_floor_spawned":[2,5,8,11,14,16,18,23,25,29],"killed_by":"3 Cultists","ascension_level":3}