{"gold_per_floor":[116,69,244,255,265,297,316,316,368,115,131,151,164,180,180,279,279,289,307,317,7,7,7,20,20,20,20,33,33,51,2,2,100,100,111,111,128,139,139,139,89,109,136,136,136,236,246,100,100,100,100,100,50,80,80],"floor_reached":55,"playtime":9515,"items_purged":["Doubt","Strike_R","Strike_R","Strike_R","Writhe"],"score":623,"play_id":"30720ffe-937c-4e23-b3ab-677df0a39692","local_time":"20190719003645","is_ascension_mode":false,"campfire_choices":[{"data":"Metallicize","floor":8.0,"key":"SMITH"},{"floor":15.0,"key":"REST"},{"data":"Armaments","floor":23.0,"key":"SMITH"},{"data":"Barricade","floor":25.0,"key":"SMITH"},{"floor":27.0,"key":"REST"},{"data":"Machine Learning","floor":29.0,"key":"SMITH"},{"data":"Armaments","floor":32.0,"key":"SMITH"},{"floor":40.0,"key":"RECALL"},{"data":"Ghostly Armor","floor":45.0,"key":"SMITH"},{"floor":49.0,"key":"REST"},{"data":"Blind","floor":52.0,"key":"SMITH"}],"neow_cost":"NONE","seed_source_timestamp":0,"circlet_count":0,"master_deck":["Strike_R","Strike_R","Defend_R","Defend_R","Defend_R","Defend_R","Bash","Impatience","Cleave","Shrug It Off","Metallicize+1","Clothesline","Uppercut","Inflame","Metallicize","Ghostly Armor+1","Barricade+1","Body Slam","Body Slam","Armaments+1","Dual Wield","Machine Learning+1","Armaments+1","Apotheosis+1","Battle Trance+1","Fusion+1","Blind+1","Madness+1"],"special_seed":0,"relics":["Burning Blood","Question Card","Smiling Mask","HandDrill","Mark of Pain","PrismaticShard","Happy Flower","Busted Crown","PreservedInsect","Pocketwatch","Bottled Tornado"],"potions_floor_usage":[55],"damage_taken":[{"damage":10.0,"enemies":"Jaw Worm","floor":1.0,"turns":4.0},{"damage":3.0,"enemies":"2 Louse","floor":4.0,"turns":3.0},{"damage":1.0,"enemies":"Cultist","floor":5.0,"turns":5.0},{"damage":36.0,"enemies":"3 Sentries","floor":6.0,"turns":14.0},{"damage":23.0,"enemies":"Large Slime","floor":7.0,"turns":8.0},{"damage":5.0,"enemies":"Exordium Thugs","floor":11.0,"turns":6.0},{"damage":14.0,"enemies":"Blue Slaver","floor":12.0,"turns":5.0},{"damage":5.0,"enemies":"3 Louse","floor":13.0,"turns":3.0},{"damage":11.0,"enemies":"Lots of Slimes","floor":14.0,"turns":5.0},{"damage":38.0,"enemies":"Hexaghost","floor":16.0,"turns":15.0},{"damage":17.0,"enemies":"Spheric Guardian","floor":18.0,"turns":8.0},{"damage":13.0,"enemies":"3 Byrds","floor":19.0,"turns":6.0},{"damage":4.0,"enemies":"Centurion and Healer","floor":20.0,"turns":9.0},{"damage":35.0,"enemies":"3 Cultists","floor":24.0,"turns":7.0},{"damage":13.0,"enemies":"Snake Plant","floor":28.0,"turns":4.0},{"damage":7.0,"enemies":"Centurion and Healer","floor":30.0,"turns":6.0},{"damage":57.0,"enemies":"Collector","floor":33.0,"turns":13.0},{"damage":14.0,"enemies":"3 Darklings","floor":35.0,"turns":6.0},{"damage":6.0,"enemies":"Orb Walker","floor":37.0,"turns":5.0},{"damage":9.0,"enemies":"Sphere and 2 Shapes","floor":38.0,"turns":5.0},{"damage":26.0,"enemies":"Spire Growth","floor":42.0,"turns":6.0},{"damage":10.0,"enemies":"Mind Bloom Boss Battle","floor":46.0,"turns":7.0},{"damage":0.0,"enemies":"Maw","floor":47.0,"turns":8.0},{"damage":65.0,"enemies":"Donu and Deca","floor":50.0,"turns":13.0},{"damage":56.0,"enemies":"Shield and Spear","floor":54.0,"turns":8.0},{"damage":34,"enemies":"The Heart","floor":55,"turns":2}],"seed_played":"-2656875355226195682","potions_obtained":[{"floor":4.0,"key":"SpeedPotion"},{"floor":7.0,"key":"Block Potion"},{"floor":13.0,"key":"Swift Potion"},{"floor":14.0,"key":"Explosive Potion"},{"floor":16.0,"key":"FearPotion"},{"floor":18.0,"key":"Regen Potion"},{"floor":20.0,"key":"Energy Potion"},{"floor":30.0,"key":"Explosive Potion"},{"floor":38.0,"key":"SteroidPotion"},{"floor":42.0,"key":"Energy Potion"},{"floor":47.0,"key":"Energy Potion"}],"is_trial":false,"path_per_floor":["M","$","?","M","M","E","M","R","T","$","M","M","M","M","R","B",null,"M","M","M","$","?","R","M","R","T","R","M","R","M","$","R","B",null,"M","?","M","M","?","R","$","M","T","?","R","?","M","$","R","B",null,"R","$","E","B"],"character_chosen":"IRONCLAD","items_purchased":["Shrug It Off","HandDrill","PrismaticShard","Dual Wield","Armaments","Blind"],"campfire_rested":3,"item_purchase_floors":[2,10,21,21,31,48],"current_hp_per_floor":[76,76,76,79,80,50,33,33,33,33,34,26,27,22,46,14,80,69,74,76,76,76,76,47,47,47,71,64,64,63,63,63,12,80,72,72,72,69,69,69,69,49,49,69,69,65,71,71,80,21,80,80,80,30,0],"gold":80,"neow_bonus":"RANDOM_COLORLESS","is_prod":false,"is_daily":false,"chose_seed":false,"campfire_upgraded":7,"win_rate":0,"timestamp":1563489405,"path_taken":["M","$","?","M","M","E","M","R","T","?","M","M","M","M","R","BOSS","M","M","M","$","?","R","M","R","T","R","M","R","M","$","R","BOSS","M","?","?","M","?","R","?","M","T","?","R","?","?","$","R","BOSS","R","$","E","BOSS"],"build_version":"2019-01-23","purchased_purges":5,"victory":false,"max_hp_per_floor":[80,80,80,80,80,80,80,80,80,80,80,80,80,80,80,80,80,80,80,80,80,80,80,80,80,80,80,80,80,80,80,80,80,80,80,80,80,80,80,80,80,80,80,80,80,80,80,80,80,80,80,80,80,80,80],"card_choices":[{"not_picked":["Corruption","Twin Strike"],"picked":"Cleave","floor":1.0},{"not_picked":["Body Slam","Combust"],"picked":"Metallicize","floor":4.0},{"not_picked":["Heavy Blade","Dropkick"],"picked":"Clothesline","floor":5.0},{"not_picked":["Second Wind","Shockwave"],"picked":"Uppercut","floor":6.0},{"not_picked":["Infernal Blade","Carnage","Disarm"],"picked":"Inflame","floor":7.0},{"not_picked":["Flex","Heavy Blade","Headbutt","Flame Barrier"],"picked":"SKIP","floor":11.0},{"not_picked":["Clothesline","Thunderclap","Power Through"],"picked":"Metallicize","floor":12.0},{"not_picked":["Warcry","Reaper","Sword Boomerang","Body Slam"],"picked":"SKIP","floor":13.0},{"not_picked":["Searing Blow","Rupture","Inflame"],"picked":"Ghostly Armor","floor":14.0},{"not_picked":["Demon Form","Bludgeon","Berserk"],"picked":"Barricade","floor":16.0},{"not_picked":["Cleave","Anger","Battle Trance"],"picked":"Body Slam","floor":18.0},{"not_picked":["Headbutt+1","Bloodletting","Cleave"],"picked":"Body Slam","floor":19.0},{"not_picked":["Iron Wave","Body Slam","Headbutt"],"picked":"Armaments","floor":20.0},{"not_picked":["Outmaneuver","Twin Strike","Blade Dance","Pummel"],"picked":"SKIP","floor":24.0},{"not_picked":["Distraction+1","Underhanded Strike","Footwork"],"picked":"Machine Learning","floor":28.0},{"not_picked":["Rupture","Blur","Scrape","Redo"],"picked":"SKIP","floor":30.0},{"not_picked":["Multi-Cast","Echo Form","Unload"],"picked":"Apotheosis","floor":33.0},{"not_picked":["FTL+1","Spot Weakness+1"],"picked":"SKIP","floor":35.0},{"not_picked":["Cleave"],"picked":"Battle Trance+1","floor":37.0},{"not_picked":["Catalyst","Tempest"],"picked":"SKIP","floor":38.0},{"not_picked":["Loop","Go for the Eyes"],"picked":"SKIP","floor":42.0},{"not_picked":["Skim"],"picked":"Fusion+1","floor":46.0},{"not_picked":["Dark Shackles+1","Distraction+1"],"picked":"SKIP","floor":47.0},{"not_picked":["Clothesline+1"],"picked":"Madness+1","floor":54.0}],"player_experience":132270,"relics_obtained":[{"floor":6.0,"key":"Question Card"},{"floor":9.0,"key":"Smiling Mask"},{"floor":43.0,"key":"PreservedInsect"},{"floor":46.0,"key":"Pocketwatch"},{"floor":54.0,"key":"Bottled Tornado"}],"event_choices":[{"damage_healed":0.0,"max_hp_gain":0.0,"max_hp_loss":0.0,"gold_gain":175.0,"event_name":"Liars Game","player_choice":"AGREE","floor":3.0,"gold_loss":0.0,"damage_taken":0.0,"cards_obtained":["Doubt"]},{"damage_healed":0.0,"max_hp_gain":0.0,"max_hp_loss":0.0,"gold_gain":0.0,"event_name":"The Mausoleum","player_choice":"Opened","floor":22.0,"gold_loss":0.0,"damage_taken":0.0,"relics_obtained":["Happy Flower"]},{"damage_healed":0.0,"max_hp_gain":0.0,"max_hp_loss":0.0,"gold_gain":0.0,"event_name":"Accursed Blacksmith","player_choice":"Forge","floor":36.0,"gold_loss":0.0,"damage_taken":0.0,"cards_upgraded":["Apotheosis"]},{"damage_healed":0.0,"max_hp_gain":0.0,"max_hp_loss":0.0,"gold_gain":0.0,"event_name":"The Woman in Blue","player_choice":"Bought 0 Potions","floor":39.0,"gold_loss":0.0,"damage_taken":0.0},{"damage_healed":20.0,"max_hp_gain":0.0,"max_hp_loss":0.0,"gold_gain":0.0,"event_name":"Winding Halls","player_choice":"Writhe","floor":44.0,"gold_loss":0.0,"damage_taken":0.0,"cards_obtained":["Writhe"]},{"damage_healed":0.0,"max_hp_gain":0.0,"max_hp_loss":0.0,"gold_gain":0.0,"event_name":"MindBloom","player_choice":"Fight","floor":46.0,"gold_loss":0.0,"damage_taken":0.0}],"is_beta":false,"boss_relics":[{"not_picked":["Coffee Dripper","Fusion Hammer"],"picked":"Mark of Pain"},{"not_picked":["Orrery","Snecko Eye"],"picked":"Busted Crown"}],"items_purged_floors":[10,21,41,48,53],"is_endless":false,"potions_floor_spawned":[4,7,13,14,16,18,20,30,38,42,47],"killed_by":"The Heart","ascension_level":0}