{"gold_per_floor":[119,135,151,165,179,179,195,195,195,213,12,26,26,45,45,150,150,162,77,77,91,91,91,105,105,105,116,116],"floor_reached":28,"playtime":1359,"items_purged":[],"score":227,"play_id":"8308f478-318c-46b0-923e-cd9220ba6705","local_time":"20190724175235","is_ascension_mode":true,"campfire_choices":[{"floor":6,"key":"REST"},{"floor":15,"key":"REST"},{"floor":23,"key":"REST"},{"floor":25,"key":"REST"}],"neow_cost":"NONE","seed_source_timestamp":9876408960241988,"circlet_count":0,"master_deck":["Strike_B","Strike_B","Strike_B","Defend_B","Defend_B","Defend_B","Defend_B+1","Zap","Dualcast","FTL","Go for the Eyes","Go for the Eyes","Fission","Genetic Algorithm+1","Go for the Eyes","Glacier+1","Hyperbeam","Core Surge","Redo+1","White Noise+1","Glacier+1"],"relics":["Fusion Hammer","Toxic Egg 2","Dodecahedron","Strange Spoon","Inserter","War Paint","The Courier","Blue Candle"],"potions_floor_usage":[16,24,27,28,28],"damage_taken":[{"damage":1,"enemies":"Cultist","floor":1,"turns":4},{"damage":0,"enemies":"2 Louse","floor":2,"turns":2},{"damage":0,"enemies":"Small Slimes","floor":3,"turns":2},{"damage":7,"enemies":"Looter","floor":4,"turns":3},{"damage":0,"enemies":"Blue Slaver","floor":5,"turns":3},{"damage":0,"enemies":"3 Louse","floor":7,"turns":3},{"damage":17,"enemies":"2 Fungi Beasts","floor":10,"turns":4},{"damage":1,"enemies":"Blue Slaver","floor":12,"turns":4},{"damage":0,"enemies":"Lots of Slimes","floor":14,"turns":6},{"damage":52,"enemies":"The Guardian","floor":16,"turns":19},{"damage":6,"enemies":"Shell Parasite","floor":18,"turns":7},{"damage":0,"enemies":"Chosen","floor":21,"turns":7},{"damage":4,"enemies":"Centurion and Healer","floor":24,"turns":10},{"damage":11,"enemies":"Snecko","floor":27,"turns":5},{"damage":74,"enemies":"Slavers","floor":28,"turns":7}],"seed_played":"-6540814023558055072","potions_obtained":[{"floor":1,"key":"LiquidBronze"},{"floor":5,"key":"EssenceOfSteel"},{"floor":7,"key":"Energy Potion"},{"floor":10,"key":"Fire Potion"},{"floor":14,"key":"Fire Potion"},{"floor":18,"key":"FearPotion"},{"floor":24,"key":"SkillPotion"}],"is_trial":false,"path_per_floor":["M","M","M","M","M","R","M","T","T","M","$","M","?","M","R","B",null,"M","?","?","M","T","R","M","R","T","M","E"],"character_chosen":"DEFECT","items_purchased":["Strange Spoon"],"campfire_rested":4,"item_purchase_floors":[11],"current_hp_per_floor":[74,74,74,67,67,75,75,75,75,58,58,57,57,57,75,23,75,69,69,55,55,55,79,75,80,80,69,0],"gold":116,"neow_bonus":"BOSS_RELIC","is_prod":false,"is_daily":false,"chose_seed":false,"campfire_upgraded":0,"win_rate":0,"timestamp":1563969155,"path_taken":["M","M","M","M","M","R","?","?","T","M","?","M","?","M","R","BOSS","M","?","?","M","?","R","M","R","T","M","E"],"build_version":"2019-07-17","purchased_purges":0,"victory":false,"max_hp_per_floor":[75,75,75,75,75,75,75,75,75,75,75,75,75,75,75,75,75,75,75,80,80,80,80,80,80,80,80,80],"card_choices":[{"not_picked":["Blizzard","Stack"],"picked":"FTL","floor":1},{"not_picked":["Stack","Static Discharge"],"picked":"Go for the Eyes","floor":2},{"not_picked":["Auto Shields","Sweeping Beam"],"picked":"Go for the Eyes","floor":3},{"not_picked":["Streamline","Cold Snap","Fusion"],"picked":"SKIP","floor":4},{"not_picked":["Lockon","Stack"],"picked":"Fission","floor":5},{"not_picked":["Heatsinks","Static Discharge"],"picked":"Genetic Algorithm","floor":7},{"not_picked":["Redo+1","Leap+1"],"picked":"Go for the Eyes","floor":10},{"not_picked":["Gash","Leap+1"],"picked":"Glacier+1","floor":12},{"not_picked":["Conserve Battery+1","Beam Cell"],"picked":"Hyperbeam","floor":14},{"not_picked":["Seek+1","Machine Learning"],"picked":"Core Surge","floor":16},{"not_picked":["Scrape+1","Leap+1","Sweeping Beam+1"],"picked":"SKIP","floor":18},{"not_picked":["Compile Driver+1","Ball Lightning+1"],"picked":"Redo+1","floor":21},{"not_picked":["Conserve Battery+1","Melter"],"picked":"White Noise+1","floor":24},{"not_picked":["Streamline","Compile Driver"],"picked":"Glacier+1","floor":27}],"player_experience":1586164,"relics_obtained":[{"floor":8,"key":"Toxic Egg 2"},{"floor":9,"key":"Dodecahedron"},{"floor":22,"key":"The Courier"},{"floor":26,"key":"Blue Candle"}],"event_choices":[{"cards_removed":["Strike_B"],"damage_healed":0,"gold_gain":0,"player_choice":"Forget","damage_taken":0,"max_hp_gain":0,"max_hp_loss":0,"event_name":"Living Wall","floor":13,"gold_loss":0},{"damage_healed":0,"gold_gain":0,"player_choice":"Obtained Relic","damage_taken":0,"relics_obtained":["War Paint"],"max_hp_gain":0,"max_hp_loss":0,"event_name":"Addict","floor":19,"gold_loss":85},{"damage_healed":0,"gold_gain":0,"player_choice":"Shed Blood","damage_taken":19,"max_hp_gain":5,"max_hp_loss":0,"event_name":"Forgotten Altar","floor":20,"gold_loss":0}],"is_beta":false,"boss_relics":[{"not_picked":["Ectoplasm","Black Star"],"picked":"Inserter"}],"items_purged_floors":[],"is_endless":false,"potions_floor_spawned":[1,5,7,10,12,14,18,24],"killed_by":"Slavers","ascension_level":1}