{"gold_per_floor":[118,138,63,63,76,76,105,124,173,195,221,221,236,265,265,340,340,360,385,131,131,146,146,177,177,202,202,237,257,257,290,290,369,369,381,381,381,398,415,441,457,457,539,569,39,39,50,61,61,61],"floor_reached":50,"playtime":7255,"items_purged":[],"score":1085,"play_id":"fa09745a-7f43-4ea5-85d4-46995b61c6e0","local_time":"20190803013306","is_ascension_mode":true,"campfire_choices":[{"data":"Sunder","floor":6.0,"key":"SMITH"},{"floor":12.0,"key":"REST"},{"floor":15.0,"key":"REST"},{"floor":23.0,"key":"REST"},{"data":"Defragment","floor":25.0,"key":"SMITH"},{"data":"Creative AI","floor":32.0,"key":"SMITH"},{"data":"Fission","floor":42.0,"key":"SMITH"},{"floor":49.0,"key":"REST"}],"neow_cost":"NONE","seed_source_timestamp":100788534573885,"circlet_count":0,"master_deck":["AscendersBane","Defend_B","Defend_B","Defend_B","Zap","Dualcast","Electrodynamics+1","Core Surge+1","Sweeping Beam+1","Tempest","Sunder+1","Redo","Steam","Thunder Strike","Loop","Creative AI+1","Seek","Self Repair","Defragment+1","Coolheaded","Leap","Self Repair+1","Stack","Reinforced Body","Turbo","Conserve Battery","Fission+1","Skim+1","Storm","BootSequence+1","Tempest+1","Consume","Double Energy+1"],"special_seed":0,"relics":["Astrolabe","Symbiotic Virus","Regal Pillow","Odd Mushroom","Blood Vial","Question Card","Lizard Tail","Red Mask","Tiny Chest","Art of War","Bag of Preparation","Bag of Marbles","Oddly Smooth Stone","Molten Egg 2","Bronze Scales","Velvet Choker","Lantern","Centennial Puzzle","Mercury Hourglass","Bottled Tornado","Frozen Egg 2"],"potions_floor_usage":[50],"damage_taken":[{"damage":1.0,"enemies":"2 Louse","floor":1.0,"turns":2.0},{"damage":0.0,"enemies":"Small Slimes","floor":2.0,"turns":2.0},{"damage":0.0,"enemies":"Cultist","floor":5.0,"turns":4.0},{"damage":30.0,"enemies":"Lagavulin","floor":7.0,"turns":7.0},{"damage":3.0,"enemies":"Blue Slaver","floor":8.0,"turns":2.0},{"damage":6.0,"enemies":"The Mushroom Lair","floor":10.0,"turns":2.0},{"damage":10.0,"enemies":"3 Sentries","floor":11.0,"turns":3.0},{"damage":0.0,"enemies":"Exordium Wildlife","floor":13.0,"turns":2.0},{"damage":24.0,"enemies":"Lagavulin","floor":14.0,"turns":5.0},{"damage":60.0,"enemies":"Hexaghost","floor":16.0,"turns":9.0},{"damage":1.0,"enemies":"Spheric Guardian","floor":18.0,"turns":3.0},{"damage":13.0,"enemies":"Masked Bandits","floor":19.0,"turns":3.0},{"damage":36.0,"enemies":"Shell Parasite","floor":22.0,"turns":4.0},{"damage":14.0,"enemies":"Slavers","floor":24.0,"turns":3.0},{"damage":43.0,"enemies":"Book of Stabbing","floor":28.0,"turns":6.0},{"damage":5.0,"enemies":"Chosen and Byrds","floor":29.0,"turns":6.0},{"damage":0.0,"enemies":"Slavers","floor":31.0,"turns":2.0},{"damage":31.0,"enemies":"Collector","floor":33.0,"turns":12.0},{"damage":24.0,"enemies":"Orb Walker","floor":35.0,"turns":4.0},{"damage":0.0,"enemies":"3 Shapes","floor":38.0,"turns":3.0},{"damage":0.0,"enemies":"Sphere and 2 Shapes","floor":39.0,"turns":2.0},{"damage":22.0,"enemies":"Reptomancer","floor":40.0,"turns":4.0},{"damage":0.0,"enemies":"Jaw Worm Horde","floor":41.0,"turns":2.0},{"damage":41.0,"enemies":"Nemesis","floor":44.0,"turns":5.0},{"damage":10.0,"enemies":"Writhing Mass","floor":47.0,"turns":7.0},{"damage":0.0,"enemies":"4 Shapes","floor":48.0,"turns":3.0},{"damage":123,"enemies":"Awakened One","floor":50,"turns":13}],"seed_played":"-2803010159662394104","potions_obtained":[{"floor":2.0,"key":"Poison Potion"},{"floor":8.0,"key":"Poison Potion"},{"floor":10.0,"key":"Energy Potion"},{"floor":11.0,"key":"SteroidPotion"},{"floor":14.0,"key":"SteroidPotion"},{"floor":16.0,"key":"Swift Potion"},{"floor":19.0,"key":"Dexterity Potion"},{"floor":22.0,"key":"Energy Potion"},{"floor":29.0,"key":"AttackPotion"},{"floor":31.0,"key":"PowerPotion"},{"floor":38.0,"key":"FearPotion"},{"floor":39.0,"key":"PowerPotion"},{"floor":40.0,"key":"Fire Potion"},{"floor":48.0,"key":"EssenceOfSteel"}],"is_trial":false,"path_per_floor":["M","M","?","?","M","R","E","M","T","?","E","R","M","E","R","B",null,"M","?","$","?","M","R","E","R","T","?","E","M","T","E","R","B",null,"M","?","?","M","M","E","M","R","T","E","$","T","M","M","R","B"],"character_chosen":"DEFECT","items_purchased":["Defragment","Coolheaded","Tiny Chest","Mercury Hourglass","Bottled Tornado"],"campfire_rested":4,"item_purchase_floors":[20,20,20,45,45],"current_hp_per_floor":[63,63,63,56,56,56,26,23,23,17,7,43,45,23,59,1,54,55,44,44,44,17,53,48,48,48,48,24,38,38,40,40,28,60,55,55,55,71,71,49,58,58,58,19,19,19,28,37,71,0],"gold":61,"neow_bonus":"BOSS_RELIC","is_prod":false,"is_daily":false,"chose_seed":false,"campfire_upgraded":4,"win_rate":0,"timestamp":1564821186,"path_taken":["M","M","?","?","M","R","E","M","T","?","E","R","M","E","R","BOSS","M","?","$","?","?","R","E","R","T","?","E","M","?","E","R","BOSS","M","?","?","M","M","E","?","R","T","E","?","?","M","M","R","BOSS"],"build_version":"2019-07-17","purchased_purges":0,"victory":false,"max_hp_per_floor":[71,71,71,71,71,71,71,71,71,71,71,71,71,71,71,71,71,71,71,71,71,71,71,71,71,71,71,71,71,71,71,71,71,71,71,71,71,71,71,71,71,71,71,71,71,71,71,71,71,71],"card_choices":[{"not_picked":["Stack","Steam Power","Ball Lightning"],"picked":"SKIP","floor":1.0},{"not_picked":["Auto Shields","Steam Power"],"picked":"Tempest","floor":2.0},{"not_picked":["Steam","Skim"],"picked":"Sunder","floor":5.0},{"not_picked":["Beam Cell","Undo"],"picked":"Redo","floor":7.0},{"not_picked":["Redo","Cold Snap"],"picked":"Steam","floor":8.0},{"not_picked":["Hologram","Conserve Battery"],"picked":"Thunder Strike","floor":10.0},{"not_picked":["Recycle","Consume"],"picked":"Loop","floor":11.0},{"not_picked":["Force Field","Redo","Go for the Eyes"],"picked":"SKIP","floor":13.0},{"not_picked":["Beam Cell","Double Energy"],"picked":"Creative AI","floor":14.0},{"not_picked":["Creative AI","Meteor Strike","Buffer"],"picked":"Seek","floor":16.0},{"not_picked":["Beam Cell","Static Discharge","Rebound"],"picked":"Doom and Gloom+1","floor":18.0},{"not_picked":["Barrage","Chaos","Cold Snap"],"picked":"Self Repair","floor":19.0},{"not_picked":["Gash","Steam Power","Hologram"],"picked":"Leap","floor":22.0},{"not_picked":["Leap","Rainbow","Barrage"],"picked":"Self Repair+1","floor":24.0},{"not_picked":["Compile Driver","Hologram","Sweeping Beam"],"picked":"Reinforced Body","floor":28.0},{"not_picked":["Gash+1","FTL","Steam"],"picked":"Turbo","floor":29.0},{"not_picked":["Compile Driver+1","Hyperbeam+1","Machine Learning"],"picked":"Conserve Battery","floor":31.0},{"not_picked":["Core Surge+1","Thunder Strike+1","Creative AI"],"picked":"Fission","floor":33.0},{"not_picked":["Conserve Battery","Ball Lightning+1","Rebound+1"],"picked":"Skim+1","floor":35.0},{"not_picked":["Recycle","Turbo+1","Capacitor"],"picked":"Storm","floor":38.0},{"not_picked":["Leap","Cold Snap+1","Turbo"],"picked":"BootSequence+1","floor":39.0},{"not_picked":["FTL+1","Self Repair","Barrage+1"],"picked":"Tempest+1","floor":40.0},{"not_picked":["White Noise","Cold Snap+1","Sweeping Beam+1"],"picked":"Consume","floor":41.0},{"not_picked":["Rebound+1","Beam Cell+1","White Noise","Fusion"],"picked":"SKIP","floor":44.0},{"not_picked":["Steam Power+1","Gash+1","Redo"],"picked":"Double Energy+1","floor":47.0},{"not_picked":["Beam Cell+1","Compile Driver+1","White Noise","Barrage+1"],"picked":"SKIP","floor":48.0}],"player_experience":472340,"relics_obtained":[{"floor":7.0,"key":"Symbiotic Virus"},{"floor":9.0,"key":"Regal Pillow"},{"floor":10.0,"key":"Odd Mushroom"},{"floor":11.0,"key":"Blood Vial"},{"floor":14.0,"key":"Question Card"},{"floor":19.0,"key":"Red Mask"},{"floor":21.0,"key":"Art of War"},{"floor":24.0,"key":"Bag of Preparation"},{"floor":26.0,"key":"Bag of Marbles"},{"floor":28.0,"key":"Oddly Smooth Stone"},{"floor":30.0,"key":"Molten Egg 2"},{"floor":31.0,"key":"Bronze Scales"},{"floor":40.0,"key":"Lantern"},{"floor":44.0,"key":"Centennial Puzzle"},{"floor":46.0,"key":"Frozen Egg 2"}],"event_choices":[{"cards_removed":["Strike_B"],"damage_healed":0.0,"max_hp_gain":0.0,"max_hp_loss":0.0,"gold_gain":0.0,"event_name":"The Cleric","player_choice":"Card Removal","floor":3.0,"gold_loss":75.0,"damage_taken":0.0},{"cards_removed":["Defend_B"],"damage_healed":0.0,"max_hp_gain":0.0,"max_hp_loss":0.0,"gold_gain":0.0,"event_name":"Golden Wing","player_choice":"Card Removal","floor":4.0,"gold_loss":0.0,"damage_taken":7.0},{"damage_healed":0.0,"max_hp_gain":0.0,"max_hp_loss":0.0,"gold_gain":0.0,"event_name":"Mushrooms","player_choice":"Fought Mushrooms","floor":10.0,"gold_loss":0.0,"damage_taken":0.0},{"damage_healed":0.0,"max_hp_gain":0.0,"max_hp_loss":0.0,"gold_gain":0.0,"event_name":"Masked Bandits","player_choice":"Fought Bandits","floor":19.0,"gold_loss":0.0,"damage_taken":0.0},{"damage_healed":0.0,"max_hp_gain":0.0,"max_hp_loss":0.0,"gold_gain":0.0,"event_name":"Wheel of Change","player_choice":"Relic","floor":21.0,"gold_loss":0.0,"damage_taken":0.0},{"damage_healed":0.0,"max_hp_gain":0.0,"max_hp_loss":0.0,"gold_gain":0.0,"event_name":"The Library","player_choice":"Read","floor":27.0,"gold_loss":0.0,"damage_taken":0.0,"cards_obtained":["Stack"]},{"cards_removed":["Doom and Gloom"],"damage_healed":0.0,"max_hp_gain":0.0,"max_hp_loss":0.0,"gold_gain":0.0,"event_name":"Falling","player_choice":"Removed Attack","floor":36.0,"gold_loss":0.0,"damage_taken":0.0},{"damage_healed":0.0,"max_hp_gain":0.0,"max_hp_loss":0.0,"gold_gain":0.0,"event_name":"SecretPortal","player_choice":"Ignored","floor":37.0,"gold_loss":0.0,"damage_taken":0.0}],"is_beta":false,"boss_relics":[{"not_picked":["Calling Bell","Philosopher\u0027s Stone"],"picked":"Lizard Tail"},{"not_picked":["Runic Pyramid","Empty Cage"],"picked":"Velvet Choker"}],"items_purged_floors":[],"is_endless":false,"potions_floor_spawned":[2,8,10,11,14,16,19,22,29,31,38,39,40,48],"killed_by":"Awakened One","ascension_level":16}