{"gold_per_floor":[363,363,3,3,3,36,49,49,49,92,92,107,122,136,136,234,234,254,254,179,248,264,264,288,288,314,327,376,390,390,413,413,511,511,526,550,563,582,131,131,156,156,183,183,516,535,535,33,33,33],"floor_reached":50,"playtime":2034,"items_purged":["Doubt","Strike_R","Strike_R"],"score":842,"play_id":"f5eaee48-2a31-4013-936c-be31f452781d","local_time":"20190710073545","is_ascension_mode":true,"campfire_choices":[{"data":"Cleave","floor":8,"key":"SMITH"},{"data":"Bash","floor":15,"key":"SMITH"},{"data":"Juggernaut","floor":23,"key":"SMITH"},{"data":"Disarm","floor":25,"key":"SMITH"},{"floor":32,"key":"REST"},{"floor":40,"key":"REST"},{"data":"Juggernaut","floor":42,"key":"SMITH"},{"data":"Defend_R","floor":44,"key":"SMITH"},{"data":"Defend_R","floor":49,"key":"SMITH"}],"neow_cost":"CURSE","seed_source_timestamp":28366935933308,"circlet_count":0,"master_deck":["AscendersBane","Strike_R+1","Strike_R","Defend_R+1","Defend_R+1","Defend_R","Bash+1","Disarm+1","Inflame+1","Pummel+1","Sever Soul","Cleave+1","Battle Trance+1","Shrug It Off+1","Spot Weakness+1","Armaments+1","Juggernaut+1","Barricade","Shockwave+1","Perfected Strike+1","Flame Barrier+1","Decay","Entrench+1","Juggernaut+1","Shrug It Off+1","Uppercut+1","Headbutt+1","Clothesline+1","Sword Boomerang+1","Flame Barrier+1","Body Slam+1"],"relics":["Black Blood","Orichalcum","Ancient Tea Set","Toxic Egg 2","Oddly Smooth Stone","Mercury Hourglass","Snecko Eye","Enchiridion","Molten Egg 2","Anchor","Whetstone","Frozen Eye","PreservedInsect","HandDrill","Pen Nib"],"potions_floor_usage":[16,33,50],"damage_taken":[{"damage":4,"enemies":"Small Slimes","floor":1,"turns":4},{"damage":19,"enemies":"Gremlin Nob","floor":6,"turns":4},{"damage":3,"enemies":"Jaw Worm","floor":7,"turns":3},{"damage":22,"enemies":"3 Sentries","floor":10,"turns":6},{"damage":0,"enemies":"2 Louse","floor":12,"turns":2},{"damage":2,"enemies":"Blue Slaver","floor":13,"turns":2},{"damage":0,"enemies":"3 Louse","floor":14,"turns":1},{"damage":1,"enemies":"Slime Boss","floor":16,"turns":9},{"damage":23,"enemies":"Shell Parasite","floor":18,"turns":4},{"damage":0,"enemies":"Chosen","floor":22,"turns":3},{"damage":0,"enemies":"Centurion and Healer","floor":24,"turns":4},{"damage":9,"enemies":"Snake Plant","floor":27,"turns":3},{"damage":2,"enemies":"Cultist and Chosen","floor":29,"turns":4},{"damage":4,"enemies":"Shelled Parasite and Fungi","floor":31,"turns":3},{"damage":3,"enemies":"Champ","floor":33,"turns":18},{"damage":2,"enemies":"Orb Walker","floor":35,"turns":4},{"damage":2,"enemies":"3 Darklings","floor":36,"turns":3},{"damage":59,"enemies":"Sphere and 2 Shapes","floor":37,"turns":5},{"damage":0,"enemies":"Maw","floor":38,"turns":9},{"damage":10,"enemies":"3 Darklings","floor":41,"turns":4},{"damage":4,"enemies":"Jaw Worm Horde","floor":46,"turns":3},{"damage":71,"enemies":"Donu and Deca","floor":50,"turns":7}],"seed_played":"-7921960548682867492","potions_obtained":[{"floor":6,"key":"LiquidBronze"},{"floor":7,"key":"GamblersBrew"},{"floor":13,"key":"SkillPotion"},{"floor":18,"key":"Weak Potion"},{"floor":46,"key":"SkillPotion"}],"is_trial":false,"path_per_floor":["M","?","$","?","?","E","M","R","T","E","T","M","M","M","R","B",null,"M","?","?","T","M","R","M","R","T","M","T","M","?","M","R","B",null,"M","M","M","M","$","R","M","R","T","R","?","M","?","$","R","B"],"character_chosen":"IRONCLAD","items_purchased":["Orichalcum","Inflame","Pummel","Frozen Eye","Clothesline+1","Sword Boomerang+1","FearPotion","HandDrill","Pen Nib"],"campfire_rested":2,"item_purchase_floors":[3,3,3,39,39,39,39,48,48],"current_hp_per_floor":[70,75,75,75,47,34,37,37,37,21,21,27,31,37,37,42,71,54,33,33,33,39,39,45,45,45,42,42,46,46,48,72,75,79,80,80,31,41,41,65,65,65,65,65,65,71,71,71,71,0],"gold":33,"neow_bonus":"TWO_FIFTY_GOLD","is_prod":false,"is_daily":false,"chose_seed":false,"campfire_upgraded":7,"win_rate":0,"timestamp":1562762145,"path_taken":["M","?","$","?","?","E","M","R","T","E","?","M","M","?","R","BOSS","M","?","?","?","M","R","M","R","T","M","?","?","?","M","R","BOSS","M","M","M","M","$","R","M","R","T","R","?","M","?","$","R","BOSS"],"build_version":"2019-07-05","purchased_purges":3,"victory":false,"max_hp_per_floor":[75,80,80,80,80,80,80,80,80,80,80,80,80,80,80,80,80,80,80,80,80,80,80,80,80,80,80,80,80,80,80,80,80,80,80,80,80,80,80,80,80,80,80,80,80,80,80,80,80,80],"card_choices":[{"not_picked":["Seeing Red","Second Wind"],"picked":"Disarm","floor":1},{"not_picked":["Bloodletting","Reckless Charge"],"picked":"Sever Soul","floor":6},{"not_picked":["Infernal Blade","Clash"],"picked":"Cleave","floor":7},{"not_picked":["Shockwave+1","Thunderclap"],"picked":"Battle Trance+1","floor":10},{"not_picked":["Heavy Blade","Havoc+1"],"picked":"Shrug It Off+1","floor":12},{"not_picked":["Feel No Pain","Infernal Blade+1"],"picked":"Spot Weakness+1","floor":13},{"not_picked":["Sever Soul","Corruption"],"picked":"Armaments+1","floor":14},{"not_picked":["Brutality","Barricade"],"picked":"Juggernaut","floor":16},{"not_picked":["Iron Wave","Wild Strike+1","Twin Strike"],"picked":"SKIP","floor":18},{"not_picked":["Clash+1","Twin Strike+1"],"picked":"Barricade","floor":22},{"not_picked":["Rupture","Battle Trance+1"],"picked":"Shockwave+1","floor":24},{"not_picked":["Body Slam+1","Twin Strike+1"],"picked":"Perfected Strike+1","floor":27},{"not_picked":["Clash+1","Body Slam+1"],"picked":"Flame Barrier+1","floor":29},{"not_picked":["Brutality","Warcry+1"],"picked":"Entrench+1","floor":31},{"not_picked":["Dark Embrace","Immolate+1"],"picked":"Juggernaut","floor":33},{"not_picked":["Warcry+1","Searing Blow+1","Second Wind+1"],"picked":"SKIP","floor":35},{"not_picked":["Wild Strike+1","Sword Boomerang+1"],"picked":"Shrug It Off+1","floor":36},{"not_picked":["Rupture+1","Burning Pact+1"],"picked":"Uppercut+1","floor":37},{"not_picked":["True Grit+1","Flex+1"],"picked":"Headbutt+1","floor":38},{"not_picked":["Blood for Blood+1","Burning Pact+1"],"picked":"Flame Barrier+1","floor":41},{"not_picked":["Twin Strike+1","Clothesline+1"],"picked":"Body Slam+1","floor":46}],"player_experience":360390,"relics_obtained":[{"floor":6,"key":"Ancient Tea Set"},{"floor":9,"key":"Toxic Egg 2"},{"floor":10,"key":"Oddly Smooth Stone"},{"floor":11,"key":"Mercury Hourglass"},{"floor":19,"key":"Enchiridion"},{"floor":21,"key":"Molten Egg 2"},{"floor":26,"key":"Anchor"},{"floor":28,"key":"Whetstone"},{"floor":43,"key":"PreservedInsect"}],"event_choices":[{"damage_healed":0,"gold_gain":0,"player_choice":"Donut","damage_taken":0,"max_hp_gain":5,"max_hp_loss":0,"event_name":"Big Fish","floor":2,"gold_loss":0},{"damage_healed":0,"gold_gain":0,"player_choice":"Grow","damage_taken":0,"max_hp_gain":0,"max_hp_loss":0,"event_name":"Living Wall","floor":4,"gold_loss":0,"cards_upgraded":["Inflame"]},{"damage_healed":0,"gold_gain":0,"player_choice":"Take Damage","damage_taken":28,"relics_obtained":["Golden Idol"],"max_hp_gain":0,"max_hp_loss":0,"event_name":"Golden Idol","floor":5,"gold_loss":0},{"damage_healed":0,"gold_gain":0,"player_choice":"Obtained Book","damage_taken":21,"max_hp_gain":0,"max_hp_loss":0,"event_name":"Cursed Tome","floor":19,"gold_loss":0},{"cards_removed":["Strike_R"],"damage_healed":0,"gold_gain":0,"player_choice":"Gave Gold","damage_taken":0,"max_hp_gain":0,"max_hp_loss":0,"event_name":"Beggar","floor":20,"gold_loss":75},{"damage_healed":0,"gold_gain":0,"player_choice":"Cursed","damage_taken":0,"max_hp_gain":0,"max_hp_loss":0,"event_name":"Wheel of Change","floor":30,"gold_loss":0,"cards_obtained":["Decay"]},{"damage_healed":0,"gold_gain":333,"player_choice":"Gave Idol","damage_taken":0,"max_hp_gain":0,"max_hp_loss":0,"event_name":"The Moai Head","floor":45,"relics_lost":["Golden Idol"],"gold_loss":0},{"cards_removed":["Defend_R"],"damage_healed":0,"gold_gain":0,"player_choice":"Removed Skill","damage_taken":0,"max_hp_gain":0,"max_hp_loss":0,"event_name":"Falling","floor":47,"gold_loss":0}],"is_beta":false,"boss_relics":[{"not_picked":["White Beast Statue","Lizard Tail"],"picked":"Snecko Eye"},{"not_picked":["Runic Cube","Runic Dome"],"picked":"Black Blood"}],"items_purged_floors":[3,39,48],"is_endless":false,"potions_floor_spawned":[6,7,13,14,18,27,46],"killed_by":"Donu and Deca","ascension_level":16}