{"gold_per_floor":[209,137,137,312,324,324,359,359,359,374,374,384,27,58,58,159,159,179,196,211,126,126,126,146,25,25,44,44,44,44,74,74,74],"floor_reached":33,"playtime":1441,"items_purged":["Doubt"],"score":341,"play_id":"e6158882-681d-4e20-8e03-488f51bccbe6","local_time":"20190527123056","is_ascension_mode":true,"campfire_choices":[{"data":"Sucker Punch","floor":6,"key":"SMITH"},{"floor":15,"key":"REST"},{"floor":23,"key":"REST"},{"floor":29,"key":"REST"},{"floor":32,"key":"REST"}],"neow_cost":"NONE","seed_source_timestamp":1086865049883923,"circlet_count":0,"master_deck":["Defend_G","Defend_G","Defend_G","Defend_G","Defend_G","Strike_G","Survivor","Neutralize+1","Sucker Punch+1","Dagger Throw","Malaise","Footwork","Cloak And Dagger","A Thousand Cuts","Acrobatics","Quick Slash","Cloak And Dagger","Malaise","A Thousand Cuts","Caltrops","Dodge and Roll","Reflex","Burst"],"relics":["Ring of the Snake","Pen Nib","Mummified Hand","Mercury Hourglass","Blue Candle","HoveringKite","Ornamental Fan","Juzu Bracelet","Nunchaku"],"potions_floor_usage":[12,14,19,31,33,33],"damage_taken":[{"damage":4,"enemies":"Jaw Worm","floor":1,"turns":5},{"damage":0,"enemies":"Small Slimes","floor":5,"turns":5},{"damage":59,"enemies":"Gremlin Nob","floor":7,"turns":7},{"damage":7,"enemies":"2 Louse","floor":10,"turns":3},{"damage":0,"enemies":"Gremlin Gang","floor":12,"turns":1},{"damage":14,"enemies":"Lagavulin","floor":14,"turns":6},{"damage":4,"enemies":"The Guardian","floor":16,"turns":15},{"damage":16,"enemies":"Spheric Guardian","floor":18,"turns":5},{"damage":6,"enemies":"Shell Parasite","floor":19,"turns":10},{"damage":28,"enemies":"Snecko","floor":20,"turns":7},{"damage":13,"enemies":"Snake Plant","floor":24,"turns":6},{"damage":1,"enemies":"Chosen and Byrds","floor":27,"turns":6},{"damage":16,"enemies":"Gremlin Leader","floor":31,"turns":8},{"damage":65,"enemies":"Collector","floor":33,"turns":13}],"seed_played":"-3889144573089159617","potions_obtained":[{"floor":7,"key":"AttackPotion"},{"floor":12,"key":"FearPotion"},{"floor":14,"key":"Weak Potion"},{"floor":16,"key":"Regen Potion"},{"floor":24,"key":"Explosive Potion"}],"is_trial":false,"path_per_floor":["M","$","?","?","M","R","E","?","T","M","?","M","$","E","R","B",null,"M","M","M","?","?","R","M","$","T","M","$","R","?","E","R","B"],"character_chosen":"THE_SILENT","items_purchased":["GhostInAJar","Footwork","Mercury Hourglass","Caltrops","Dodge and Roll"],"campfire_rested":4,"item_purchase_floors":[2,13,13,25,25],"current_hp_per_floor":[66,66,66,66,66,66,7,30,30,23,23,23,23,9,30,26,59,43,52,24,24,24,45,32,32,32,31,31,52,52,36,57,0],"gold":74,"neow_bonus":"HUNDRED_GOLD","is_prod":false,"is_daily":false,"chose_seed":false,"campfire_upgraded":1,"win_rate":0,"timestamp":1558974656,"path_taken":["M","$","?","?","M","R","E","?","T","M","?","M","$","E","R","BOSS","M","?","M","?","?","R","M","$","T","M","$","R","?","E","R","BOSS"],"build_version":"2019-01-23","purchased_purges":1,"victory":false,"max_hp_per_floor":[70,70,70,70,70,70,70,70,70,70,70,70,70,70,70,70,70,70,70,70,70,70,70,70,70,70,70,70,70,70,70,70,70],"card_choices":[{"not_picked":["Flying Knee","Underhanded Strike"],"picked":"Sucker Punch","floor":1},{"not_picked":["Reflex","All Out Attack","Prepared"],"picked":"SKIP","floor":5},{"not_picked":["Catalyst","Deflect"],"picked":"Dagger Throw","floor":7},{"not_picked":["Terror","Slice"],"picked":"Malaise","floor":10},{"not_picked":["Slice","Choke","Catalyst"],"picked":"SKIP","floor":12},{"not_picked":["Bane","Riddle With Holes"],"picked":"Cloak And Dagger","floor":14},{"not_picked":["Corpse Explosion","Bullet Time"],"picked":"A Thousand Cuts","floor":16},{"not_picked":["Bane","Dagger Throw","Masterful Stab"],"picked":"SKIP","floor":18},{"not_picked":["Crippling Poison","Escape Plan"],"picked":"Acrobatics","floor":19},{"not_picked":["Cloak And Dagger","Poisoned Stab+1"],"picked":"Quick Slash","floor":20},{"not_picked":["Poisoned Stab+1","Cloak And Dagger"],"picked":"A Thousand Cuts","floor":24},{"not_picked":["Setup","Bane","Prepared"],"picked":"SKIP","floor":27},{"not_picked":["Flechettes","Finisher"],"picked":"Burst","floor":31}],"player_experience":519334,"relics_obtained":[{"floor":7,"key":"Pen Nib"},{"floor":9,"key":"Mummified Hand"},{"floor":14,"key":"Blue Candle"},{"floor":26,"key":"Juzu Bracelet"},{"floor":31,"key":"Nunchaku"}],"event_choices":[{"damage_healed":0,"gold_gain":0,"player_choice":"Grow","damage_taken":0,"max_hp_gain":0,"max_hp_loss":0,"event_name":"Living Wall","floor":3,"gold_loss":0,"cards_upgraded":["Neutralize"]},{"damage_healed":0,"gold_gain":175,"player_choice":"AGREE","damage_taken":0,"max_hp_gain":0,"max_hp_loss":0,"event_name":"Liars Game","floor":4,"gold_loss":0,"cards_obtained":["Doubt"]},{"damage_healed":23,"gold_gain":0,"player_choice":"Banana","damage_taken":0,"max_hp_gain":0,"max_hp_loss":0,"event_name":"Big Fish","floor":8,"gold_loss":0},{"cards_removed":["Strike_G"],"damage_healed":0,"gold_gain":0,"player_choice":"Offered Basic","damage_taken":0,"max_hp_gain":0,"max_hp_loss":0,"event_name":"Bonfire Elementals","floor":11,"gold_loss":0},{"damage_healed":0,"gold_gain":0,"player_choice":"Obtained Relic","damage_taken":0,"relics_obtained":["Ornamental Fan"],"max_hp_gain":0,"max_hp_loss":0,"event_name":"Addict","floor":21,"gold_loss":85},{"damage_healed":0,"gold_gain":0,"cards_transformed":["Strike_G","Strike_G"],"player_choice":"Became Test Subject","damage_taken":0,"max_hp_gain":0,"max_hp_loss":0,"event_name":"Drug Dealer","floor":22,"gold_loss":0,"cards_obtained":["Cloak And Dagger","Malaise"]},{"damage_healed":0,"gold_gain":0,"cards_transformed":["Strike_G"],"player_choice":"Transformed","damage_taken":0,"max_hp_gain":0,"max_hp_loss":0,"event_name":"Transmorgrifier","floor":30,"gold_loss":0,"cards_obtained":["Reflex"]}],"is_beta":false,"boss_relics":[{"not_picked":["White Beast Statue","Astrolabe"],"picked":"HoveringKite"}],"items_purged_floors":[13],"is_endless":false,"potions_floor_spawned":[7,12,14,16,24,27],"killed_by":"Collector","ascension_level":5}