{"gold_per_floor":[118,137,150,48,48,83,83,118,148,165,165],"floor_reached":11,"playtime":657,"items_purged":[],"score":83,"play_id":"5ac93b2a-208a-4c11-b451-ff4b9d085828","local_time":"20181214135855","is_ascension_mode":false,"campfire_choices":[{"floor":7,"key":"REST"}],"neow_cost":"TEN_PERCENT_HP_LOSS","seed_source_timestamp":1795219791158656,"circlet_count":0,"master_deck":["Strike_R","Strike_R","Strike_R","Strike_R","Strike_R","Defend_R","Defend_R","Defend_R","Defend_R","Bash+1","Juggernaut","Shrug It Off","Armaments","Anger","Shockwave","Shrug It Off","Sword Boomerang+1","True Grit"],"relics":["Burning Blood","Whetstone","Blue Candle","Tiny Chest"],"potions_floor_usage":[6,6],"damage_taken":[{"damage":6,"enemies":"Cultist","floor":1,"turns":5},{"damage":8,"enemies":"Small Slimes","floor":2,"turns":4},{"damage":0,"enemies":"Jaw Worm","floor":3,"turns":6},{"damage":43,"enemies":"3 Sentries","floor":6,"turns":8},{"damage":24,"enemies":"Gremlin Nob","floor":8,"turns":4},{"damage":16,"enemies":"Lots of Slimes","floor":10,"turns":5},{"damage":32,"enemies":"Lagavulin","floor":11,"turns":8}],"seed_played":"-7197461462193904610","potions_obtained":[{"floor":1,"key":"AttackPotion"},{"floor":3,"key":"Swift Potion"}],"is_trial":false,"path_per_floor":["M","M","M","$","?","E","R","E","T","M","E"],"character_chosen":"IRONCLAD","items_purchased":["Shockwave","Shrug It Off"],"campfire_rested":1,"item_purchase_floors":[4,4],"current_hp_per_floor":[72,70,72,72,72,35,56,38,38,28,0],"gold":165,"neow_bonus":"THREE_RARE_CARDS","is_prod":false,"is_daily":false,"chose_seed":false,"campfire_upgraded":0,"win_rate":0,"timestamp":1544774335,"path_taken":["M","M","M","$","?","E","R","E","T","?","E"],"build_version":"2018-12-13","purchased_purges":0,"victory":false,"max_hp_per_floor":[72,72,72,72,72,72,72,72,72,72,72],"card_choices":[{"not_picked":["Reaper","Bludgeon"],"picked":"Juggernaut","floor":0},{"not_picked":["Searing Blow","Evolve"],"picked":"Shrug It Off","floor":1},{"not_picked":["Body Slam","Headbutt"],"picked":"Armaments","floor":2},{"not_picked":["Headbutt","Warcry"],"picked":"Anger","floor":3},{"not_picked":["Twin Strike","Thunderclap"],"picked":"True Grit","floor":6},{"not_picked":["Havoc","Iron Wave","Twin Strike"],"picked":"SKIP","floor":8},{"not_picked":["Havoc","Carnage","Sword Boomerang"],"picked":"SKIP","floor":10}],"player_experience":244688,"relics_obtained":[{"floor":6,"key":"Whetstone"},{"floor":8,"key":"Blue Candle"},{"floor":9,"key":"Tiny Chest"}],"event_choices":[{"damage_healed":0,"gold_gain":0,"player_choice":"1 cards matched","damage_taken":0,"max_hp_gain":0,"max_hp_loss":0,"event_name":"Match and Keep!","floor":5,"gold_loss":0,"cards_obtained":["Sword Boomerang"]}],"is_beta":false,"boss_relics":[],"items_purged_floors":[],"is_endless":false,"potions_floor_spawned":[1,3],"killed_by":"Lagavulin","ascension_level":0}