{"gold_per_floor":[111,111,127,202,40,74,92,92,92,121,14,39,39,39,39,135,135,155,155,173,186,2,2],"floor_reached":23,"playtime":1060,"items_purged":[],"score":394,"play_id":"fc31c583-92b0-4096-8e63-5cef0158e900","local_time":"20190818144203","is_ascension_mode":true,"campfire_choices":[{"floor":8.0,"key":"REST"},{"data":"Cloak And Dagger","floor":13.0,"key":"SMITH"},{"data":"Blade Dance","floor":15.0,"key":"SMITH"}],"neow_cost":"CURSE","seed_source_timestamp":130158114784600,"circlet_count":0,"master_deck":["AscendersBane","Strike_G","Strike_G","Strike_G","Strike_G","Defend_G","Defend_G","Defend_G","Defend_G","Defend_G","Survivor","Neutralize","Writhe","Endless Agony","Cloak And Dagger+1","Blade Dance+1","Accuracy","Dagger Throw","Predator","Finisher","Blade Dance","Footwork","Quick Slash","PiercingWail","Injury","Adrenaline","Crippling Poison","Regret","Unload","PiercingWail","Backflip"],"special_seed":0,"relics":["Ring of the Snake","Nunchaku","Darkstone Periapt","Boot","Matryoshka","Odd Mushroom","Golden Idol","Cursed Key","Anchor"],"potions_floor_usage":[20,21],"damage_taken":[{"damage":7.0,"enemies":"Small Slimes","floor":1.0,"turns":5.0},{"damage":0.0,"enemies":"Jaw Worm","floor":3.0,"turns":5.0},{"damage":15.0,"enemies":"3 Sentries","floor":6.0,"turns":9.0},{"damage":0.0,"enemies":"Cultist","floor":7.0,"turns":3.0},{"damage":7.0,"enemies":"Lagavulin","floor":10.0,"turns":5.0},{"damage":3.0,"enemies":"The Mushroom Lair","floor":12.0,"turns":4.0},{"damage":35.0,"enemies":"The Guardian","floor":16.0,"turns":17.0},{"damage":9.0,"enemies":"Chosen","floor":18.0,"turns":4.0},{"damage":19,"enemies":"Shell Parasite","floor":20,"turns":4},{"damage":23,"enemies":"Snake Plant","floor":21,"turns":4},{"damage":0,"enemies":"Sentry and Sphere","floor":23,"turns":2}],"seed_played":"7329801874408716503","potions_obtained":[{"floor":3.0,"key":"SteroidPotion"},{"floor":10.0,"key":"SkillPotion"},{"floor":18.0,"key":"Weak Potion"},{"floor":20,"key":"Energy Potion"},{"floor":21,"key":"LiquidBronze"}],"is_trial":false,"path_per_floor":["M","?","M","?","$","E","M","R","T","E","$","?","R","?","R","B",null,"M","?","M","M","$","M"],"character_chosen":"THE_SILENT","items_purchased":["Blade Dance","Accuracy","Dagger Throw","Footwork","Quick Slash","Backflip","Anchor"],"campfire_rested":1,"item_purchase_floors":[5,5,5,11,11,22,22],"current_hp_per_floor":[52,52,52,41,41,26,26,45,45,38,38,35,35,41,41,6,56,47,53,34,11,11,11],"gold":2,"neow_bonus":"ONE_RARE_RELIC","is_prod":false,"is_daily":false,"chose_seed":false,"campfire_upgraded":2,"win_rate":0,"timestamp":1566132123,"path_taken":["M","?","M","?","$","E","M","R","T","E","$","?","R","?","R","BOSS","M","?","?","M","$","M"],"build_version":"2019-07-17","purchased_purges":0,"victory":false,"max_hp_per_floor":[66,66,66,66,66,66,66,66,66,66,66,66,66,72,72,72,72,72,78,78,78,78,78],"card_choices":[{"not_picked":["PiercingWail","Blade Dance"],"picked":"Endless Agony","floor":1.0},{"not_picked":["Slice","Quick Slash"],"picked":"Cloak And Dagger","floor":3.0},{"not_picked":["Choke","Underhanded Strike"],"picked":"Predator","floor":6.0},{"not_picked":["PiercingWail","Wraith Form v2"],"picked":"Finisher","floor":7.0},{"not_picked":["Flying Knee","Sucker Punch"],"picked":"Blade Dance","floor":10.0},{"not_picked":["Distraction","Noxious Fumes"],"picked":"PiercingWail","floor":12.0},{"not_picked":["Grand Finale","Night Terror"],"picked":"Adrenaline","floor":16.0},{"not_picked":["Acrobatics+1","Flying Knee"],"picked":"Crippling Poison","floor":18.0},{"not_picked":["Underhanded Strike+1","Dodge and Roll"],"picked":"PiercingWail","floor":20},{"not_picked":["Dagger Throw+1","Bane","Sucker Punch"],"picked":"SKIP","floor":21}],"player_experience":1121081,"relics_obtained":[{"floor":6.0,"key":"Darkstone Periapt"},{"floor":9.0,"key":"Boot"},{"floor":10.0,"key":"Matryoshka"},{"floor":12.0,"key":"Odd Mushroom"}],"event_choices":[{"cards_removed":["Strike_G"],"damage_healed":0.0,"max_hp_gain":0.0,"max_hp_loss":0.0,"gold_gain":0.0,"event_name":"Living Wall","player_choice":"Forget","floor":2.0,"gold_loss":0.0,"damage_taken":0.0},{"damage_healed":0.0,"max_hp_gain":0.0,"max_hp_loss":0.0,"gold_gain":75.0,"event_name":"World of Goop","player_choice":"Gather Gold","floor":4.0,"gold_loss":0.0,"damage_taken":11.0},{"damage_healed":0.0,"max_hp_gain":0.0,"max_hp_loss":0.0,"gold_gain":0.0,"event_name":"Mushrooms","player_choice":"Fought Mushrooms","floor":12.0,"gold_loss":0.0,"damage_taken":0.0},{"damage_healed":0.0,"max_hp_gain":0.0,"max_hp_loss":0.0,"gold_gain":0.0,"event_name":"Golden Idol","player_choice":"Take Wound","floor":14.0,"gold_loss":0.0,"damage_taken":0.0,"relics_obtained":["Golden Idol"],"cards_obtained":["Injury"]},{"damage_healed":0.0,"max_hp_gain":0.0,"max_hp_loss":0.0,"gold_gain":0.0,"event_name":"Match and Keep!","player_choice":"2 cards matched","floor":19.0,"gold_loss":0.0,"damage_taken":0.0,"cards_obtained":["Regret","Unload"]}],"is_beta":false,"boss_relics":[{"not_picked":["Runic Dome","Philosopher\u0027s Stone"],"picked":"Cursed Key"}],"items_purged_floors":[],"is_endless":false,"potions_floor_spawned":[3,10,18,20,21],"killed_by":"Sentry and Sphere","ascension_level":20}