{"gold_per_floor":[112,112,37,53,70,105,105,132,132,149,149,149,177,189,189,261,261,279,279,101,114,39,72,72,72],"floor_reached":25,"playtime":654,"items_purged":["Pain","Strike_B"],"score":410,"play_id":"957e74b5-63f2-4cd7-8a2e-8172bf4bb1c1","local_time":"20190718235308","is_ascension_mode":true,"campfire_choices":[{"floor":7,"key":"REST"},{"data":"Barrage","floor":12,"key":"SMITH"},{"floor":15,"key":"REST"},{"floor":24,"key":"REST"}],"neow_cost":"NONE","seed_source_timestamp":520747289673198,"circlet_count":0,"master_deck":["AscendersBane","Strike_B","Strike_B","Defend_B","Defend_B","Defend_B","Defend_B","Zap","Dualcast","Ball Lightning","Barrage+1","Genetic Algorithm","Lockon","Cold Snap","Sunder","Biased Cognition","Self Repair"],"relics":["Cracked Core","DataDisk","WarpedTongs","WingedGreaves","Letter Opener","Blue Candle","Sozu","Nloth\u0027s Gift","Du-Vu Doll"],"potions_floor_usage":[6,11,14,23],"damage_taken":[{"damage":0,"enemies":"Small Slimes","floor":1,"turns":3},{"damage":1,"enemies":"Cultist","floor":4,"turns":3},{"damage":12,"enemies":"Jaw Worm","floor":5,"turns":3},{"damage":12,"enemies":"Gremlin Nob","floor":6,"turns":3},{"damage":21,"enemies":"3 Sentries","floor":8,"turns":6},{"damage":8,"enemies":"Exordium Thugs","floor":10,"turns":4},{"damage":0,"enemies":"Gremlin Gang","floor":11,"turns":1},{"damage":20,"enemies":"Lagavulin","floor":13,"turns":5},{"damage":0,"enemies":"Blue Slaver","floor":14,"turns":2},{"damage":16,"enemies":"Hexaghost","floor":16,"turns":7},{"damage":7,"enemies":"3 Byrds","floor":18,"turns":3},{"damage":26,"enemies":"2 Thieves","floor":21,"turns":4},{"damage":24,"enemies":"Book of Stabbing","floor":23,"turns":4},{"damage":43,"enemies":"Gremlin Leader","floor":25,"turns":5}],"seed_played":"-8031512770146631300","potions_obtained":[{"floor":1,"key":"EssenceOfSteel"},{"floor":5,"key":"SmokeBomb"},{"floor":10,"key":"Poison Potion"},{"floor":16,"key":"Weak Potion"}],"is_trial":false,"path_per_floor":["M","?","$","M","M","E","R","E","T","M","M","R","E","M","R","B",null,"M","?","$","M","?","E","R","E"],"character_chosen":"DEFECT","items_purchased":["Self Repair"],"campfire_rested":3,"item_purchase_floors":[20],"current_hp_per_floor":[64,64,64,63,51,39,60,39,39,31,31,31,11,11,32,16,57,50,50,50,31,31,14,35,0],"gold":72,"neow_bonus":"RANDOM_COMMON_RELIC","is_prod":false,"is_daily":false,"chose_seed":false,"campfire_upgraded":1,"win_rate":0,"timestamp":1563508388,"path_taken":["M","?","?","M","M","E","R","E","T","M","M","R","E","M","R","BOSS","M","?","?","?","?","E","R","E"],"build_version":"2019-07-17","purchased_purges":2,"victory":false,"max_hp_per_floor":[71,71,71,71,71,71,71,71,71,71,71,71,71,71,71,71,71,71,71,71,71,71,71,71,71],"card_choices":[{"not_picked":["Conserve Battery","Steam"],"picked":"Ball Lightning","floor":1},{"not_picked":["Rebound","Go for the Eyes","Heatsinks"],"picked":"SKIP","floor":4},{"not_picked":["White Noise","Gash","Heatsinks"],"picked":"SKIP","floor":5},{"not_picked":["Turbo","White Noise"],"picked":"Barrage","floor":6},{"not_picked":["Sweeping Beam","All For One"],"picked":"Genetic Algorithm","floor":8},{"not_picked":["Stack","BootSequence"],"picked":"Lockon","floor":10},{"not_picked":["Conserve Battery","Storm"],"picked":"Cold Snap","floor":13},{"not_picked":["Chaos","Streamline"],"picked":"Sunder","floor":14},{"not_picked":["All For One","Reboot"],"picked":"Biased Cognition","floor":16},{"not_picked":["Steam","Stack","Hologram"],"picked":"SKIP","floor":18},{"not_picked":["Redo","Compile Driver","Ball Lightning"],"picked":"SKIP","floor":21},{"not_picked":["Hyperbeam","Sweeping Beam","Tempest"],"picked":"SKIP","floor":23}],"player_experience":707727,"relics_obtained":[{"floor":6,"key":"WingedGreaves"},{"floor":8,"key":"Letter Opener"},{"floor":9,"key":"Blue Candle"},{"floor":13,"key":"Mercury Hourglass"},{"floor":23,"key":"Du-Vu Doll"}],"event_choices":[{"damage_healed":0,"gold_gain":0,"player_choice":"Rummage","damage_taken":0,"relics_obtained":["WarpedTongs"],"max_hp_gain":0,"max_hp_loss":0,"event_name":"Accursed Blacksmith","floor":2,"gold_loss":0,"cards_obtained":["Pain"]},{"damage_healed":0,"gold_gain":0,"player_choice":"Traded Relic","damage_taken":0,"relics_obtained":["Nloth\u0027s Gift"],"max_hp_gain":0,"max_hp_loss":0,"event_name":"N\u0027loth","floor":19,"relics_lost":["Mercury Hourglass"],"gold_loss":0},{"cards_removed":["Strike_B"],"damage_healed":0,"gold_gain":0,"player_choice":"Gave Gold","damage_taken":0,"max_hp_gain":0,"max_hp_loss":0,"event_name":"Beggar","floor":22,"gold_loss":75}],"is_beta":false,"boss_relics":[{"not_picked":["Empty Cage","Ectoplasm"],"picked":"Sozu"}],"items_purged_floors":[3,20],"is_endless":false,"potions_floor_spawned":[1,5,10,11,16,21,23],"killed_by":"Gremlin Leader","ascension_level":14}