{"gold_per_floor":[119,119,150,337,369,381,421,433,470,244,244,275,291,291,291,391,391,401,326,34,59,71,71,102,152,232,247,247,261,261,273,273,370,370,384,394,394,413,313,313,313,313],"floor_reached":42,"playtime":1814,"items_purged":["Regret","Strike_R"],"score":564,"play_id":"00783de6-5a64-46f0-8063-14f455d99c97","local_time":"20190307010351","is_ascension_mode":true,"campfire_choices":[{"data":"Bash","floor":6,"key":"SMITH"},{"data":"Havoc","floor":11,"key":"SMITH"},{"data":"Defend_R","floor":15,"key":"SMITH"},{"floor":23,"key":"REST"},{"floor":28,"key":"REST"},{"floor":32,"key":"REST"},{"floor":40,"key":"REST"}],"neow_cost":"NONE","seed_source_timestamp":512711440902405,"circlet_count":0,"master_deck":["Strike_R","Strike_R","Strike_R","Strike_R","Defend_R","Defend_R+1","Defend_R","Defend_R+1","Bash+1","Metallicize","Havoc","Demon Form","Havoc+1","Havoc+1","Dark Shackles","Heavy Blade","Headbutt","Offering","Inflame","Shrug It Off+1","Disarm+1","Searing Blow","Cleave","Metallicize","Armaments+1","Shockwave+1","Brutality","Shrug It Off+1","Heavy Blade","Ghostly Armor+1"],"relics":["Burning Blood","Boot","MawBank","Pen Nib","War Paint","Pocketwatch","Fusion Hammer","Toxic Egg 2","Red Mask","Darkstone Periapt","Self Forming Clay","Velvet Choker","Anchor"],"potions_floor_usage":[21,24,24,27,30,42],"damage_taken":[{"damage":1,"enemies":"Cultist","floor":1,"turns":3},{"damage":3,"enemies":"2 Louse","floor":3,"turns":3},{"damage":8,"enemies":"Jaw Worm","floor":5,"turns":5},{"damage":29,"enemies":"Lagavulin","floor":7,"turns":6},{"damage":33,"enemies":"3 Sentries","floor":12,"turns":9},{"damage":6,"enemies":"Large Slime","floor":13,"turns":6},{"damage":5,"enemies":"Hexaghost","floor":16,"turns":7},{"damage":25,"enemies":"2 Thieves","floor":18,"turns":4},{"damage":32,"enemies":"Masked Bandits","floor":21,"turns":4},{"damage":7,"enemies":"Spheric Guardian","floor":22,"turns":4},{"damage":28,"enemies":"Slavers","floor":24,"turns":6},{"damage":15,"enemies":"Centurion and Healer","floor":27,"turns":5},{"damage":16,"enemies":"Snake Plant","floor":29,"turns":3},{"damage":0,"enemies":"Gremlin Leader","floor":30,"turns":2},{"damage":11,"enemies":"Shelled Parasite and Fungi","floor":31,"turns":6},{"damage":25,"enemies":"Champ","floor":33,"turns":10},{"damage":18,"enemies":"3 Shapes","floor":35,"turns":3},{"damage":18,"enemies":"3 Darklings","floor":36,"turns":5},{"damage":20,"enemies":"Maw","floor":38,"turns":6},{"damage":50,"enemies":"Reptomancer","floor":42,"turns":6}],"seed_played":"-3809872974095456053","potions_obtained":[{"floor":1,"key":"BloodPotion"},{"floor":16,"key":"SmokeBomb"},{"floor":21,"key":"AttackPotion"},{"floor":24,"key":"Poison Potion"},{"floor":31,"key":"SpeedPotion"},{"floor":33,"key":"Poison Potion"},{"floor":36,"key":"AttackPotion"}],"is_trial":false,"path_per_floor":["M","?","M","?","M","R","E","?","T","$","R","E","M","?","R","B",null,"M","?","$","?","M","R","E","?","T","M","R","M","E","M","R","B",null,"M","M","?","M","$","R","?","E"],"character_chosen":"IRONCLAD","items_purchased":["PowerPotion","Havoc","Dark Shackles","Toxic Egg 2","Shrug It Off+1"],"campfire_rested":4,"item_purchase_floors":[10,10,10,20,20],"current_hp_per_floor":[80,80,80,80,78,78,55,75,75,75,75,48,48,48,48,49,80,61,61,61,42,41,64,42,42,42,33,56,46,52,47,70,51,77,65,53,53,39,39,62,62,12],"gold":313,"neow_bonus":"RANDOM_COMMON_RELIC","is_prod":false,"is_daily":false,"chose_seed":false,"campfire_upgraded":3,"win_rate":0,"timestamp":1551938631,"path_taken":["M","?","M","?","M","R","E","?","T","?","R","E","M","?","R","BOSS","M","?","$","?","M","R","E","?","T","M","R","?","E","M","R","BOSS","M","M","?","?","$","R","?","E"],"build_version":"2019-01-23","purchased_purges":2,"victory":false,"max_hp_per_floor":[80,80,80,80,80,80,80,80,80,80,80,80,80,80,80,80,80,80,77,77,77,77,77,77,77,77,77,77,77,77,77,77,77,77,77,77,77,77,77,77,77,77],"card_choices":[{"not_picked":["Clash","True Grit"],"picked":"Metallicize","floor":1},{"not_picked":["Wild Strike","Dual Wield"],"picked":"Havoc","floor":3},{"not_picked":["Body Slam","Perfected Strike"],"picked":"Demon Form","floor":5},{"not_picked":["Sword Boomerang","Clash"],"picked":"Havoc","floor":7},{"not_picked":["Fire Breathing","Clothesline"],"picked":"Heavy Blade","floor":12},{"not_picked":["Seeing Red","Perfected Strike"],"picked":"Headbutt","floor":13},{"not_picked":["Feed","Berserk"],"picked":"Offering","floor":16},{"not_picked":["Flex","Headbutt+1"],"picked":"Inflame","floor":18},{"not_picked":["Shockwave+1","Whirlwind"],"picked":"Disarm+1","floor":21},{"not_picked":["Clash+1","Twin Strike"],"picked":"Searing Blow","floor":22},{"not_picked":["Clash","Perfected Strike"],"picked":"Cleave","floor":24},{"not_picked":["Evolve","Infernal Blade+1"],"picked":"Metallicize","floor":27},{"not_picked":["Thunderclap","Twin Strike"],"picked":"Armaments+1","floor":29},{"not_picked":["Clothesline","Hemokinesis"],"picked":"Shockwave+1","floor":31},{"not_picked":["Dark Embrace","Barricade"],"picked":"Brutality","floor":33},{"not_picked":["Twin Strike+1","Clash+1"],"picked":"Shrug It Off+1","floor":35},{"not_picked":["Flex+1","Pummel"],"picked":"Heavy Blade","floor":36},{"not_picked":["Wild Strike","Pommel Strike+1"],"picked":"Ghostly Armor+1","floor":38}],"player_experience":303739,"relics_obtained":[{"floor":7,"key":"Pen Nib"},{"floor":9,"key":"War Paint"},{"floor":12,"key":"Pocketwatch"},{"floor":21,"key":"Red Mask"},{"floor":24,"key":"Darkstone Periapt"},{"floor":26,"key":"Self Forming Clay"}],"event_choices":[{"damage_healed":0,"gold_gain":0,"player_choice":"Box","damage_taken":0,"relics_obtained":["MawBank"],"max_hp_gain":0,"max_hp_loss":0,"event_name":"Big Fish","floor":2,"gold_loss":0,"cards_obtained":["Regret"]},{"damage_healed":0,"gold_gain":175,"player_choice":"AGREE","damage_taken":0,"max_hp_gain":0,"max_hp_loss":0,"event_name":"Liars Game","floor":4,"gold_loss":0,"cards_obtained":["Doubt"]},{"damage_healed":20,"gold_gain":0,"player_choice":"Healed and dodged fight","damage_taken":0,"max_hp_gain":0,"max_hp_loss":0,"event_name":"Mushrooms","floor":8,"gold_loss":0,"cards_obtained":["Parasite"]},{"cards_removed":["Doubt"],"damage_healed":0,"gold_gain":0,"player_choice":"Forget","damage_taken":0,"max_hp_gain":0,"max_hp_loss":0,"event_name":"Living Wall","floor":14,"gold_loss":0},{"cards_removed":["Parasite"],"damage_healed":0,"gold_gain":0,"player_choice":"Gave Gold","damage_taken":0,"max_hp_gain":0,"max_hp_loss":0,"event_name":"Beggar","floor":19,"gold_loss":75},{"damage_healed":0,"gold_gain":0,"player_choice":"Fought Bandits","damage_taken":0,"max_hp_gain":0,"max_hp_loss":0,"event_name":"Masked Bandits","floor":21,"gold_loss":0},{"damage_healed":0,"gold_gain":100,"player_choice":"Bet on Murderer","damage_taken":0,"max_hp_gain":0,"max_hp_loss":0,"event_name":"The Joust","floor":25,"gold_loss":50},{"damage_healed":0,"gold_gain":0,"player_choice":"Gave Potion","damage_taken":0,"relics_obtained":["Anchor"],"max_hp_gain":0,"max_hp_loss":0,"event_name":"WeMeetAgain","floor":37,"gold_loss":0},{"damage_healed":0,"gold_gain":0,"player_choice":"Ignored","damage_taken":0,"max_hp_gain":0,"max_hp_loss":0,"event_name":"SecretPortal","floor":41,"gold_loss":0}],"is_beta":false,"boss_relics":[{"not_picked":["Lizard Tail","Black Blood"],"picked":"Fusion Hammer"},{"not_picked":["Black Star","Runic Dome"],"picked":"Velvet Choker"}],"items_purged_floors":[10,39],"is_endless":false,"potions_floor_spawned":[1,16,21,24,31,33,36],"killed_by":"Reptomancer","ascension_level":3}