{"gold_per_floor":[115,131,131,10,10,10,48,48,48,72,108,108,108,108,108,233,233,254,269,160,285,285],"floor_reached":22,"playtime":2756,"items_purged":["Injury"],"score":266,"play_id":"289703c6-5360-485c-93a6-1bd026cbcc5d","local_time":"20190601180324","is_ascension_mode":true,"campfire_choices":[{"data":"Leg Sweep","floor":6,"key":"SMITH"},{"floor":8,"key":"REST"},{"floor":12,"key":"REST"},{"data":"Neutralize","floor":15,"key":"SMITH"}],"neow_cost":"NONE","seed_source_timestamp":1537500370384783,"circlet_count":0,"master_deck":["Defend_G","Defend_G","Defend_G","Defend_G","Defend_G","Strike_G","Survivor","Neutralize+1","Venomology","Flying Knee","Leg Sweep+1","Well Laid Plans","PiercingWail","Deadly Poison","Calculated Gamble","Blade Dance","Leg Sweep","Corpse Explosion","Predator+1","Grand Finale+1","Catalyst+1","PiercingWail","Dodge and Roll","Caltrops","PiercingWail+1"],"relics":["Ring of the Snake","Golden Idol","Mummified Hand","Darkstone Periapt","Boot","Potion Belt","Astrolabe","Nunchaku","Ornamental Fan"],"potions_floor_usage":[7,10,11,11,16,19,21,21],"damage_taken":[{"damage":2,"enemies":"2 Louse","floor":1,"turns":4},{"damage":10,"enemies":"Small Slimes","floor":2,"turns":4},{"damage":45,"enemies":"Gremlin Nob","floor":7,"turns":6},{"damage":0,"enemies":"Cultist","floor":10,"turns":4},{"damage":24,"enemies":"3 Sentries","floor":11,"turns":11},{"damage":50,"enemies":"The Guardian","floor":16,"turns":22},{"damage":0,"enemies":"Chosen","floor":18,"turns":4},{"damage":16,"enemies":"2 Thieves","floor":19,"turns":4},{"damage":18,"enemies":"Colosseum Slavers","floor":21,"turns":3},{"damage":9,"enemies":"Colosseum Nobs","floor":21,"turns":4},{"damage":26,"enemies":"Chosen and Byrds","floor":22,"turns":4}],"seed_played":"-6822425622785341182","potions_obtained":[{"floor":7,"key":"FearPotion"},{"floor":11,"key":"EssenceOfSteel"},{"floor":21,"key":"Energy Potion"}],"is_trial":false,"path_per_floor":["M","M","?","$","?","R","E","R","T","M","E","R","?","?","R","B",null,"M","M","$","?","M"],"character_chosen":"THE_SILENT","items_purchased":["Well Laid Plans","PiercingWail","Caltrops"],"campfire_rested":2,"item_purchase_floors":[4,4,20],"current_hp_per_floor":[61,51,51,51,56,56,11,33,33,33,24,46,34,34,34,7,58,58,42,42,15,0],"gold":285,"neow_bonus":"ONE_RANDOM_RARE_CARD","is_prod":false,"is_daily":false,"chose_seed":false,"campfire_upgraded":2,"win_rate":0,"timestamp":1559426604,"path_taken":["M","M","?","$","?","R","E","R","T","M","E","R","?","?","R","BOSS","M","?","$","?","M"],"build_version":"2019-01-23","purchased_purges":1,"victory":false,"max_hp_per_floor":[70,70,70,70,75,75,75,75,75,75,75,75,75,75,75,75,75,75,75,75,75,75],"card_choices":[{"not_picked":["Dagger Spray","Outmaneuver"],"picked":"Flying Knee","floor":1},{"not_picked":["Slice","Bane"],"picked":"Leg Sweep","floor":2},{"not_picked":["PiercingWail","Prepared"],"picked":"Deadly Poison","floor":7},{"not_picked":["Flying Knee","Dash"],"picked":"Calculated Gamble","floor":10},{"not_picked":["Outmaneuver","Accuracy"],"picked":"Blade Dance","floor":11},{"not_picked":["Tools of the Trade","Unload"],"picked":"Corpse Explosion","floor":16},{"not_picked":["Cloak And Dagger+1","Acrobatics"],"picked":"PiercingWail","floor":18},{"not_picked":["Backflip","Calculated Gamble+1"],"picked":"Dodge and Roll","floor":19},{"not_picked":["Concentrate","Prepared"],"picked":"PiercingWail+1","floor":21}],"player_experience":554765,"relics_obtained":[{"floor":7,"key":"Mummified Hand"},{"floor":9,"key":"Darkstone Periapt"},{"floor":11,"key":"Boot"},{"floor":21,"key":"Nunchaku"},{"floor":21,"key":"Ornamental Fan"}],"event_choices":[{"damage_healed":0,"gold_gain":0,"player_choice":"Take Wound","damage_taken":0,"relics_obtained":["Golden Idol"],"max_hp_gain":0,"max_hp_loss":0,"event_name":"Golden Idol","floor":3,"gold_loss":0,"cards_obtained":["Injury"]},{"damage_healed":0,"gold_gain":0,"player_choice":"Donut","damage_taken":0,"max_hp_gain":5,"max_hp_loss":0,"event_name":"Big Fish","floor":5,"gold_loss":0},{"damage_healed":0,"gold_gain":0,"player_choice":"Success","damage_taken":12,"relics_obtained":["Potion Belt"],"max_hp_gain":0,"max_hp_loss":0,"event_name":"Scrap Ooze","floor":13,"gold_loss":0},{"damage_healed":0,"gold_gain":0,"cards_transformed":["Strike_G"],"player_choice":"Transformed","damage_taken":0,"max_hp_gain":0,"max_hp_loss":0,"event_name":"Transmorgrifier","floor":14,"gold_loss":0,"cards_obtained":["Leg Sweep"]},{"damage_healed":0,"gold_gain":0,"player_choice":"Fight","damage_taken":0,"max_hp_gain":0,"max_hp_loss":0,"event_name":"Colosseum","floor":21,"gold_loss":0},{"damage_healed":0,"gold_gain":0,"player_choice":"Fought Nobs","damage_taken":0,"max_hp_gain":0,"max_hp_loss":0,"event_name":"Colosseum","floor":21,"gold_loss":0}],"is_beta":false,"boss_relics":[{"not_picked":["Runic Dome","Sozu"],"picked":"Astrolabe"}],"items_purged_floors":[20],"is_endless":false,"potions_floor_spawned":[7,11,21,21],"killed_by":"Chosen and Byrds","ascension_level":8}