{"gold_per_floor":[118,118,293,312,330,330,373,396,396,410,410,423,7,26,26,26],"floor_reached":16,"playtime":693,"items_purged":["Doubt"],"score":109,"play_id":"2920ae66-831e-4da5-9b1a-0008e9bba5c4","local_time":"20190724131229","is_ascension_mode":true,"campfire_choices":[{"data":"Zap","floor":6,"key":"SMITH"},{"data":"Dualcast","floor":11,"key":"SMITH"},{"data":"Scrape","floor":15,"key":"SMITH"}],"neow_cost":"NONE","seed_source_timestamp":9860269461327204,"circlet_count":0,"master_deck":["Strike_B","Strike_B","Strike_B","Strike_B","Defend_B","Defend_B","Defend_B","Defend_B","Zap+1","Dualcast+1","Go for the Eyes","Scrape+1","Purity","PiercingWail"],"relics":["Cracked Core","NeowsBlessing","Golden Idol","The Courier","Mercury Hourglass","PrismaticShard","Anchor"],"potions_floor_usage":[16],"damage_taken":[{"damage":0,"enemies":"Jaw Worm","floor":1,"turns":1},{"damage":0,"enemies":"2 Louse","floor":4,"turns":1},{"damage":0,"enemies":"Cultist","floor":5,"turns":1},{"damage":24,"enemies":"3 Sentries","floor":7,"turns":8},{"damage":4,"enemies":"3 Louse","floor":8,"turns":4},{"damage":8,"enemies":"Large Slime","floor":10,"turns":5},{"damage":5,"enemies":"Looter","floor":12,"turns":3},{"damage":0,"enemies":"3 Louse","floor":14,"turns":2},{"damage":30,"enemies":"The Guardian","floor":16,"turns":7}],"seed_played":"6572064838730224382","potions_obtained":[{"floor":4,"key":"FearPotion"},{"floor":12,"key":"Swift Potion"}],"is_trial":false,"path_per_floor":["M","?","?","M","M","R","E","M","T","M","R","M","$","M","R","B"],"character_chosen":"DEFECT","items_purchased":["Purity","PrismaticShard","Anchor"],"campfire_rested":0,"item_purchase_floors":[13,13,13],"current_hp_per_floor":[75,69,69,69,69,69,45,41,41,33,33,28,28,28,28,0],"gold":26,"neow_bonus":"THREE_ENEMY_KILL","is_prod":false,"is_daily":false,"chose_seed":false,"campfire_upgraded":3,"win_rate":0,"timestamp":1563952349,"path_taken":["M","?","?","M","?","R","E","M","T","M","R","M","?","M","R","BOSS"],"build_version":"2019-07-17","purchased_purges":1,"victory":false,"max_hp_per_floor":[75,69,69,69,69,69,69,69,69,69,69,69,69,69,69,69],"card_choices":[{"not_picked":["Ball Lightning","Static Discharge","Compile Driver"],"picked":"SKIP","floor":1},{"not_picked":["Reprogram","Leap","Rebound"],"picked":"SKIP","floor":4},{"not_picked":["Lockon","Cold Snap","Steam"],"picked":"SKIP","floor":5},{"not_picked":["White Noise","Turbo"],"picked":"Go for the Eyes","floor":7},{"not_picked":["Glacier","Turbo","Self Repair"],"picked":"SKIP","floor":8},{"not_picked":["Turbo","Consume","Lockon"],"picked":"SKIP","floor":10},{"not_picked":["Turbo","Consume","Lockon"],"picked":"SKIP","floor":10},{"not_picked":["Steam","Cold Snap"],"picked":"Scrape","floor":12},{"not_picked":["Heatsinks","Deadly Poison"],"picked":"PiercingWail","floor":14}],"player_experience":1576587,"relics_obtained":[{"floor":7,"key":"The Courier"},{"floor":9,"key":"Mercury Hourglass"}],"event_choices":[{"damage_healed":0,"gold_gain":0,"player_choice":"Lose Max HP","damage_taken":0,"relics_obtained":["Golden Idol"],"max_hp_gain":0,"max_hp_loss":6,"event_name":"Golden Idol","floor":2,"gold_loss":0},{"damage_healed":0,"gold_gain":175,"player_choice":"AGREE","damage_taken":0,"max_hp_gain":0,"max_hp_loss":0,"event_name":"Liars Game","floor":3,"gold_loss":0,"cards_obtained":["Doubt"]}],"is_beta":false,"boss_relics":[],"items_purged_floors":[13],"is_endless":false,"potions_floor_spawned":[4,12],"killed_by":"The Guardian","ascension_level":1}