{"gold_per_floor":[112,112,287,287,63,96,96,107,107,117,145,156,168,193,193,297,297,316,21,39,58,58,58,78,112,112,132,132],"floor_reached":28,"playtime":1032,"items_purged":["Doubt"],"score":424,"play_id":"8c7b9a4c-38fe-4120-adb9-4fab2ee2e7d8","local_time":"20190329223320","is_ascension_mode":true,"campfire_choices":[{"data":"Uppercut","floor":7,"key":"SMITH"},{"data":"Clothesline","floor":15,"key":"SMITH"},{"floor":23,"key":"RECALL"}],"neow_cost":"NONE","seed_source_timestamp":507392545414291,"circlet_count":0,"master_deck":["Strike_R","Strike_R","Strike_R","Strike_R","Defend_R","Defend_R","Defend_R","Defend_R","Bash","Clothesline+1","Twin Strike","Inflame","Uppercut+1","Spot Weakness","Thunderclap","Perfected Strike","Ghostly Armor","Whirlwind","Feed+1","Havoc","Combust","Battle Trance","Shrug It Off","Armaments","Power Through"],"relics":["Burning Blood","NeowsBlessing","Pantograph","The Courier","Pear","Self Forming Clay","Fusion Hammer","Bird Faced Urn","Boot","Vajra"],"potions_floor_usage":[13,13,14,14,25,25,27],"damage_taken":[{"damage":0,"enemies":"Cultist","floor":1,"turns":1},{"damage":0,"enemies":"Lagavulin","floor":6,"turns":1},{"damage":0,"enemies":"2 Louse","floor":8,"turns":1},{"damage":9,"enemies":"Jaw Worm","floor":10,"turns":3},{"damage":51,"enemies":"3 Sentries","floor":11,"turns":9},{"damage":14,"enemies":"Red Slaver","floor":12,"turns":4},{"damage":22,"enemies":"Large Slime","floor":13,"turns":7},{"damage":15,"enemies":"Lagavulin","floor":14,"turns":7},{"damage":40,"enemies":"Hexaghost","floor":16,"turns":10},{"damage":24,"enemies":"Shell Parasite","floor":18,"turns":5},{"damage":4,"enemies":"Chosen","floor":20,"turns":3},{"damage":3,"enemies":"Snecko","floor":21,"turns":3},{"damage":39,"enemies":"3 Cultists","floor":24,"turns":5},{"damage":23,"enemies":"Book of Stabbing","floor":25,"turns":6},{"damage":34,"enemies":"Cultist and Chosen","floor":27,"turns":7},{"damage":29,"enemies":"Slavers","floor":28,"turns":1}],"seed_played":"5151074580965623724","potions_obtained":[{"floor":6,"key":"Block Potion"},{"floor":8,"key":"PowerPotion"},{"floor":12,"key":"Poison Potion"},{"floor":13,"key":"Regen Potion"},{"floor":14,"key":"EssenceOfSteel"},{"floor":18,"key":"GamblersBrew"},{"floor":20,"key":"SkillPotion"},{"floor":27,"key":"LiquidBronze"}],"is_trial":false,"path_per_floor":["M","?","?","?","$","E","R","M","T","M","E","M","M","E","R","B",null,"M","$","M","M","?","R","M","E","T","M","E"],"character_chosen":"IRONCLAD","items_purchased":["Inflame","Uppercut","Bird Faced Urn","Combust"],"campfire_rested":0,"item_purchase_floors":[5,5,19,19],"current_hp_per_floor":[78,83,83,83,83,85,85,85,85,82,47,39,23,29,29,20,76,61,61,70,77,77,77,52,39,39,19,0],"gold":132,"neow_bonus":"THREE_ENEMY_KILL","is_prod":false,"is_daily":false,"chose_seed":false,"campfire_upgraded":2,"win_rate":0,"timestamp":1553913200,"path_taken":["M","?","?","?","$","E","R","M","T","M","E","M","M","E","R","BOSS","M","$","M","?","?","R","M","E","T","M","E"],"build_version":"2019-01-23","purchased_purges":1,"victory":false,"max_hp_per_floor":[80,85,85,85,85,85,85,85,85,85,95,95,95,95,95,95,95,98,98,101,101,101,101,105,105,105,109,109],"card_choices":[{"not_picked":["Armaments","Wild Strike"],"picked":"Clothesline","floor":1},{"not_picked":["Warcry","Burning Pact"],"picked":"Spot Weakness","floor":6},{"not_picked":["Warcry","Pommel Strike"],"picked":"Thunderclap","floor":8},{"not_picked":["Clash","Sever Soul"],"picked":"Perfected Strike","floor":10},{"not_picked":["Entrench","Rage"],"picked":"Ghostly Armor","floor":11},{"not_picked":["Body Slam","Carnage","Combust"],"picked":"SKIP","floor":12},{"not_picked":["Hemokinesis","Thunderclap","Cleave"],"picked":"SKIP","floor":13},{"not_picked":["Evolve","Flex"],"picked":"Whirlwind","floor":14},{"not_picked":["Demon Form","Barricade"],"picked":"Feed","floor":16},{"not_picked":["Pommel Strike+1","Carnage+1"],"picked":"Havoc","floor":18},{"not_picked":["Dropkick","Cleave"],"picked":"Battle Trance","floor":20},{"not_picked":["Perfected Strike","Cleave","Iron Wave"],"picked":"SKIP","floor":21},{"not_picked":["Evolve","Thunderclap+1"],"picked":"Shrug It Off","floor":24},{"not_picked":["True Grit","Feel No Pain"],"picked":"Armaments","floor":25},{"not_picked":["Dropkick","Warcry+1"],"picked":"Power Through","floor":27}],"player_experience":353539,"relics_obtained":[{"floor":6,"key":"Pantograph"},{"floor":9,"key":"The Courier"},{"floor":11,"key":"Pear"},{"floor":14,"key":"Self Forming Clay"},{"floor":25,"key":"Boot"},{"floor":26,"key":"Vajra"}],"event_choices":[{"damage_healed":0,"gold_gain":0,"player_choice":"Donut","damage_taken":0,"max_hp_gain":5,"max_hp_loss":0,"event_name":"Big Fish","floor":2,"gold_loss":0},{"damage_healed":0,"gold_gain":175,"player_choice":"AGREE","damage_taken":0,"max_hp_gain":0,"max_hp_loss":0,"event_name":"Liars Game","floor":3,"gold_loss":0,"cards_obtained":["Doubt"]},{"damage_healed":0,"gold_gain":0,"cards_transformed":["Strike_R"],"player_choice":"Transformed","damage_taken":0,"max_hp_gain":0,"max_hp_loss":0,"event_name":"Transmorgrifier","floor":4,"gold_loss":0,"cards_obtained":["Twin Strike"]},{"damage_healed":0,"gold_gain":0,"player_choice":"Upgraded","damage_taken":0,"max_hp_gain":0,"max_hp_loss":0,"event_name":"Upgrade Shrine","floor":22,"gold_loss":0,"cards_upgraded":["Feed"]}],"is_beta":false,"boss_relics":[{"not_picked":["Coffee Dripper","Busted Crown"],"picked":"Fusion Hammer"}],"items_purged_floors":[5],"is_endless":false,"potions_floor_spawned":[6,8,12,13,14,18,20,27],"killed_by":"Slavers","ascension_level":8}