{"gold_per_floor":[114,114,114,114,124,152,152,180,229,229,255,255,275,292,292,292],"floor_reached":16,"playtime":562,"items_purged":[],"score":124,"play_id":"5d67d741-7bf8-4ac4-8d72-93f57e2c9928","local_time":"20181117235607","is_ascension_mode":true,"campfire_choices":[{"data":"Rampage","floor":7,"key":"SMITH"},{"data":"Seeing Red","floor":10,"key":"SMITH"},{"data":"Seeing Red","floor":15,"key":"SMITH"}],"neow_cost":"NONE","seed_source_timestamp":341100885085729,"circlet_count":0,"master_deck":["Strike_R","Strike_R","Strike_R","Strike_R","Strike_R+1","Defend_R","Defend_R","Defend_R+1","Defend_R","Bash+1","Rampage+1","Bloodletting","Rage","Seeing Red+1","Seeing Red+1","Iron Wave","Shrug It Off"],"relics":["Burning Blood","Bottled Flame","Unceasing Top","Frozen Egg 2","Anchor","Blood Vial","Meat on the Bone"],"potions_floor_usage":[8,11,16,16],"damage_taken":[{"damage":12,"enemies":"Small Slimes","floor":1,"turns":3},{"damage":0,"enemies":"2 Louse","floor":5,"turns":2},{"damage":28,"enemies":"Gremlin Nob","floor":6,"turns":5},{"damage":39,"enemies":"3 Sentries","floor":8,"turns":9},{"damage":7,"enemies":"Gremlin Nob","floor":11,"turns":3},{"damage":1,"enemies":"Jaw Worm","floor":13,"turns":2},{"damage":5,"enemies":"Looter","floor":14,"turns":3},{"damage":63,"enemies":"Hexaghost","floor":16,"turns":9}],"seed_played":"-4829134299754818017","potions_obtained":[{"floor":1,"key":"AttackPotion"},{"floor":6,"key":"Regen Potion"},{"floor":8,"key":"SneckoOil"},{"floor":13,"key":"LiquidBronze"}],"is_trial":false,"path_per_floor":["M","?","?","T","M","E","R","E","T","R","E","?","M","M","R","B"],"character_chosen":"IRONCLAD","items_purchased":[],"campfire_rested":0,"item_purchase_floors":[],"current_hp_per_floor":[74,58,80,80,80,58,58,40,40,40,39,36,55,58,58,0],"gold":292,"neow_bonus":"UPGRADE_CARD","is_prod":false,"is_daily":false,"chose_seed":false,"campfire_upgraded":3,"win_rate":0,"timestamp":1542516967,"path_taken":["M","?","?","?","M","E","R","E","T","R","E","?","M","M","R","BOSS"],"build_version":"2018-11-15","purchased_purges":0,"victory":false,"max_hp_per_floor":[80,80,80,80,80,80,80,80,80,80,80,80,80,80,80,80],"card_choices":[{"not_picked":["Iron Wave","Evolve"],"picked":"Rampage","floor":1},{"not_picked":["Cleave","Wild Strike"],"picked":"Bloodletting","floor":5},{"not_picked":["Sever Soul","Clothesline"],"picked":"Rage","floor":6},{"not_picked":["Headbutt","Power Through"],"picked":"Seeing Red","floor":8},{"not_picked":["Pummel","Sever Soul"],"picked":"Seeing Red","floor":11},{"not_picked":["Sword Boomerang","Shockwave"],"picked":"Iron Wave","floor":13},{"not_picked":["Heavy Blade","Entrench"],"picked":"Shrug It Off","floor":14}],"player_experience":124551,"relics_obtained":[{"floor":4,"key":"Bottled Flame"},{"floor":6,"key":"Unceasing Top"},{"floor":8,"key":"Frozen Egg 2"},{"floor":9,"key":"Anchor"},{"floor":11,"key":"Blood Vial"}],"event_choices":[{"damage_healed":0,"gold_gain":0,"player_choice":"Entered Light","damage_taken":16,"max_hp_gain":0,"max_hp_loss":0,"event_name":"Shining Light","floor":2,"gold_loss":0,"cards_upgraded":["Strike_R","Defend_R"]},{"damage_healed":26,"gold_gain":0,"player_choice":"Banana","damage_taken":0,"max_hp_gain":0,"max_hp_loss":0,"event_name":"Big Fish","floor":3,"gold_loss":0},{"damage_healed":0,"gold_gain":0,"player_choice":"Success","damage_taken":3,"relics_obtained":["Meat on the Bone"],"max_hp_gain":0,"max_hp_loss":0,"event_name":"Scrap Ooze","floor":12,"gold_loss":0}],"is_beta":false,"boss_relics":[],"items_purged_floors":[],"is_endless":false,"potions_floor_spawned":[1,6,8,13],"killed_by":"Hexaghost","ascension_level":1}