{"gold_per_floor":[111,111,129,141,35,35,35,69,147,147,157,187,187,219,219,316,316,326,358,371,371,93,93,126,126,126,126,145,172,188,205,205,308,308,319,329,145,164,164,164,197,197,222,222,257,479,490,508,508,508],"floor_reached":50,"playtime":2253,"items_purged":["Anger","Bloodletting+1"],"score":655,"play_id":"cf7d4cc4-0560-4073-a803-4b51f798cbc3","local_time":"20190303142208","is_ascension_mode":true,"campfire_choices":[{"data":"Hemokinesis","floor":6,"key":"SMITH"},{"data":"Armaments","floor":10,"key":"SMITH"},{"data":"Wild Strike","floor":13,"key":"SMITH"},{"floor":15,"key":"REST"},{"data":"Immolate","floor":23,"key":"SMITH"},{"floor":25,"key":"RECALL"},{"data":"Warcry","floor":32,"key":"SMITH"},{"floor":40,"key":"REST"},{"floor":42,"key":"REST"},{"floor":49,"key":"REST"}],"neow_cost":"NONE","seed_source_timestamp":214564503230508,"circlet_count":0,"master_deck":["Defend_R","Defend_R+1","Defend_R","Bash","Armaments+1","Cleave","Hemokinesis+1","Wild Strike+1","Thunderclap","Shrug It Off","Evolve","Warcry+1","Reaper","Warcry+1","Heavy Blade","Immolate+1","Bite","Bite","Bite","Bite","Bite","Demon Form","Shockwave","Headbutt+1","Uppercut","Inflame+1","Demon Form","Combust","Metallicize","Limit Break+1","Havoc","Decay","Sever Soul+1"],"relics":["Burning Blood","Boot","Mercury Hourglass","Charon\u0027s Ashes","Snecko Eye","Red Mask","Blood Vial","Pantograph","Cursed Key","War Paint","Regal Pillow","Vajra"],"potions_floor_usage":[8,16,19,29,29,31,38,47,48,50,50],"damage_taken":[{"damage":0,"enemies":"Small Slimes","floor":1,"turns":3},{"damage":1,"enemies":"Cultist","floor":3,"turns":3},{"damage":3,"enemies":"2 Louse","floor":4,"turns":2},{"damage":14,"enemies":"3 Sentries","floor":8,"turns":6},{"damage":13,"enemies":"Large Slime","floor":11,"turns":4},{"damage":18,"enemies":"Gremlin Nob","floor":14,"turns":3},{"damage":45,"enemies":"Hexaghost","floor":16,"turns":7},{"damage":15,"enemies":"Spheric Guardian","floor":18,"turns":4},{"damage":33,"enemies":"Masked Bandits","floor":19,"turns":4},{"damage":2,"enemies":"3 Byrds","floor":20,"turns":3},{"damage":22,"enemies":"Slavers","floor":24,"turns":3},{"damage":10,"enemies":"Cultist and Chosen","floor":28,"turns":3},{"damage":47,"enemies":"Book of Stabbing","floor":29,"turns":4},{"damage":11,"enemies":"Centurion and Healer","floor":30,"turns":3},{"damage":2,"enemies":"Snecko","floor":31,"turns":3},{"damage":55,"enemies":"Collector","floor":33,"turns":7},{"damage":7,"enemies":"3 Shapes","floor":35,"turns":3},{"damage":16,"enemies":"3 Darklings","floor":36,"turns":3},{"damage":47,"enemies":"Spire Growth","floor":38,"turns":5},{"damage":37,"enemies":"Giant Head","floor":41,"turns":6},{"damage":31,"enemies":"Reptomancer","floor":45,"turns":4},{"damage":8,"enemies":"Jaw Worm Horde","floor":47,"turns":2},{"damage":54,"enemies":"3 Darklings","floor":48,"turns":5},{"damage":117,"enemies":"Awakened One","floor":50,"turns":7}],"seed_played":"3670460634876309336","potions_obtained":[{"floor":1,"key":"PowerPotion"},{"floor":3,"key":"BloodPotion"},{"floor":4,"key":"Block Potion"},{"floor":16,"key":"Swift Potion"},{"floor":20,"key":"AttackPotion"},{"floor":24,"key":"Explosive Potion"},{"floor":31,"key":"Weak Potion"},{"floor":36,"key":"Strength Potion"},{"floor":38,"key":"Swift Potion"},{"floor":48,"key":"Regen Potion"}],"is_trial":false,"path_per_floor":["M","?","M","M","$","R","?","E","T","R","M","?","R","E","R","B",null,"M","?","M","?","$","R","E","R","T","?","M","E","M","M","R","B",null,"M","M","$","M","?","R","E","R","T","?","E","?","M","M","R","B"],"character_chosen":"IRONCLAD","items_purchased":["Thunderclap","Shrug It Off","Demon Form","Shockwave","Metallicize","Fire Potion"],"campfire_rested":4,"item_purchase_floors":[5,5,22,22,37,37],"current_hp_per_floor":[80,80,80,80,80,80,80,72,72,72,65,65,65,53,77,38,80,71,44,53,53,53,53,56,56,56,56,52,24,25,35,35,16,56,56,46,46,18,18,34,41,56,56,56,37,37,44,29,56,0],"gold":508,"neow_bonus":"THREE_CARDS","is_prod":false,"is_daily":false,"chose_seed":false,"campfire_upgraded":5,"win_rate":0,"timestamp":1551640928,"path_taken":["M","?","M","M","?","R","?","E","T","R","M","?","R","E","R","BOSS","M","?","M","?","$","R","E","R","T","?","M","E","M","M","R","BOSS","M","M","$","M","?","R","E","R","T","?","E","?","M","M","R","BOSS"],"build_version":"2019-01-23","purchased_purges":2,"victory":false,"max_hp_per_floor":[80,80,80,80,80,80,80,80,80,80,80,80,80,80,80,80,80,80,80,80,56,56,56,56,56,56,56,56,56,56,56,56,56,56,56,56,56,56,56,56,56,56,56,56,56,56,56,56,56,56],"card_choices":[{"not_picked":["Sword Boomerang","Warcry"],"picked":"Armaments","floor":0},{"not_picked":["Sever Soul","Intimidate"],"picked":"Cleave","floor":1},{"not_picked":["Blood for Blood","Cleave"],"picked":"Hemokinesis","floor":3},{"not_picked":["Havoc","Intimidate"],"picked":"Wild Strike","floor":4},{"not_picked":["Twin Strike","Sword Boomerang"],"picked":"Evolve","floor":8},{"not_picked":["Perfected Strike","Sword Boomerang"],"picked":"Anger","floor":11},{"not_picked":["Twin Strike","Iron Wave"],"picked":"Warcry","floor":14},{"not_picked":["Limit Break","Impervious"],"picked":"Reaper","floor":16},{"not_picked":["Sword Boomerang","Twin Strike"],"picked":"Warcry+1","floor":18},{"not_picked":["Perfected Strike","Searing Blow"],"picked":"Heavy Blade","floor":19},{"not_picked":["Heavy Blade","Sentinel+1"],"picked":"Immolate","floor":20},{"not_picked":["Warcry","Uppercut"],"picked":"Headbutt+1","floor":24},{"not_picked":["Body Slam","Twin Strike+1","Power Through"],"picked":"SKIP","floor":28},{"not_picked":["Brutality","Cleave"],"picked":"Uppercut","floor":29},{"not_picked":["Body Slam+1","Perfected Strike"],"picked":"Bloodletting+1","floor":30},{"not_picked":["Hemokinesis","Clothesline"],"picked":"Inflame+1","floor":31},{"not_picked":["Feed","Offering"],"picked":"Demon Form","floor":33},{"not_picked":["Perfected Strike","True Grit","Thunderclap+1"],"picked":"SKIP","floor":35},{"not_picked":["Flex+1","True Grit+1"],"picked":"Combust","floor":36},{"not_picked":["Dual Wield","Searing Blow"],"picked":"Limit Break","floor":38},{"not_picked":["Rampage+1","Headbutt+1"],"picked":"Havoc","floor":41},{"not_picked":["True Grit+1","Berserk"],"picked":"Sever Soul+1","floor":45},{"not_picked":["Anger","Headbutt+1","Battle Trance+1"],"picked":"SKIP","floor":47},{"not_picked":["Twin Strike+1","Hemokinesis","Fire Breathing"],"picked":"SKIP","floor":48}],"player_experience":276275,"relics_obtained":[{"floor":8,"key":"Boot"},{"floor":9,"key":"Mercury Hourglass"},{"floor":14,"key":"Charon\u0027s Ashes"},{"floor":19,"key":"Red Mask"},{"floor":24,"key":"Blood Vial"},{"floor":29,"key":"Pantograph"},{"floor":41,"key":"War Paint"},{"floor":43,"key":"Regal Pillow"},{"floor":45,"key":"Vajra"}],"event_choices":[{"cards_removed":["Strike_R"],"damage_healed":0,"gold_gain":0,"player_choice":"Purged","damage_taken":0,"max_hp_gain":0,"max_hp_loss":0,"event_name":"Purifier","floor":2,"gold_loss":0},{"damage_healed":0,"gold_gain":0,"player_choice":"Leave","damage_taken":0,"max_hp_gain":0,"max_hp_loss":0,"event_name":"The Cleric","floor":7,"gold_loss":0},{"damage_healed":0,"gold_gain":30,"player_choice":"Searched \u00272\u0027 times","damage_taken":0,"max_hp_gain":0,"max_hp_loss":0,"event_name":"Dead Adventurer","floor":12,"gold_loss":0},{"damage_healed":0,"gold_gain":0,"player_choice":"Fought Bandits","damage_taken":0,"max_hp_gain":0,"max_hp_loss":0,"event_name":"Masked Bandits","floor":19,"gold_loss":0},{"damage_healed":0,"gold_gain":0,"player_choice":"Became a vampire","damage_taken":0,"max_hp_gain":0,"max_hp_loss":24,"event_name":"Vampires","floor":21,"gold_loss":0,"cards_obtained":["Bite","Bite","Bite","Bite","Bite"]},{"damage_healed":0,"gold_gain":0,"player_choice":"Ignored","damage_taken":0,"max_hp_gain":0,"max_hp_loss":0,"event_name":"Ghosts","floor":27,"gold_loss":0},{"cards_removed":["Defend_R"],"damage_healed":0,"gold_gain":0,"player_choice":"Removed Skill","damage_taken":0,"max_hp_gain":0,"max_hp_loss":0,"event_name":"Falling","floor":39,"gold_loss":0},{"damage_healed":0,"gold_gain":0,"player_choice":"Memory 1","damage_taken":0,"max_hp_gain":0,"max_hp_loss":0,"event_name":"SensoryStone","floor":44,"gold_loss":0},{"damage_healed":0,"gold_gain":222,"player_choice":"Wore Mask","damage_taken":0,"max_hp_gain":0,"max_hp_loss":0,"event_name":"Tomb of Lord Red Mask","floor":46,"gold_loss":0}],"is_beta":false,"boss_relics":[{"not_picked":["Eternal Feather","Velvet Choker"],"picked":"Snecko Eye"},{"not_picked":["Pandora\u0027s Box","Runic Pyramid"],"picked":"Cursed Key"}],"items_purged_floors":[22,37],"is_endless":false,"potions_floor_spawned":[1,3,4,16,20,24,31,36,38,41,48],"killed_by":"Awakened One","ascension_level":3}