{"gold_per_floor":[112,129,54,74,74,86,86,111,111,143,0,10,25,25,25,25],"floor_reached":16,"playtime":611,"items_purged":["Defend_R","Strike_R"],"score":118,"play_id":"b0e979fd-c36f-4a82-974a-4fe1e52d158a","local_time":"20181117210918","is_ascension_mode":true,"campfire_choices":[{"data":"Iron Wave","floor":7,"key":"SMITH"},{"data":"Offering","floor":15,"key":"SMITH"}],"neow_cost":"NONE","seed_source_timestamp":331044014986285,"circlet_count":0,"master_deck":["Strike_R","Strike_R","Defend_R","Defend_R","Defend_R","Bash","Cleave","Iron Wave+1","Flex","Flame Barrier","Twin Strike","Offering+1","Combust","Ghostly Armor","Sword Boomerang","Seeing Red"],"relics":["Burning Blood","Darkstone Periapt","The Courier","Mercury Hourglass"],"potions_floor_usage":[10,16],"damage_taken":[{"damage":6,"enemies":"Cultist","floor":1,"turns":4},{"damage":17,"enemies":"Small Slimes","floor":2,"turns":3},{"damage":6,"enemies":"Jaw Worm","floor":4,"turns":5},{"damage":11,"enemies":"Exordium Wildlife","floor":6,"turns":3},{"damage":13,"enemies":"3 Sentries","floor":8,"turns":7},{"damage":22,"enemies":"Lagavulin","floor":10,"turns":6},{"damage":6,"enemies":"3 Louse","floor":12,"turns":1},{"damage":6,"enemies":"Blue Slaver","floor":13,"turns":2},{"damage":41,"enemies":"The Guardian","floor":16,"turns":8}],"seed_played":"5087950566241954820","potions_obtained":[{"floor":1,"key":"Fire Potion"},{"floor":6,"key":"SteroidPotion"},{"floor":13,"key":"SteroidPotion"}],"is_trial":false,"path_per_floor":["M","M","$","M","$","M","R","E","T","E","$","M","M","?","R","B"],"character_chosen":"IRONCLAD","items_purchased":["Combust"],"campfire_rested":0,"item_purchase_floors":[11],"current_hp_per_floor":[80,69,69,69,69,64,64,57,57,41,41,41,41,41,41,0],"gold":25,"neow_bonus":"REMOVE_CARD","is_prod":false,"is_daily":false,"chose_seed":false,"campfire_upgraded":2,"win_rate":0,"timestamp":1542506958,"path_taken":["M","M","$","?","$","M","R","E","T","E","$","M","M","?","R","BOSS"],"build_version":"2018-11-15","purchased_purges":2,"victory":false,"max_hp_per_floor":[80,80,80,80,80,80,80,80,80,80,80,80,80,80,80,80],"card_choices":[{"not_picked":["Evolve","Thunderclap"],"picked":"Cleave","floor":1},{"not_picked":["Uppercut","Havoc"],"picked":"Iron Wave","floor":2},{"not_picked":["Cleave","Disarm"],"picked":"Flex","floor":4},{"not_picked":["Anger","Pummel"],"picked":"Flame Barrier","floor":6},{"not_picked":["Perfected Strike","Carnage"],"picked":"Twin Strike","floor":8},{"not_picked":["Body Slam","True Grit"],"picked":"Offering","floor":10},{"not_picked":["True Grit","Carnage"],"picked":"Ghostly Armor","floor":12},{"not_picked":["Flex","True Grit"],"picked":"Sword Boomerang","floor":13}],"player_experience":119797,"relics_obtained":[{"floor":8,"key":"Darkstone Periapt"},{"floor":9,"key":"The Courier"},{"floor":10,"key":"Mercury Hourglass"}],"event_choices":[{"damage_healed":0,"gold_gain":0,"cards_transformed":["Strike_R"],"player_choice":"Transformed","damage_taken":0,"max_hp_gain":0,"max_hp_loss":0,"event_name":"Transmorgrifier","floor":14,"gold_loss":0,"cards_obtained":["Seeing Red"]}],"is_beta":false,"boss_relics":[],"items_purged_floors":[3,11],"is_endless":false,"potions_floor_spawned":[1,6,13],"killed_by":"The Guardian","ascension_level":1}