{"gold_per_floor":[117,117,136,156,156,156,174,201,201,230,195,210,210,242,242,344,374,391,49,49,0,0,0],"floor_reached":23,"playtime":1549,"items_purged":["Shame"],"score":257,"play_id":"de162223-9453-4ba6-99b2-e28aad2c9744","local_time":"20181228175345","is_ascension_mode":false,"campfire_choices":[{"floor":6,"key":"RECALL"},{"floor":13,"key":"REST"},{"floor":15,"key":"REST"}],"neow_cost":"PERCENT_DAMAGE","seed_source_timestamp":448159160490291,"circlet_count":0,"master_deck":["Strike_R","Strike_R","Strike_R","Strike_R","Strike_R","Defend_R","Defend_R","Defend_R","Defend_R","Bash","Thunderclap","Ghostly Armor","Feel No Pain","Evolve","Pommel Strike","Battle Trance","Reaper","Regret","Injury","Armaments","Metallicize"],"relics":["Burning Blood","Dodecahedron","FaceOfCleric","Sundial","Anchor","Bag of Preparation","Calling Bell","Tiny Chest","Shuriken","StoneCalendar","TheAbacus"],"potions_floor_usage":[8,10],"damage_taken":[{"damage":6,"enemies":"Jaw Worm","floor":1,"turns":4},{"damage":7,"enemies":"Small Slimes","floor":3,"turns":3},{"damage":2,"enemies":"Cultist","floor":4,"turns":5},{"damage":5,"enemies":"Looter","floor":7,"turns":4},{"damage":0,"enemies":"3 Sentries","floor":8,"turns":13},{"damage":52,"enemies":"Gremlin Nob","floor":10,"turns":6},{"damage":15,"enemies":"Exordium Wildlife","floor":12,"turns":9},{"damage":19,"enemies":"3 Sentries","floor":14,"turns":7},{"damage":77,"enemies":"Slime Boss","floor":16,"turns":18},{"damage":52,"enemies":"3 Byrds","floor":18,"turns":7},{"damage":32,"enemies":"2 Thieves","floor":22,"turns":5},{"damage":43,"enemies":"Gremlin Leader","floor":23,"turns":3}],"seed_played":"-6711166339621736983","potions_obtained":[{"floor":3,"key":"Dexterity Potion"},{"floor":8,"key":"SpeedPotion"},{"floor":10,"key":"Strength Potion"}],"is_trial":false,"path_per_floor":["M","?","M","M","?","R","M","E","T","E","?","M","R","E","R","B",null,"M","$","?","?","M","E"],"character_chosen":"IRONCLAD","items_purchased":["TheAbacus","Metallicize"],"campfire_rested":2,"item_purchase_floors":[19,19],"current_hp_per_floor":[72,69,68,72,72,72,74,81,81,36,60,52,82,70,100,30,102,57,57,57,57,40,0],"gold":0,"neow_bonus":"TWENTY_PERCENT_HP_BONUS","is_prod":false,"is_daily":false,"chose_seed":false,"campfire_upgraded":0,"win_rate":0,"timestamp":1545998025,"path_taken":["M","?","M","M","?","R","?","E","T","E","?","M","R","E","R","BOSS","M","$","?","?","M","E"],"build_version":"2018-12-20","purchased_purges":1,"victory":false,"max_hp_per_floor":[96,96,96,96,96,96,97,98,98,99,99,100,100,101,101,102,102,103,103,103,103,104,104],"card_choices":[{"not_picked":["Anger","Twin Strike"],"picked":"Thunderclap","floor":1},{"not_picked":["Warcry","Perfected Strike"],"picked":"Ghostly Armor","floor":3},{"not_picked":["Carnage","Cleave"],"picked":"Feel No Pain","floor":4},{"not_picked":["Burning Pact","Power Through","Whirlwind"],"picked":"SKIP","floor":7},{"not_picked":["Inflame","Rupture"],"picked":"Evolve","floor":8},{"not_picked":["Burning Pact","Dark Embrace","Clothesline"],"picked":"SKIP","floor":10},{"not_picked":["Power Through","Shrug It Off"],"picked":"Pommel Strike","floor":12},{"not_picked":["Heavy Blade","Infernal Blade"],"picked":"Battle Trance","floor":14},{"not_picked":["Brutality","Offering"],"picked":"Reaper","floor":16},{"not_picked":["Searing Blow","Uppercut"],"picked":"Armaments","floor":18},{"not_picked":["Cleave","Twin Strike","Perfected Strike"],"picked":"SKIP","floor":22}],"player_experience":434013,"relics_obtained":[{"floor":8,"key":"Sundial"},{"floor":10,"key":"Anchor"},{"floor":14,"key":"Bag of Preparation"},{"floor":17,"key":"Tiny Chest"},{"floor":17,"key":"Shuriken"},{"floor":17,"key":"StoneCalendar"}],"event_choices":[{"damage_healed":0,"gold_gain":0,"player_choice":"Success","damage_taken":3,"relics_obtained":["Dodecahedron"],"max_hp_gain":0,"max_hp_loss":0,"event_name":"Scrap Ooze","floor":2,"gold_loss":0},{"damage_healed":0,"gold_gain":0,"player_choice":"Trade","damage_taken":0,"relics_obtained":["FaceOfCleric"],"max_hp_gain":0,"max_hp_loss":0,"event_name":"FaceTrader","floor":5,"gold_loss":0},{"damage_healed":24,"gold_gain":0,"player_choice":"Healed","damage_taken":0,"max_hp_gain":0,"max_hp_loss":0,"event_name":"The Cleric","floor":11,"gold_loss":35},{"damage_healed":0,"gold_gain":0,"player_choice":"Paid Fearfully","damage_taken":0,"max_hp_gain":0,"max_hp_loss":0,"event_name":"Masked Bandits","floor":21,"gold_loss":49}],"is_beta":false,"boss_relics":[{"not_picked":["Runic Cube","Busted Crown"],"picked":"Calling Bell"}],"items_purged_floors":[19],"is_endless":false,"potions_floor_spawned":[3,8,10],"killed_by":"Gremlin Leader","ascension_level":0}