{"gold_per_floor":[116,116,291,43,43,68,68,95,95,124,124,141,141,202,202,298,298,314,328,328,131,150,176,176,193,193,213,17,17,30,44,44,149,149,159,14,14,14,28,28,39,39,119,152,162,162,162,180,180,180],"floor_reached":50,"playtime":4059,"items_purged":["Doubt","Pain","Normality"],"score":583,"play_id":"adbbb431-2c54-4c2e-9c59-8f33dde23b7d","local_time":"20190530172439","is_ascension_mode":false,"campfire_choices":[{"data":"Cold Snap","floor":7,"key":"SMITH"},{"data":"Hello World","floor":11,"key":"SMITH"},{"data":"Hologram","floor":15,"key":"SMITH"},{"floor":24,"key":"REST"},{"floor":32,"key":"REST"},{"data":"Seek","floor":40,"key":"SMITH"},{"data":"Dualcast","floor":42,"key":"SMITH"},{"floor":49,"key":"REST"}],"neow_cost":"NONE","seed_source_timestamp":979212285897046,"circlet_count":0,"master_deck":["Defend_B+1","Defend_B","Defend_B","Defend_B","Zap","Dualcast+1","Beam Cell+1","Cold Snap+1","Core Surge+1","Hello World+1","Rebound+1","Hologram+1","Coolheaded","Machine Learning","Clumsy","Streamline+1","Heatsinks+1","Bite","Bite","Bite","Bite","Bite","Conserve Battery+1","Doom and Gloom","Seek+1","Seek","Chill+1","Creative AI","Parasite"],"relics":["Cracked Core","NeowsBlessing","Happy Flower","Gremlin Horn","Pantograph","Smiling Mask","Juzu Bracelet","Calling Bell","Strawberry","Mercury Hourglass","Gambling Chip","Orichalcum","Bottled Tornado","Sundial","Whetstone","Nuclear Battery","Bag of Marbles","Shuriken","Question Card","FaceOfCleric"],"potions_floor_usage":[14,14,23,30,30,33,33,44,50,50,50],"damage_taken":[{"damage":0,"enemies":"Jaw Worm","floor":1,"turns":1},{"damage":0,"enemies":"3 Sentries","floor":6,"turns":1},{"damage":0,"enemies":"Gremlin Nob","floor":8,"turns":1},{"damage":17,"enemies":"3 Sentries","floor":10,"turns":6},{"damage":10,"enemies":"Small Slimes","floor":12,"turns":3},{"damage":0,"enemies":"Gremlin Nob","floor":14,"turns":2},{"damage":45,"enemies":"Hexaghost","floor":16,"turns":10},{"damage":4,"enemies":"Chosen","floor":18,"turns":4},{"damage":20,"enemies":"3 Byrds","floor":19,"turns":4},{"damage":6,"enemies":"Centurion and Healer","floor":22,"turns":5},{"damage":55,"enemies":"Book of Stabbing","floor":23,"turns":7},{"damage":26,"enemies":"Snake Plant","floor":25,"turns":4},{"damage":0,"enemies":"Snecko","floor":27,"turns":5},{"damage":0,"enemies":"Centurion and Healer","floor":30,"turns":4},{"damage":0,"enemies":"Cultist and Chosen","floor":31,"turns":3},{"damage":55,"enemies":"Champ","floor":33,"turns":11},{"damage":0,"enemies":"Orb Walker","floor":35,"turns":3},{"damage":12,"enemies":"3 Darklings","floor":39,"turns":5},{"damage":3,"enemies":"Jaw Worm Horde","floor":41,"turns":4},{"damage":44,"enemies":"Giant Head","floor":44,"turns":8},{"damage":12,"enemies":"Writhing Mass","floor":45,"turns":6},{"damage":3,"enemies":"Sphere and 2 Shapes","floor":48,"turns":4},{"damage":90,"enemies":"Donu and Deca","floor":50,"turns":7}],"seed_played":"-3539700517683272670","potions_obtained":[{"floor":8,"key":"FearPotion"},{"floor":10,"key":"Energy Potion"},{"floor":16,"key":"EssenceOfSteel"},{"floor":22,"key":"Ancient Potion"},{"floor":25,"key":"SkillPotion"},{"floor":27,"key":"Explosive Potion"},{"floor":31,"key":"Strength Potion"},{"floor":33,"key":"Weak Potion"},{"floor":39,"key":"Poison Potion"},{"floor":44,"key":"FocusPotion"},{"floor":45,"key":"SpeedPotion"}],"is_trial":false,"path_per_floor":["M","?","?","$","?","E","R","E","T","E","R","M","?","?","R","B",null,"M","M","?","$","M","E","R","M","T","M","$","?","M","M","R","B",null,"M","$","?","?","M","R","M","R","T","E","M","?","?","M","R","B"],"character_chosen":"DEFECT","items_purchased":["Cold Snap","Blood Vial","Orichalcum","Whetstone","Bag of Marbles"],"campfire_rested":3,"item_purchase_floors":[4,4,21,28,36],"current_hp_per_floor":[75,68,68,68,68,70,70,72,72,57,57,49,34,36,36,18,82,78,60,60,60,62,17,41,19,19,23,23,23,33,37,61,33,82,82,82,82,82,78,78,79,79,79,40,34,34,34,38,62,0],"gold":180,"neow_bonus":"THREE_ENEMY_KILL","is_prod":false,"is_daily":false,"chose_seed":false,"campfire_upgraded":5,"win_rate":0.0,"timestamp":1559255079,"path_taken":["M","?","?","$","?","E","R","E","T","E","R","?","?","?","R","BOSS","M","M","?","$","M","E","R","M","T","M","$","?","M","M","R","BOSS","M","$","?","?","M","R","M","R","T","E","M","?","?","M","R","BOSS"],"build_version":"2019-01-23","purchased_purges":3,"victory":false,"max_hp_per_floor":[75,75,75,75,75,75,75,75,75,75,75,75,75,75,75,75,82,82,82,82,82,82,82,82,82,82,82,82,82,82,82,82,82,82,82,82,82,82,82,82,82,82,82,82,82,82,82,83,83,83],"card_choices":[{"not_picked":["Go for the Eyes","Stack"],"picked":"Beam Cell","floor":1},{"not_picked":["Sweeping Beam","Redo"],"picked":"Core Surge","floor":6},{"not_picked":["Turbo","Go for the Eyes"],"picked":"Hello World","floor":8},{"not_picked":["Redo","Consume"],"picked":"Rebound","floor":10},{"not_picked":["Go for the Eyes","Turbo"],"picked":"Hologram","floor":12},{"not_picked":["Redo","Beam Cell"],"picked":"Coolheaded","floor":14},{"not_picked":["Echo Form","Thunder Strike"],"picked":"Machine Learning","floor":16},{"not_picked":["Go for the Eyes","Static Discharge+1"],"picked":"Streamline","floor":18},{"not_picked":["Ball Lightning+1","Cold Snap"],"picked":"Heatsinks+1","floor":19},{"not_picked":["Heatsinks","Skim","Coolheaded"],"picked":"SKIP","floor":22},{"not_picked":["Hologram","Tempest","Reprogram"],"picked":"SKIP","floor":23},{"not_picked":["Hologram+1","Ball Lightning","Leap"],"picked":"SKIP","floor":25},{"not_picked":["Ball Lightning+1","Double Energy","Turbo"],"picked":"SKIP","floor":27},{"not_picked":["Gash","Thunder Strike"],"picked":"Conserve Battery+1","floor":30},{"not_picked":["Undo","Rebound"],"picked":"Doom and Gloom","floor":31},{"not_picked":["Reboot","Hyperbeam"],"picked":"Seek","floor":33},{"not_picked":["Recycle","Scrape+1","Streamline+1"],"picked":"SKIP","floor":35},{"not_picked":["Cold Snap+1","Tempest+1"],"picked":"Chill+1","floor":39},{"not_picked":["Skim+1","Steam","Compile Driver"],"picked":"SKIP","floor":41},{"not_picked":["Beam Cell","Go for the Eyes"],"picked":"Creative AI","floor":44},{"not_picked":["Reinforced Body+1","Lockon+1","Conserve Battery+1","Streamline"],"picked":"SKIP","floor":45},{"not_picked":["Static Discharge","Barrage+1","Leap+1","Gash"],"picked":"SKIP","floor":48}],"player_experience":32143,"relics_obtained":[{"floor":6,"key":"Happy Flower"},{"floor":8,"key":"Gremlin Horn"},{"floor":9,"key":"Pantograph"},{"floor":10,"key":"Smiling Mask"},{"floor":14,"key":"Juzu Bracelet"},{"floor":17,"key":"Strawberry"},{"floor":17,"key":"Mercury Hourglass"},{"floor":17,"key":"Gambling Chip"},{"floor":23,"key":"Bottled Tornado"},{"floor":26,"key":"Sundial"},{"floor":43,"key":"Shuriken"},{"floor":44,"key":"Question Card"}],"event_choices":[{"cards_removed":["Strike_B"],"damage_healed":0,"gold_gain":0,"player_choice":"Card Removal","damage_taken":7,"max_hp_gain":0,"max_hp_loss":0,"event_name":"Golden Wing","floor":2,"gold_loss":0},{"damage_healed":0,"gold_gain":175,"player_choice":"AGREE","damage_taken":0,"max_hp_gain":0,"max_hp_loss":0,"event_name":"Liars Game","floor":3,"gold_loss":0,"cards_obtained":["Doubt"]},{"damage_healed":0,"gold_gain":0,"player_choice":"Grow","damage_taken":0,"max_hp_gain":0,"max_hp_loss":0,"event_name":"Living Wall","floor":5,"gold_loss":0,"cards_upgraded":["Beam Cell"]},{"damage_healed":0,"gold_gain":0,"player_choice":"Entered Light","damage_taken":15,"max_hp_gain":0,"max_hp_loss":0,"event_name":"Shining Light","floor":13,"gold_loss":0,"cards_upgraded":["Rebound","Defend_B"]},{"damage_healed":0,"gold_gain":0,"player_choice":"Searched \u00272\u0027 times","damage_taken":0,"max_hp_gain":0,"max_hp_loss":0,"event_name":"Dead Adventurer","floor":14,"gold_loss":0},{"damage_healed":0,"gold_gain":0,"player_choice":"Became a vampire (Vial)","damage_taken":0,"max_hp_gain":0,"max_hp_loss":0,"event_name":"Vampires","floor":20,"relics_lost":["Blood Vial"],"gold_loss":0,"cards_obtained":["Bite","Bite","Bite","Bite","Bite"]},{"damage_healed":0,"gold_gain":0,"player_choice":"Ignored","damage_taken":0,"max_hp_gain":0,"max_hp_loss":0,"event_name":"Ghosts","floor":29,"gold_loss":0},{"damage_healed":0,"gold_gain":0,"player_choice":"Copied","damage_taken":0,"max_hp_gain":0,"max_hp_loss":0,"event_name":"Duplicator","floor":37,"gold_loss":0,"cards_obtained":["Seek"]},{"damage_healed":0,"gold_gain":0,"player_choice":"Memory 1","damage_taken":0,"max_hp_gain":0,"max_hp_loss":0,"event_name":"SensoryStone","floor":38,"gold_loss":0},{"damage_healed":0,"gold_gain":0,"player_choice":"Trade","damage_taken":0,"relics_obtained":["FaceOfCleric"],"max_hp_gain":0,"max_hp_loss":0,"event_name":"FaceTrader","floor":46,"gold_loss":0},{"damage_healed":0,"gold_gain":0,"player_choice":"Ignored","damage_taken":0,"max_hp_gain":0,"max_hp_loss":0,"event_name":"The Moai Head","floor":47,"gold_loss":0}],"is_beta":false,"boss_relics":[{"not_picked":["FrozenCore","Fusion Hammer"],"picked":"Calling Bell"},{"not_picked":["Runic Pyramid","Runic Dome"],"picked":"Nuclear Battery"}],"items_purged_floors":[4,21,28],"is_endless":false,"potions_floor_spawned":[8,10,16,22,25,27,31,33,39,44,45],"killed_by":"Donu and Deca","ascension_level":0}