{"gold_per_floor":[110,110,110,128,151,191,212,252,275,294,294,364,364,377,377,508,508,521,521,535,159,197,237,237,26,26,50,50,50,74,74,74,193,193,208,208,430,446,446,484,484,817,899,917,5,21,21],"floor_reached":47,"playtime":1815,"items_purged":["Regret","Strike_R","Madness"],"score":633,"play_id":"d83ceeb8-18d9-456f-b217-ca638c424c58","local_time":"20181120223438","is_ascension_mode":false,"campfire_choices":[{"data":"Body Slam","floor":11,"key":"SMITH"},{"data":"Body Slam","floor":15,"key":"SMITH"},{"data":"Barricade","floor":24,"key":"SMITH"},{"data":"Ghostly Armor","floor":32,"key":"SMITH"},{"data":"Metallicize","floor":41,"key":"SMITH"}],"neow_cost":"NONE","seed_source_timestamp":594160948492238,"circlet_count":0,"master_deck":["Strike_R","Strike_R","Strike_R","Defend_R","Defend_R","Defend_R","Defend_R","Bash+1","Body Slam+1","Immolate","True Grit","Evolve","Shrug It Off","Body Slam+1","Shrug It Off","Iron Wave","Ghostly Armor+1","Metallicize","Barricade+1","Flame Barrier+1","Metallicize+1","Evolve","Warcry","Iron Wave","Wild Strike+1","Warcry+1","Barricade","Body Slam","Good Instincts","Iron Wave+1","Madness","Headbutt","Shrug It Off","Impervious","Shrug It Off","Parasite","Iron Wave+1"],"relics":["Burning Blood","The Courier","Dream Catcher","Juzu Bracelet","Red Skull","Happy Flower","Coffee Dripper","MutagenicStrength","TheAbacus","Red Mask","Smiling Mask","Lantern","Ornamental Fan","Letter Opener","FaceOfCleric","Regal Pillow","Empty Cage","Paper Frog","Tiny Chest","Brimstone","WingedGreaves","Pen Nib","Sundial"],"potions_floor_usage":[16,16,22,22,22,33,33,44,44],"damage_taken":[{"damage":6,"enemies":"Jaw Worm","floor":1,"turns":3},{"damage":6,"enemies":"2 Louse","floor":4,"turns":2},{"damage":0,"enemies":"Cultist","floor":5,"turns":3},{"damage":38,"enemies":"Lagavulin","floor":6,"turns":5},{"damage":0,"enemies":"2 Fungi Beasts","floor":7,"turns":2},{"damage":18,"enemies":"3 Sentries","floor":8,"turns":4},{"damage":0,"enemies":"3 Louse","floor":10,"turns":1},{"damage":13,"enemies":"3 Sentries","floor":12,"turns":6},{"damage":0,"enemies":"Blue Slaver","floor":14,"turns":3},{"damage":22,"enemies":"Hexaghost","floor":16,"turns":10},{"damage":9,"enemies":"Chosen","floor":18,"turns":7},{"damage":27,"enemies":"Spheric Guardian","floor":20,"turns":5},{"damage":12,"enemies":"Masked Bandits","floor":22,"turns":6},{"damage":44,"enemies":"Slavers","floor":23,"turns":6},{"damage":0,"enemies":"Cultist and Chosen","floor":27,"turns":6},{"damage":3,"enemies":"Centurion and Healer","floor":30,"turns":6},{"damage":0,"enemies":"Champ","floor":33,"turns":11},{"damage":25,"enemies":"Orb Walker","floor":35,"turns":5},{"damage":3,"enemies":"3 Shapes","floor":38,"turns":3},{"damage":24,"enemies":"Giant Head","floor":40,"turns":10},{"damage":18,"enemies":"Transient","floor":44,"turns":5},{"damage":23,"enemies":"Writhing Mass","floor":46,"turns":5},{"damage":13,"enemies":"2 Orb Walkers","floor":47,"turns":2}],"seed_played":"-5742329729715547346","potions_obtained":[{"floor":4,"key":"SpeedPotion"},{"floor":7,"key":"Energy Potion"},{"floor":10,"key":"Regen Potion"},{"floor":16,"key":"Energy Potion"},{"floor":20,"key":"Swift Potion"},{"floor":27,"key":"Poison Potion"},{"floor":30,"key":"Regen Potion"},{"floor":35,"key":"Fire Potion"},{"floor":38,"key":"Regen Potion"},{"floor":40,"key":"Weak Potion"}],"is_trial":false,"path_per_floor":["M","?","?","M","M","E","M","E","T","M","R","?","?","M","R","B",null,"M","?","M","$","?","E","R","$","T","M","?","?","M","?","R","B",null,"M","?","?","M","?","E","R","?","T","M","$","M","?"],"character_chosen":"IRONCLAD","items_purchased":["TheAbacus","Metallicize","Evolve","Warcry","Lantern","Swift Potion","Impervious","Shrug It Off","Brimstone","WingedGreaves","Pen Nib","Sundial"],"campfire_rested":0,"item_purchase_floors":[21,21,21,21,25,25,45,45,45,45,45,45],"current_hp_per_floor":[80,60,60,60,66,34,40,28,28,34,34,27,27,33,33,32,80,77,77,56,56,50,12,12,12,12,18,18,18,22,22,22,44,82,64,64,64,68,57,40,40,40,40,29,29,13,0],"gold":21,"neow_bonus":"UPGRADE_CARD","is_prod":false,"is_daily":false,"chose_seed":false,"campfire_upgraded":5,"win_rate":0,"timestamp":1542771278,"path_taken":["M","?","?","M","M","E","M","E","T","M","R","?","?","M","R","BOSS","M","?","M","$","?","E","R","$","T","M","?","?","M","?","R","BOSS","M","?","?","M","?","E","R","?","T","M","$","M","?"],"build_version":"2018-11-15","purchased_purges":3,"victory":false,"max_hp_per_floor":[80,80,80,80,80,80,80,80,80,80,80,80,80,80,80,80,80,80,80,80,80,80,80,80,80,80,80,80,80,81,81,81,82,82,83,83,83,84,84,85,85,85,85,86,86,87,87],"card_choices":[{"not_picked":["Sever Soul","Clothesline"],"picked":"Body Slam","floor":1},{"not_picked":["Warcry","Seeing Red"],"picked":"True Grit","floor":4},{"not_picked":["True Grit","Sever Soul"],"picked":"Evolve","floor":5},{"not_picked":["Bludgeon","Shockwave"],"picked":"Shrug It Off","floor":6},{"not_picked":["Anger","Disarm"],"picked":"Body Slam","floor":7},{"not_picked":["Rupture","Seeing Red"],"picked":"Shrug It Off","floor":8},{"not_picked":["Infernal Blade","Rampage"],"picked":"Iron Wave","floor":10},{"not_picked":["Iron Wave","Dual Wield"],"picked":"Ghostly Armor","floor":12},{"not_picked":["Shockwave","Cleave"],"picked":"Metallicize","floor":14},{"not_picked":["Juggernaut","Reaper"],"picked":"Barricade","floor":16},{"not_picked":["Heavy Blade","Wild Strike","Blood for Blood"],"picked":"SKIP","floor":18},{"not_picked":["Combust+1","Searing Blow"],"picked":"Flame Barrier+1","floor":20},{"not_picked":["Combust","Pommel Strike+1"],"picked":"Clash+1","floor":22},{"not_picked":["Berserk","Uppercut"],"picked":"Iron Wave","floor":23},{"not_picked":["Blood for Blood","Clash"],"picked":"Wild Strike+1","floor":27},{"not_picked":["True Grit","Inflame+1"],"picked":"Warcry+1","floor":30},{"not_picked":["Dark Embrace","Brutality"],"picked":"Barricade","floor":33},{"not_picked":["Clothesline+1","Cleave"],"picked":"Body Slam","floor":35},{"not_picked":["Deep Breath","The Bomb"],"picked":"Good Instincts","floor":36},{"not_picked":["Body Slam+1","True Grit"],"picked":"Iron Wave+1","floor":38},{"not_picked":["Seeing Red+1","Battle Trance"],"picked":"Headbutt","floor":40},{"not_picked":["Combust","Perfected Strike+1"],"picked":"Shrug It Off","floor":44},{"not_picked":["Havoc+1","Rampage+1"],"picked":"Iron Wave+1","floor":46}],"player_experience":136522,"relics_obtained":[{"floor":6,"key":"The Courier"},{"floor":8,"key":"Dream Catcher"},{"floor":9,"key":"Juzu Bracelet"},{"floor":12,"key":"Red Skull"},{"floor":22,"key":"Red Mask"},{"floor":23,"key":"Smiling Mask"},{"floor":26,"key":"Ornamental Fan"},{"floor":40,"key":"Paper Frog"},{"floor":43,"key":"Tiny Chest"}],"event_choices":[{"damage_healed":0,"gold_gain":0,"player_choice":"Take Damage","damage_taken":20,"relics_obtained":["Golden Idol"],"max_hp_gain":0,"max_hp_loss":0,"event_name":"Golden Idol","floor":2,"gold_loss":0},{"damage_healed":0,"gold_gain":0,"cards_transformed":["Strike_R"],"player_choice":"Transformed","damage_taken":0,"max_hp_gain":0,"max_hp_loss":0,"event_name":"Transmorgrifier","floor":3,"gold_loss":0,"cards_obtained":["Immolate"]},{"damage_healed":0,"gold_gain":30,"player_choice":"Searched \u00272\u0027 times","damage_taken":0,"max_hp_gain":0,"max_hp_loss":0,"event_name":"Dead Adventurer","floor":12,"gold_loss":0},{"damage_healed":0,"gold_gain":0,"player_choice":"Box","damage_taken":0,"relics_obtained":["Happy Flower"],"max_hp_gain":0,"max_hp_loss":0,"event_name":"Big Fish","floor":13,"gold_loss":0,"cards_obtained":["Regret"]},{"damage_healed":0,"gold_gain":0,"player_choice":"Inject Mutagens","damage_taken":0,"relics_obtained":["MutagenicStrength"],"max_hp_gain":0,"max_hp_loss":0,"event_name":"Drug Dealer","floor":19,"gold_loss":0},{"damage_healed":0,"gold_gain":0,"player_choice":"Fought Bandits","damage_taken":0,"max_hp_gain":0,"max_hp_loss":0,"event_name":"Masked Bandits","floor":22,"gold_loss":0},{"damage_healed":0,"gold_gain":0,"player_choice":"Gave Potion","damage_taken":0,"relics_obtained":["Letter Opener"],"max_hp_gain":0,"max_hp_loss":0,"event_name":"WeMeetAgain","floor":28,"gold_loss":0},{"damage_healed":0,"gold_gain":0,"player_choice":"Trade","damage_taken":0,"relics_obtained":["FaceOfCleric"],"max_hp_gain":0,"max_hp_loss":0,"event_name":"FaceTrader","floor":29,"gold_loss":0},{"damage_healed":0,"gold_gain":0,"player_choice":"Stole Relic","damage_taken":0,"relics_obtained":["Regal Pillow"],"max_hp_gain":0,"max_hp_loss":0,"event_name":"Addict","floor":31,"gold_loss":0,"cards_obtained":["Shame"]},{"damage_healed":0,"gold_gain":0,"player_choice":"Memory 1","damage_taken":0,"max_hp_gain":0,"max_hp_loss":0,"event_name":"SensoryStone","floor":36,"gold_loss":0},{"damage_healed":0,"gold_gain":222,"player_choice":"Wore Mask","damage_taken":0,"max_hp_gain":0,"max_hp_loss":0,"event_name":"Tomb of Lord Red Mask","floor":37,"gold_loss":0},{"damage_healed":0,"gold_gain":0,"player_choice":"Embrace Madness","damage_taken":11,"max_hp_gain":0,"max_hp_loss":0,"event_name":"Winding Halls","floor":39,"gold_loss":0,"cards_obtained":["Madness","Madness"]},{"damage_healed":0,"gold_gain":333,"player_choice":"Gave Idol","damage_taken":0,"max_hp_gain":0,"max_hp_loss":0,"event_name":"The Moai Head","floor":42,"relics_lost":["Golden Idol"],"gold_loss":0},{"damage_healed":0,"gold_gain":0,"player_choice":"Fight","damage_taken":0,"max_hp_gain":0,"max_hp_loss":0,"event_name":"Mysterious Sphere","floor":47,"gold_loss":0}],"is_beta":false,"boss_relics":[{"not_picked":["Runic Pyramid","Tiny House"],"picked":"Coffee Dripper"},{"not_picked":["White Beast Statue","Fusion Hammer"],"picked":"Empty Cage"}],"items_purged_floors":[21,25,45],"is_endless":false,"potions_floor_spawned":[4,7,10,16,20,27,30,35,38,40],"killed_by":"2 Orb Walkers","ascension_level":0}