{"gold_per_floor":[112,112,127,147,202,227,227,255,321,258,284,296,56,56,56,56],"floor_reached":16,"playtime":438,"items_purged":["Strike_R"],"score":194,"play_id":"4823ff3d-c8bc-43df-8df1-2ff63113655f","local_time":"20190811004128","is_ascension_mode":true,"campfire_choices":[{"floor":7,"key":"REST"},{"data":"Flame Barrier","floor":12,"key":"SMITH"},{"data":"Uppercut","floor":15,"key":"SMITH"}],"neow_cost":"NONE","seed_source_timestamp":450909614238681,"circlet_count":0,"master_deck":["AscendersBane","Strike_R+1","Strike_R","Strike_R+1","Defend_R","Defend_R","Defend_R","Defend_R","Bash","Carnage","Flame Barrier+1","Cleave","Uppercut+1","Demon Form"],"relics":["Burning Blood","Oddly Smooth Stone","Dodecahedron","MawBank","Pen Nib","Golden Idol"],"potions_floor_usage":[8,16],"damage_taken":[{"damage":2,"enemies":"Small Slimes","floor":1,"turns":4},{"damage":4,"enemies":"2 Louse","floor":3,"turns":3},{"damage":6,"enemies":"Jaw Worm","floor":4,"turns":3},{"damage":36,"enemies":"3 Sentries","floor":6,"turns":12},{"damage":15,"enemies":"Gremlin Nob","floor":8,"turns":4},{"damage":0,"enemies":"2 Fungi Beasts","floor":11,"turns":3},{"damage":42,"enemies":"Slime Boss","floor":16,"turns":9}],"seed_played":"-636601418964196549","potions_obtained":[{"floor":1,"key":"Weak Potion"},{"floor":8,"key":"Dexterity Potion"},{"floor":11,"key":"Swift Potion"}],"is_trial":false,"path_per_floor":["M","?","M","M","?","E","R","E","T","?","M","R","$","?","R","B"],"character_chosen":"IRONCLAD","items_purchased":["Demon Form"],"campfire_rested":1,"item_purchase_floors":[13],"current_hp_per_floor":[72,49,51,51,51,21,43,34,34,34,40,40,40,40,40,0],"gold":56,"neow_bonus":"RANDOM_COMMON_RELIC","is_prod":false,"is_daily":false,"chose_seed":false,"campfire_upgraded":2,"win_rate":0,"timestamp":1565498488,"path_taken":["M","?","M","M","?","E","R","E","T","?","M","R","$","?","R","BOSS"],"build_version":"2019-07-17","purchased_purges":1,"victory":false,"max_hp_per_floor":[75,75,75,75,75,75,75,75,75,75,75,75,75,68,68,68],"card_choices":[{"not_picked":["Dual Wield","Sever Soul","Havoc"],"picked":"SKIP","floor":1},{"not_picked":["Metallicize","Anger"],"picked":"Carnage","floor":3},{"not_picked":["True Grit","Warcry"],"picked":"Flame Barrier","floor":4},{"not_picked":["Heavy Blade","Perfected Strike","Warcry"],"picked":"SKIP","floor":6},{"not_picked":["Perfected Strike","Exhume"],"picked":"Cleave","floor":8},{"not_picked":["Warcry","Rampage"],"picked":"Uppercut","floor":11}],"player_experience":773863,"relics_obtained":[{"floor":6,"key":"Dodecahedron"},{"floor":8,"key":"MawBank"},{"floor":9,"key":"Pen Nib"}],"event_choices":[{"damage_healed":0,"gold_gain":0,"player_choice":"Entered Light","damage_taken":23,"max_hp_gain":0,"max_hp_loss":0,"event_name":"Shining Light","floor":2,"gold_loss":0,"cards_upgraded":["Strike_R","Strike_R"]},{"damage_healed":0,"gold_gain":55,"player_choice":"Gained Gold","damage_taken":0,"max_hp_gain":0,"max_hp_loss":0,"event_name":"Golden Wing","floor":5,"gold_loss":0},{"cards_removed":["Strike_R"],"damage_healed":0,"gold_gain":0,"player_choice":"Card Removal","damage_taken":0,"max_hp_gain":0,"max_hp_loss":0,"event_name":"The Cleric","floor":10,"gold_loss":75},{"damage_healed":0,"gold_gain":0,"player_choice":"Lose Max HP","damage_taken":0,"relics_obtained":["Golden Idol"],"max_hp_gain":0,"max_hp_loss":7,"event_name":"Golden Idol","floor":14,"gold_loss":0}],"is_beta":false,"boss_relics":[],"items_purged_floors":[13],"is_endless":false,"potions_floor_spawned":[1,8,11],"killed_by":"Slime Boss","ascension_level":16}