{"gold_per_floor":[109,109,109,128,128,163,163,198,271,281,48,48,61,81,81,186,186,203,7,22,22,34,94,94,113,136,154,154,186,201,201,201,303,303,316,316,387,387],"floor_reached":38,"playtime":3179,"items_purged":["Regret"],"score":470,"play_id":"2d6a28d7-bced-419d-ab13-f10e5841b4aa","local_time":"20190721170537","is_ascension_mode":true,"campfire_choices":[{"floor":7,"key":"REST"},{"floor":15,"key":"REST"},{"floor":24,"key":"REST"},{"floor":28,"key":"REST"},{"floor":32,"key":"RECALL"}],"neow_cost":"NONE","seed_source_timestamp":882471757990801,"circlet_count":0,"master_deck":["Strike_B","Strike_B+1","Defend_B","Zap+1","Dualcast","Chill","Tempest","Consume","Skim","Barrage","Leap","Capacitor+1","Turbo","Hologram","Machine Learning+1","Defragment+1","Defragment+1","Hologram","Hologram","Ball Lightning","Hologram","Go for the Eyes+1","Barrage","Buffer+1","Leap+1","Fission","Machine Learning+1","Turbo+1","Static Discharge+1","Leap+1"],"relics":["Cracked Core","Oddly Smooth Stone","Centennial Puzzle","Frozen Egg 2","Bronze Scales","Velvet Choker","Nloth\u0027s Gift","Tiny Chest","Pocketwatch","Astrolabe","Bottled Lightning"],"potions_floor_usage":[8,13,33,33,38,38,38],"damage_taken":[{"damage":8,"enemies":"2 Louse","floor":1,"turns":2},{"damage":1,"enemies":"Small Slimes","floor":4,"turns":3},{"damage":43,"enemies":"Lagavulin","floor":6,"turns":6},{"damage":13,"enemies":"Gremlin Nob","floor":8,"turns":3},{"damage":0,"enemies":"Cultist","floor":10,"turns":2},{"damage":13,"enemies":"Blue Slaver","floor":13,"turns":3},{"damage":2,"enemies":"Large Slime","floor":14,"turns":3},{"damage":41,"enemies":"The Guardian","floor":16,"turns":9},{"damage":2,"enemies":"3 Byrds","floor":18,"turns":3},{"damage":6,"enemies":"Chosen","floor":20,"turns":3},{"damage":11,"enemies":"Snake Plant","floor":22,"turns":3},{"damage":44,"enemies":"Slavers","floor":23,"turns":6},{"damage":10,"enemies":"Centurion and Healer","floor":25,"turns":5},{"damage":0,"enemies":"Chosen and Byrds","floor":27,"turns":4},{"damage":8,"enemies":"Gremlin Leader","floor":29,"turns":5},{"damage":16,"enemies":"Snecko","floor":30,"turns":4},{"damage":20,"enemies":"Collector","floor":33,"turns":8},{"damage":16,"enemies":"3 Shapes","floor":35,"turns":5},{"damage":88,"enemies":"2 Orb Walkers","floor":38,"turns":5}],"seed_played":"-1017897102244543195","potions_obtained":[{"floor":6,"key":"SkillPotion"},{"floor":8,"key":"SkillPotion"},{"floor":10,"key":"FairyPotion"},{"floor":23,"key":"GamblersBrew"},{"floor":25,"key":"Block Potion"},{"floor":30,"key":"PowerPotion"},{"floor":33,"key":"SteroidPotion"},{"floor":35,"key":"SteroidPotion"}],"is_trial":false,"path_per_floor":["M","?","?","M","?","E","R","E","T","M","$","?","M","M","R","B",null,"M","$","M","?","M","E","R","M","T","M","R","E","M","?","R","B",null,"M","?","T","?"],"character_chosen":"DEFECT","items_purchased":["Capacitor+1","Bronze Scales","Defragment+1","Hologram"],"campfire_rested":4,"item_purchase_floors":[11,11,19,19],"current_hp_per_floor":[74,74,74,73,57,14,38,25,25,25,25,18,5,3,27,1,82,80,80,74,74,63,19,43,33,33,33,57,49,33,60,60,40,82,66,66,66,0],"gold":387,"neow_bonus":"TEN_PERCENT_HP_BONUS","is_prod":false,"is_daily":false,"chose_seed":false,"campfire_upgraded":0,"win_rate":0,"timestamp":1563746737,"path_taken":["M","?","?","M","?","E","R","E","T","M","$","?","M","M","R","BOSS","M","$","M","?","M","E","R","M","T","?","R","E","M","?","R","BOSS","M","?","?","?"],"build_version":"2019-07-17","purchased_purges":1,"victory":false,"max_hp_per_floor":[82,82,82,82,82,82,82,82,82,82,82,82,82,82,82,82,82,82,82,82,82,82,82,82,82,82,82,82,82,82,82,82,82,82,82,78,78,78],"card_choices":[{"not_picked":["Gash","Rebound"],"picked":"Chill","floor":1},{"not_picked":["Conserve Battery","Aggregate"],"picked":"Consume","floor":4},{"not_picked":["Double Energy","Hello World"],"picked":"Skim","floor":6},{"not_picked":["Ball Lightning","Darkness"],"picked":"Barrage","floor":8},{"not_picked":["Rebound","Steam"],"picked":"Leap","floor":10},{"not_picked":["Stack","Heatsinks+1"],"picked":"Turbo","floor":13},{"not_picked":["BootSequence","Sweeping Beam"],"picked":"Hologram","floor":14},{"not_picked":["Seek","Multi-Cast"],"picked":"Machine Learning+1","floor":16},{"not_picked":["Aggregate","Streamline"],"picked":"Defragment+1","floor":18},{"not_picked":["Heatsinks+1","Ball Lightning"],"picked":"Hologram","floor":20},{"not_picked":["Streamline+1","Turbo"],"picked":"Ball Lightning","floor":22},{"not_picked":["Melter","Buffer+1"],"picked":"Hologram","floor":23},{"not_picked":["Streamline","Ball Lightning"],"picked":"Go for the Eyes+1","floor":25},{"not_picked":["Fission","Darkness+1"],"picked":"Barrage","floor":27},{"not_picked":["Hologram","Fission"],"picked":"Buffer+1","floor":29},{"not_picked":["Compile Driver+1","Stack"],"picked":"Leap+1","floor":30},{"not_picked":["Reboot","Multi-Cast"],"picked":"Fission","floor":33},{"not_picked":["Storm+1","Hologram"],"picked":"Leap+1","floor":35}],"player_experience":55465,"relics_obtained":[{"floor":6,"key":"Dodecahedron"},{"floor":8,"key":"Centennial Puzzle"},{"floor":9,"key":"Frozen Egg 2"},{"floor":23,"key":"Tiny Chest"},{"floor":29,"key":"Pocketwatch"},{"floor":37,"key":"Bottled Lightning"}],"event_choices":[{"damage_healed":0,"gold_gain":0,"player_choice":"Box","damage_taken":0,"relics_obtained":["Oddly Smooth Stone"],"max_hp_gain":0,"max_hp_loss":0,"event_name":"Big Fish","floor":2,"gold_loss":0,"cards_obtained":["Regret"]},{"damage_healed":0,"gold_gain":0,"cards_transformed":["Defend_B"],"player_choice":"Change","damage_taken":0,"max_hp_gain":0,"max_hp_loss":0,"event_name":"Living Wall","floor":3,"gold_loss":0,"cards_obtained":["Tempest"]},{"damage_healed":0,"gold_gain":0,"player_choice":"Entered Light","damage_taken":16,"max_hp_gain":0,"max_hp_loss":0,"event_name":"Shining Light","floor":5,"gold_loss":0,"cards_upgraded":["Strike_B","Zap"]},{"cards_removed":["Strike_B"],"damage_healed":0,"gold_gain":0,"player_choice":"Card Removal","damage_taken":7,"max_hp_gain":0,"max_hp_loss":0,"event_name":"Golden Wing","floor":12,"gold_loss":0},{"damage_healed":0,"gold_gain":0,"player_choice":"Traded Relic","damage_taken":0,"relics_obtained":["Nloth\u0027s Gift"],"max_hp_gain":0,"max_hp_loss":0,"event_name":"N\u0027loth","floor":21,"relics_lost":["Dodecahedron"],"gold_loss":0},{"damage_healed":27,"gold_gain":0,"player_choice":"Heal","damage_taken":0,"max_hp_gain":0,"max_hp_loss":0,"event_name":"The Library","floor":31,"gold_loss":0},{"damage_healed":0,"gold_gain":0,"player_choice":"Max HP","damage_taken":0,"max_hp_gain":0,"max_hp_loss":4,"event_name":"Winding Halls","floor":36,"gold_loss":0},{"damage_healed":0,"gold_gain":0,"player_choice":"Fight","damage_taken":0,"max_hp_gain":0,"max_hp_loss":0,"event_name":"Mysterious Sphere","floor":38,"gold_loss":0}],"is_beta":false,"boss_relics":[{"not_picked":["Philosopher\u0027s Stone","Sozu"],"picked":"Velvet Choker"},{"not_picked":["Orrery","Fusion Hammer"],"picked":"Astrolabe"}],"items_purged_floors":[19],"is_endless":false,"potions_floor_spawned":[6,8,10,23,25,30,33,35],"killed_by":"2 Orb Walkers","ascension_level":1}