{"gold_per_floor":[115,115,115,115,61,93,93,121,121,121,144,155,155,174,174,274,274,285,320,337,350,367,367],"floor_reached":23,"playtime":1200,"items_purged":[],"score":199,"play_id":"306870c7-f0e2-4909-a0bd-16c2eb5f60eb","local_time":"20190530185540","is_ascension_mode":false,"campfire_choices":[{"data":"Electrodynamics","floor":7,"key":"SMITH"},{"data":"Buffer","floor":10,"key":"SMITH"},{"data":"Beam Cell","floor":13,"key":"SMITH"},{"data":"Barrage","floor":15,"key":"SMITH"}],"neow_cost":"TEN_PERCENT_HP_LOSS","seed_source_timestamp":987547307010591,"circlet_count":0,"master_deck":["Strike_B","Strike_B","Strike_B","Strike_B","Defend_B","Defend_B","Defend_B","Defend_B+1","Zap","Dualcast","Master of Strategy+1","Panacea","Beam Cell+1","Regret","Ball Lightning","Electrodynamics+1","Buffer+1","Barrage+1","Glacier","Biased Cognition","Redo","Glacier","Rebound+1","Hologram"],"relics":["Cracked Core","Regal Pillow","Potion Belt","Bag of Marbles","Pocketwatch","Ornamental Fan","Strawberry","Inserter","Red Mask"],"potions_floor_usage":[16,16,23],"damage_taken":[{"damage":1,"enemies":"Cultist","floor":1,"turns":3},{"damage":24,"enemies":"Lagavulin","floor":6,"turns":6},{"damage":5,"enemies":"3 Sentries","floor":8,"turns":3},{"damage":0,"enemies":"Small Slimes","floor":12,"turns":2},{"damage":0,"enemies":"2 Louse","floor":14,"turns":2},{"damage":21,"enemies":"The Guardian","floor":16,"turns":11},{"damage":5,"enemies":"3 Byrds","floor":18,"turns":3},{"damage":21,"enemies":"Masked Bandits","floor":19,"turns":3},{"damage":9,"enemies":"Spheric Guardian","floor":20,"turns":4},{"damage":3,"enemies":"Snecko","floor":21,"turns":4},{"damage":16,"enemies":"Snake Plant","floor":22,"turns":4},{"damage":34,"enemies":"Book of Stabbing","floor":23,"turns":5}],"seed_played":"-6419066888240789747","potions_obtained":[{"floor":8,"key":"Fire Potion"},{"floor":12,"key":"Swift Potion"},{"floor":14,"key":"Block Potion"},{"floor":19,"key":"FairyPotion"},{"floor":21,"key":"FearPotion"},{"floor":22,"key":"SpeedPotion"}],"is_trial":false,"path_per_floor":["M","?","?","?","$","E","R","E","T","R","T","M","R","M","R","B",null,"M","?","M","M","M","E"],"character_chosen":"DEFECT","items_purchased":["Ball Lightning"],"campfire_rested":0,"item_purchase_floors":[5],"current_hp_per_floor":[67,53,46,46,46,22,22,17,17,17,24,24,24,24,24,3,75,70,49,40,37,21,0],"gold":367,"neow_bonus":"RANDOM_COLORLESS_2","is_prod":false,"is_daily":false,"chose_seed":false,"campfire_upgraded":4,"win_rate":0.0,"timestamp":1559260540,"path_taken":["M","?","?","?","$","E","R","E","T","R","?","M","R","M","R","BOSS","M","?","M","M","M","E"],"build_version":"2019-01-23","purchased_purges":0,"victory":false,"max_hp_per_floor":[68,68,68,68,68,68,68,68,68,68,75,75,75,75,75,75,75,75,75,75,75,75,75],"card_choices":[{"not_picked":["Go for the Eyes","Turbo"],"picked":"Beam Cell","floor":1},{"not_picked":["Coolheaded","Compile Driver"],"picked":"Electrodynamics","floor":6},{"not_picked":["Turbo","Beam Cell"],"picked":"Buffer","floor":8},{"not_picked":["Consume","Rebound"],"picked":"Barrage","floor":12},{"not_picked":["Hologram","Consume"],"picked":"Glacier","floor":14},{"not_picked":["Seek","Electrodynamics"],"picked":"Biased Cognition","floor":16},{"not_picked":["Stack+1","Turbo+1"],"picked":"Redo","floor":18},{"not_picked":["Barrage+1","Streamline"],"picked":"Glacier","floor":19},{"not_picked":["Compile Driver","Leap","Gash"],"picked":"SKIP","floor":20},{"not_picked":["Stack","Leap"],"picked":"Rebound+1","floor":21},{"not_picked":["Go for the Eyes","Beam Cell"],"picked":"Hologram","floor":22}],"player_experience":36202,"relics_obtained":[{"floor":6,"key":"Bag of Marbles"},{"floor":8,"key":"Pocketwatch"},{"floor":9,"key":"Ornamental Fan"},{"floor":11,"key":"Strawberry"},{"floor":19,"key":"Red Mask"}],"event_choices":[{"damage_healed":0,"gold_gain":0,"player_choice":"Entered Light","damage_taken":14,"max_hp_gain":0,"max_hp_loss":0,"event_name":"Shining Light","floor":2,"gold_loss":0,"cards_upgraded":["Defend_B","Master of Strategy"]},{"damage_healed":0,"gold_gain":0,"player_choice":"Success","damage_taken":7,"relics_obtained":["Regal Pillow"],"max_hp_gain":0,"max_hp_loss":0,"event_name":"Scrap Ooze","floor":3,"gold_loss":0},{"damage_healed":0,"gold_gain":0,"player_choice":"Box","damage_taken":0,"relics_obtained":["Potion Belt"],"max_hp_gain":0,"max_hp_loss":0,"event_name":"Big Fish","floor":4,"gold_loss":0,"cards_obtained":["Regret"]},{"damage_healed":0,"gold_gain":0,"player_choice":"Fought Bandits","damage_taken":0,"max_hp_gain":0,"max_hp_loss":0,"event_name":"Masked Bandits","floor":19,"gold_loss":0}],"is_beta":false,"boss_relics":[{"not_picked":["Tiny House","FrozenCore"],"picked":"Inserter"}],"items_purged_floors":[],"is_endless":false,"potions_floor_spawned":[8,12,14,19,21,22],"killed_by":"Book of Stabbing","ascension_level":0}