{"gold_per_floor":[112,44,57,73,73,73,107,121,121,71,71,89,100,100,100,100],"floor_reached":16,"playtime":326,"items_purged":[],"score":107,"play_id":"9bb43b50-4cd7-409c-b31d-37633e8743f2","local_time":"20190722122823","is_ascension_mode":true,"campfire_choices":[{"data":"Zap","floor":6,"key":"SMITH"},{"data":"Coolheaded","floor":11,"key":"SMITH"},{"data":"Redo","floor":15,"key":"SMITH"}],"neow_cost":"NONE","seed_source_timestamp":9685189900622488,"circlet_count":0,"master_deck":["Strike_B","Strike_B","Defend_B","Defend_B","Defend_B","Zap+1","Dualcast","Coolheaded+1","Doom and Gloom","Redo+1","Regret"],"relics":["Cracked Core","Ornamental Fan","The Courier","Question Card"],"potions_floor_usage":[],"damage_taken":[{"damage":1,"enemies":"Cultist","floor":1,"turns":3},{"damage":0,"enemies":"2 Louse","floor":3,"turns":2},{"damage":7,"enemies":"Small Slimes","floor":4,"turns":2},{"damage":22,"enemies":"Lagavulin","floor":7,"turns":6},{"damage":15,"enemies":"Blue Slaver","floor":8,"turns":3},{"damage":0,"enemies":"Large Slime","floor":12,"turns":2},{"damage":0,"enemies":"3 Louse","floor":13,"turns":2},{"damage":23,"enemies":"The Guardian","floor":16,"turns":3}],"seed_played":"-4377751471042599859","potions_obtained":[{"floor":12,"key":"GamblersBrew"},{"floor":13,"key":"LiquidBronze"}],"is_trial":false,"path_per_floor":["M","$","M","M","?","R","E","M","T","?","R","M","M","?","R","B"],"character_chosen":"DEFECT","items_purchased":["Doom and Gloom"],"campfire_rested":0,"item_purchase_floors":[2],"current_hp_per_floor":[74,74,74,67,60,60,38,23,23,23,23,23,23,23,23,0],"gold":100,"neow_bonus":"REMOVE_CARD","is_prod":false,"is_daily":false,"chose_seed":false,"campfire_upgraded":3,"win_rate":0,"timestamp":1563776903,"path_taken":["M","$","M","?","?","R","E","M","T","?","R","M","M","?","R","BOSS"],"build_version":"2019-07-17","purchased_purges":0,"victory":false,"max_hp_per_floor":[75,75,75,75,75,75,75,75,75,75,75,75,75,75,75,75],"card_choices":[{"not_picked":["Conserve Battery","Redo"],"picked":"Coolheaded","floor":1},{"not_picked":["Beam Cell","Consume","Conserve Battery"],"picked":"SKIP","floor":3},{"not_picked":["Cold Snap","Ball Lightning","Reprogram"],"picked":"SKIP","floor":4},{"not_picked":["Beam Cell","Hologram","Reinforced Body"],"picked":"SKIP","floor":7},{"not_picked":["Leap","Beam Cell","Rainbow"],"picked":"SKIP","floor":8},{"not_picked":["Go for the Eyes","Cold Snap","Beam Cell"],"picked":"SKIP","floor":12},{"not_picked":["Tempest","Defragment"],"picked":"Redo","floor":13}],"player_experience":1570350,"relics_obtained":[{"floor":7,"key":"Ornamental Fan"},{"floor":9,"key":"The Courier"}],"event_choices":[{"cards_removed":["Strike_B"],"damage_healed":0,"gold_gain":0,"player_choice":"Card Removal","damage_taken":7,"max_hp_gain":0,"max_hp_loss":0,"event_name":"Golden Wing","floor":5,"gold_loss":0},{"cards_removed":["Strike_B"],"damage_healed":0,"gold_gain":0,"player_choice":"Card Removal","damage_taken":0,"max_hp_gain":0,"max_hp_loss":0,"event_name":"The Cleric","floor":10,"gold_loss":50},{"damage_healed":0,"gold_gain":0,"player_choice":"Box","damage_taken":0,"relics_obtained":["Question Card"],"max_hp_gain":0,"max_hp_loss":0,"event_name":"Big Fish","floor":14,"gold_loss":0,"cards_obtained":["Regret"]}],"is_beta":false,"boss_relics":[],"items_purged_floors":[],"is_endless":false,"potions_floor_spawned":[12,13],"killed_by":"The Guardian","ascension_level":1}