{"gold_per_floor":[118,134,147,161,174,208,58,87,111,127,127,137,137,153,153,284,284,305,324,27,27,27,27,63,63,63,63,63,94,57,72,72,202,202,215,233,157,176,176,176,215,231,231,231,281,62,86,86,86,86],"floor_reached":51,"playtime":2130,"items_purged":["Normality"],"score":1031,"play_id":"73a34cc1-d7e0-464e-9511-dd303b2ca769","local_time":"20190615215827","is_ascension_mode":true,"campfire_choices":[{"floor":15,"key":"REST"},{"data":"Defragment","floor":23,"key":"SMITH"},{"data":"Loop","floor":25,"key":"SMITH"},{"data":"Creative AI","floor":28,"key":"SMITH"},{"floor":32,"key":"REST"},{"data":"Loop","floor":40,"key":"SMITH"},{"data":"Biased Cognition","floor":44,"key":"SMITH"},{"data":"Defragment","floor":49,"key":"SMITH"}],"neow_cost":"NONE","seed_source_timestamp":346822220762450,"circlet_count":0,"master_deck":["Strike_B","Defend_B","Defend_B","Defend_B","Defend_B","Zap","Dualcast","Ball Lightning+1","Melter","Coolheaded","Self Repair","Defragment+1","White Noise","Doom and Gloom+1","Defragment+1","Creative AI+1","FTL","Leap","Defragment","Echo Form","Loop+1","Doom and Gloom+1","Glacier","Genetic Algorithm+1","Biased Cognition+1","Hologram+1","Loop+1","Go for the Eyes+1","Regret"],"relics":["Cracked Core","Happy Flower","DataDisk","Thread and Needle","Blood Vial","Bottled Flame","Golden Idol","White Beast Statue","Bag of Preparation","FaceOfCleric","Juzu Bracelet","Boot","Anchor","Cursed Key","Ancient Tea Set","Singing Bowl","Whetstone","Lantern"],"potions_floor_usage":[3,6,8,12,14,24,24,29,33,33,41,50,50,50],"damage_taken":[{"damage":0,"enemies":"Cultist","floor":1,"turns":3},{"damage":9,"enemies":"2 Louse","floor":2,"turns":2},{"damage":1,"enemies":"Jaw Worm","floor":3,"turns":2},{"damage":7,"enemies":"Looter","floor":4,"turns":3},{"damage":5,"enemies":"Large Slime","floor":5,"turns":5},{"damage":16,"enemies":"Gremlin Nob","floor":6,"turns":3},{"damage":15,"enemies":"Lagavulin","floor":8,"turns":5},{"damage":30,"enemies":"Gremlin Gang","floor":10,"turns":4},{"damage":3,"enemies":"Exordium Thugs","floor":12,"turns":3},{"damage":0,"enemies":"Lots of Slimes","floor":14,"turns":2},{"damage":14,"enemies":"Slime Boss","floor":16,"turns":8},{"damage":19,"enemies":"Shell Parasite","floor":18,"turns":4},{"damage":12,"enemies":"Chosen","floor":19,"turns":6},{"damage":17,"enemies":"Gremlin Leader","floor":24,"turns":5},{"damage":31,"enemies":"Book of Stabbing","floor":29,"turns":10},{"damage":18,"enemies":"Snecko","floor":31,"turns":5},{"damage":11,"enemies":"Champ","floor":33,"turns":11},{"damage":7,"enemies":"3 Shapes","floor":35,"turns":4},{"damage":0,"enemies":"Orb Walker","floor":36,"turns":5},{"damage":0,"enemies":"Sphere and 2 Shapes","floor":38,"turns":6},{"damage":0,"enemies":"Nemesis","floor":41,"turns":9},{"damage":18,"enemies":"4 Shapes","floor":42,"turns":7},{"damage":21,"enemies":"Transient","floor":47,"turns":5},{"damage":58,"enemies":"Time Eater","floor":50,"turns":8}],"seed_played":"-1361545481933214469","potions_obtained":[{"floor":0,"key":"FearPotion"},{"floor":0,"key":"Dexterity Potion"},{"floor":0,"key":"SkillPotion"},{"floor":1,"key":"PowerPotion"},{"floor":3,"key":"PowerPotion"},{"floor":10,"key":"Explosive Potion"},{"floor":18,"key":"Ancient Potion"},{"floor":19,"key":"Poison Potion"},{"floor":24,"key":"Energy Potion"},{"floor":29,"key":"Poison Potion"},{"floor":31,"key":"EssenceOfSteel"},{"floor":33,"key":"EssenceOfSteel"},{"floor":35,"key":"Block Potion"},{"floor":41,"key":"FearPotion"},{"floor":48,"key":"AttackPotion"}],"is_trial":false,"path_per_floor":["M","M","M","M","M","E","$","E","T","M","T","M","?","M","R","B",null,"M","M","$","?","?","R","E","R","T","?","R","E","$","M","R","B",null,"M","M","$","M","$","R","E","M","T","R","T","$","M","?","R","B",null],"character_chosen":"DEFECT","items_purchased":["DataDisk","Defragment","Bag of Preparation","Regen Potion","Glacier","Loop","Lantern"],"campfire_rested":2,"item_purchase_floors":[7,20,20,20,30,37,46],"current_hp_per_floor":[68,59,58,51,53,44,44,36,36,8,8,7,7,9,29,24,58,48,38,38,38,38,38,38,38,38,38,38,17,17,16,37,43,66,62,72,72,76,76,76,77,67,67,67,67,67,65,65,65,17],"gold":86,"neow_bonus":"THREE_SMALL_POTIONS","is_prod":false,"is_daily":false,"chose_seed":false,"campfire_upgraded":6,"win_rate":0,"timestamp":1560653907,"path_taken":["M","M","M","?","M","E","$","E","T","M","?","M","?","?","R","BOSS","M","M","$","?","?","R","E","R","T","?","R","E","?","M","R","BOSS","M","M","?","M","$","R","E","M","T","R","?","$","M","?","R","BOSS"],"build_version":"2019-01-23","purchased_purges":1,"victory":true,"max_hp_per_floor":[75,75,75,75,75,75,75,75,75,75,75,75,69,69,69,69,69,69,69,69,69,69,69,70,70,70,70,70,71,71,72,72,73,73,74,75,75,76,76,76,77,78,78,78,78,78,81,81,81,82],"card_choices":[{"not_picked":["Tempest","Aggregate"],"picked":"Ball Lightning","floor":1},{"not_picked":["Sweeping Beam","Rebound"],"picked":"Melter","floor":2},{"not_picked":["Hologram","Rebound"],"picked":"Coolheaded","floor":3},{"not_picked":["Conserve Battery","Stack"],"picked":"Self Repair","floor":4},{"not_picked":["Reprogram","Conserve Battery"],"picked":"Defragment","floor":5},{"not_picked":["Turbo","Coolheaded","Compile Driver"],"picked":"SKIP","floor":6},{"not_picked":["Aggregate","Turbo"],"picked":"White Noise","floor":8},{"not_picked":["Steam","Self Repair"],"picked":"Doom and Gloom","floor":10},{"not_picked":["Skim","Multi-Cast"],"picked":"Defragment","floor":12},{"not_picked":["Barrage","Turbo","Streamline"],"picked":"SKIP","floor":14},{"not_picked":["Buffer","Reboot"],"picked":"Creative AI","floor":16},{"not_picked":["Go for the Eyes","Barrage"],"picked":"FTL","floor":18},{"not_picked":["Compile Driver","Rebound"],"picked":"Leap","floor":19},{"not_picked":["Hologram","Creative AI"],"picked":"Doom and Gloom+1","floor":24},{"not_picked":["BootSequence","Hologram","Static Discharge+1"],"picked":"SKIP","floor":29},{"not_picked":["Steam","Recycle"],"picked":"Genetic Algorithm+1","floor":31},{"not_picked":["Reboot","Core Surge"],"picked":"Biased Cognition","floor":33},{"not_picked":["Lockon+1","Double Energy","Streamline"],"picked":"SKIP","floor":35},{"not_picked":["Rip and Tear","Beam Cell"],"picked":"Hologram+1","floor":36},{"not_picked":["Fusion","Undo","Tempest"],"picked":"SKIP","floor":38},{"not_picked":["Ball Lightning","Redo+1"],"picked":"Go for the Eyes+1","floor":41},{"not_picked":["Conserve Battery","Sweeping Beam+1","Streamline"],"picked":"SKIP","floor":42},{"not_picked":["Reprogram","Stack+1","Thunder Strike"],"picked":"Singing Bowl","floor":47}],"player_experience":196786,"relics_obtained":[{"floor":6,"key":"Happy Flower"},{"floor":8,"key":"Thread and Needle"},{"floor":9,"key":"Blood Vial"},{"floor":11,"key":"Bottled Flame"},{"floor":24,"key":"Juzu Bracelet"},{"floor":26,"key":"Boot"},{"floor":29,"key":"Anchor"},{"floor":41,"key":"Ancient Tea Set"},{"floor":43,"key":"Singing Bowl"},{"floor":45,"key":"Whetstone"}],"event_choices":[{"damage_healed":0,"gold_gain":0,"player_choice":"Lose Max HP","damage_taken":0,"relics_obtained":["Golden Idol"],"max_hp_gain":0,"max_hp_loss":6,"event_name":"Golden Idol","floor":13,"gold_loss":0},{"damage_healed":0,"gold_gain":0,"cards_transformed":["Strike_B","Strike_B"],"player_choice":"Became Test Subject","damage_taken":0,"max_hp_gain":0,"max_hp_loss":0,"event_name":"Drug Dealer","floor":21,"gold_loss":0,"cards_obtained":["Echo Form","Loop"]},{"damage_healed":0,"gold_gain":0,"player_choice":"Trade","damage_taken":0,"relics_obtained":["FaceOfCleric"],"max_hp_gain":0,"max_hp_loss":0,"event_name":"FaceTrader","floor":22,"gold_loss":0},{"cards_removed":["Strike_B"],"damage_healed":0,"gold_gain":0,"player_choice":"Card Removal","damage_taken":0,"max_hp_gain":0,"max_hp_loss":0,"event_name":"Wheel of Change","floor":27,"gold_loss":0},{"damage_healed":0,"gold_gain":0,"player_choice":"Got Potions","damage_taken":0,"max_hp_gain":0,"max_hp_loss":0,"event_name":"Lab","floor":48,"gold_loss":0}],"is_beta":false,"boss_relics":[{"not_picked":["Velvet Choker","Runic Pyramid"],"picked":"White Beast Statue"},{"not_picked":["Fusion Hammer","Inserter"],"picked":"Cursed Key"}],"items_purged_floors":[46],"is_endless":false,"potions_floor_spawned":[1,3,5,10,18,19,24,29,31,33,35,36,38,41,42,47],"ascension_level":7}