{"gold_per_floor":[111,122,272,35,54,89,89,119,119,119,131,101,112,146,146,223,273,284,244,244,31,31,31,63,63],"floor_reached":25,"playtime":2724,"items_purged":["Doubt","Strike_B"],"score":503,"play_id":"f52b7004-f8b7-4b50-9fcf-a85740a1a3c3","local_time":"20190817125616","is_ascension_mode":true,"campfire_choices":[{"data":"Beam Cell","floor":7,"key":"SMITH"},{"floor":10,"key":"REST"},{"data":"Static Discharge","floor":15,"key":"SMITH"},{"floor":23,"key":"REST"}],"neow_cost":"NONE","seed_source_timestamp":93771730725300,"circlet_count":0,"master_deck":["AscendersBane","Strike_B","Strike_B","Strike_B","Defend_B","Defend_B","Defend_B","Defend_B","Zap+1","Dualcast+1","Reinforced Body","Streamline","Hologram+1","Beam Cell+1","Genetic Algorithm","Conserve Battery","Loop","Static Discharge+1","Coolheaded","Biased Cognition","Cold Snap","Turbo","Leap+1"],"relics":["Cracked Core","War Paint","DataDisk","Prayer Wheel","Singing Bowl","Ice Cream","Tiny House","Dodecahedron"],"potions_floor_usage":[6,8,12,14,14,24,24],"damage_taken":[{"damage":7,"enemies":"Small Slimes","floor":1,"turns":2},{"damage":0,"enemies":"Cultist","floor":2,"turns":4},{"damage":0,"enemies":"Jaw Worm","floor":5,"turns":4},{"damage":8,"enemies":"Gremlin Nob","floor":6,"turns":3},{"damage":19,"enemies":"3 Sentries","floor":8,"turns":7},{"damage":0,"enemies":"3 Louse","floor":11,"turns":4},{"damage":15,"enemies":"Lots of Slimes","floor":13,"turns":5},{"damage":36,"enemies":"Gremlin Nob","floor":14,"turns":5},{"damage":19,"enemies":"Hexaghost","floor":16,"turns":7},{"damage":4,"enemies":"Shell Parasite","floor":18,"turns":5},{"damage":39,"enemies":"2 Thieves","floor":19,"turns":5},{"damage":22,"enemies":"Slavers","floor":24,"turns":5},{"damage":15,"enemies":"Snake Plant","floor":25,"turns":2}],"seed_played":"4397611780331290654","potions_obtained":[{"floor":1,"key":"Swift Potion"},{"floor":8,"key":"Dexterity Potion"},{"floor":11,"key":"EssenceOfSteel"},{"floor":12,"key":"Fruit Juice"},{"floor":12,"key":"Regen Potion"},{"floor":17,"key":"FocusPotion"},{"floor":22,"key":"Fire Potion"}],"is_trial":false,"path_per_floor":["M","M","?","$","M","E","R","E","T","R","M","?","M","E","R","B",null,"M","M","?","$","?","R","E","M"],"character_chosen":"DEFECT","items_purchased":["Streamline","Fire Potion","Hologram","FairyPotion"],"campfire_rested":2,"item_purchase_floors":[4,4,4,21],"current_hp_per_floor":[57,57,57,57,57,49,49,30,30,51,53,58,45,23,23,4,66,64,27,1,1,1,29,9,0],"gold":63,"neow_bonus":"RANDOM_COMMON_RELIC","is_prod":false,"is_daily":false,"chose_seed":false,"campfire_upgraded":2,"win_rate":0,"timestamp":1566060976,"path_taken":["M","M","?","$","M","E","R","E","T","R","M","?","M","E","R","BOSS","M","?","?","$","?","R","E","M"],"build_version":"2019-07-17","purchased_purges":2,"victory":false,"max_hp_per_floor":[71,71,71,71,71,71,71,71,71,71,73,78,80,80,80,80,85,87,89,94,94,94,94,96,96],"card_choices":[{"not_picked":["Melter","Force Field"],"picked":"Reinforced Body","floor":1},{"not_picked":["Turbo","Redo","Force Field"],"picked":"SKIP","floor":2},{"not_picked":["Gash","Turbo"],"picked":"Beam Cell","floor":5},{"not_picked":["Steam","Turbo"],"picked":"Genetic Algorithm","floor":6},{"not_picked":["Blizzard","Sweeping Beam"],"picked":"Conserve Battery","floor":8},{"not_picked":["Fission","Gash","Aggregate"],"picked":"Singing Bowl","floor":11},{"not_picked":["Rebound","Defragment"],"picked":"Loop","floor":11},{"not_picked":["Storm","Hologram"],"picked":"Static Discharge","floor":13},{"not_picked":["Sweeping Beam","Steam Power","Darkness"],"picked":"Singing Bowl","floor":13},{"not_picked":["Beam Cell","Conserve Battery"],"picked":"Coolheaded","floor":14},{"not_picked":["Creative AI","Fission"],"picked":"Biased Cognition","floor":16},{"not_picked":["Force Field","Defragment"],"picked":"Cold Snap","floor":17},{"not_picked":["Conserve Battery","Gash"],"picked":"Turbo","floor":18},{"not_picked":["Conserve Battery","Darkness","Tempest"],"picked":"Singing Bowl","floor":18},{"not_picked":["Auto Shields","Genetic Algorithm","Streamline"],"picked":"Singing Bowl","floor":19},{"not_picked":["Go for the Eyes","Ball Lightning"],"picked":"Leap+1","floor":19},{"not_picked":["Redo+1","BootSequence","Beam Cell"],"picked":"Singing Bowl","floor":24}],"player_experience":2379118,"relics_obtained":[{"floor":6,"key":"DataDisk"},{"floor":8,"key":"Prayer Wheel"},{"floor":9,"key":"Singing Bowl"},{"floor":14,"key":"Ice Cream"},{"floor":24,"key":"Dodecahedron"}],"event_choices":[{"damage_healed":0,"gold_gain":150,"player_choice":"AGREE","damage_taken":0,"max_hp_gain":0,"max_hp_loss":0,"event_name":"Liars Game","floor":3,"gold_loss":0,"cards_obtained":["Doubt"]},{"damage_healed":0,"gold_gain":0,"player_choice":"Bought 2 Potions","damage_taken":0,"max_hp_gain":0,"max_hp_loss":0,"event_name":"The Woman in Blue","floor":12,"gold_loss":0},{"damage_healed":0,"gold_gain":0,"player_choice":"Shed Blood","damage_taken":31,"max_hp_gain":5,"max_hp_loss":0,"event_name":"Forgotten Altar","floor":20,"gold_loss":0},{"damage_healed":0,"gold_gain":0,"player_choice":"Got Potions","damage_taken":0,"max_hp_gain":0,"max_hp_loss":0,"event_name":"Lab","floor":22,"gold_loss":0}],"is_beta":false,"boss_relics":[{"not_picked":["Black Star","Calling Bell"],"picked":"Tiny House"}],"items_purged_floors":[4,21],"is_endless":false,"potions_floor_spawned":[1,8,11],"killed_by":"Snake Plant","ascension_level":20}