{"gold_per_floor":[115,133,133,133,152,152,162,190,213,213,224,251,261,278,278,374,374,388,402,419,92,105,105,119,146,169,169,180,197,217,251,251,251],"floor_reached":33,"playtime":2676,"items_purged":[],"score":305,"play_id":"55e17b9e-6802-468e-81c9-80bc56361829","local_time":"20190719164839","is_ascension_mode":false,"campfire_choices":[{"data":"Fusion","floor":6,"key":"SMITH"},{"data":"Streamline","floor":10,"key":"SMITH"},{"data":"White Noise","floor":15,"key":"SMITH"},{"data":"Mayhem","floor":23,"key":"SMITH"},{"data":"Consume","floor":27,"key":"SMITH"},{"data":"Chaos","floor":32,"key":"SMITH"}],"neow_cost":"NONE","seed_source_timestamp":709146977983042,"circlet_count":0,"master_deck":["Strike_B","Strike_B","Strike_B","Strike_B","Defend_B","Defend_B","Defend_B","Defend_B","Zap+1","Dualcast","Self Repair","Beam Cell","Fusion+1","Redo","Streamline+1","Chaos+1","Static Discharge","Aggregate","White Noise+1","Multi-Cast","Conserve Battery","Consume+1","Stack+1","Amplify","Steam","Mayhem+1","Hologram+1","Sweeping Beam+1","Streamline+1","Skim+1","Go for the Eyes+1","Streamline+1","Chill"],"relics":["Cracked Core","Letter Opener","Meat on the Bone","Vajra","Bag of Preparation","Inserter","Blood Vial","Happy Flower","Strawberry"],"potions_floor_usage":[12,13,16,16,20,22,29,33],"damage_taken":[{"damage":10,"enemies":"Jaw Worm","floor":1,"turns":4},{"damage":0,"enemies":"Small Slimes","floor":2,"turns":2},{"damage":6,"enemies":"Cultist","floor":5,"turns":3},{"damage":16,"enemies":"3 Louse","floor":7,"turns":2},{"damage":39,"enemies":"3 Sentries","floor":8,"turns":7},{"damage":5,"enemies":"Looter","floor":11,"turns":2},{"damage":24,"enemies":"Lagavulin","floor":12,"turns":4},{"damage":23,"enemies":"Exordium Thugs","floor":13,"turns":4},{"damage":14,"enemies":"Blue Slaver","floor":14,"turns":2},{"damage":31,"enemies":"Hexaghost","floor":16,"turns":6},{"damage":37,"enemies":"Spheric Guardian","floor":18,"turns":5},{"damage":30,"enemies":"2 Thieves","floor":19,"turns":4},{"damage":15,"enemies":"Snecko","floor":20,"turns":4},{"damage":11,"enemies":"Cultist and Chosen","floor":22,"turns":5},{"damage":11,"enemies":"Centurion and Healer","floor":24,"turns":5},{"damage":21,"enemies":"Book of Stabbing","floor":25,"turns":5},{"damage":30,"enemies":"Sentry and Sphere","floor":28,"turns":3},{"damage":22,"enemies":"Snake Plant","floor":29,"turns":4},{"damage":14,"enemies":"3 Cultists","floor":30,"turns":5},{"damage":31,"enemies":"Gremlin Leader","floor":31,"turns":5},{"damage":48,"enemies":"Collector","floor":33,"turns":5}],"seed_played":"-1373819702978664284","potions_obtained":[{"floor":5,"key":"GamblersBrew"},{"floor":8,"key":"Fire Potion"},{"floor":11,"key":"Dexterity Potion"},{"floor":13,"key":"FearPotion"},{"floor":14,"key":"FearPotion"},{"floor":16,"key":"SpeedPotion"},{"floor":18,"key":"PowerPotion"},{"floor":30,"key":"FocusPotion"},{"floor":31,"key":"SmokeBomb"}],"is_trial":false,"path_per_floor":["M","M","?","T","M","R","M","E","T","R","M","E","M","M","R","B",null,"M","M","M","$","M","R","M","E","T","R","M","M","M","E","R","B"],"character_chosen":"DEFECT","items_purchased":["Amplify","Steam","Mayhem"],"campfire_rested":0,"item_purchase_floors":[21,21,21],"current_hp_per_floor":[72,79,79,79,80,80,71,39,39,39,46,41,37,42,42,23,82,52,41,45,45,53,53,49,47,47,47,38,37,44,41,41,0],"gold":251,"neow_bonus":"TEN_PERCENT_HP_BONUS","is_prod":false,"is_daily":false,"chose_seed":false,"campfire_upgraded":6,"win_rate":0.0,"timestamp":1563572919,"path_taken":["M","M","?","?","M","R","M","E","T","R","M","E","M","M","R","BOSS","M","M","M","$","M","R","M","E","T","R","M","M","M","E","R","BOSS"],"build_version":"2019-07-17","purchased_purges":0,"victory":false,"max_hp_per_floor":[82,82,82,82,82,82,82,82,82,82,82,82,82,82,82,82,82,82,82,82,82,82,82,82,82,82,82,82,82,82,89,89,89],"card_choices":[{"not_picked":["Compile Driver","Tempest"],"picked":"Self Repair","floor":1},{"not_picked":["Reinforced Body","Static Discharge"],"picked":"Beam Cell","floor":2},{"not_picked":["Steam Power","Redo"],"picked":"Fusion","floor":5},{"not_picked":["Steam","Force Field"],"picked":"Redo","floor":7},{"not_picked":["Compile Driver","Go for the Eyes"],"picked":"Streamline","floor":8},{"not_picked":["Compile Driver","Stack"],"picked":"Chaos","floor":11},{"not_picked":["Rip and Tear","Storm"],"picked":"Static Discharge","floor":12},{"not_picked":["Barrage","Beam Cell"],"picked":"Aggregate","floor":13},{"not_picked":["Doom and Gloom","Streamline"],"picked":"White Noise","floor":14},{"not_picked":["Fission","Amplify"],"picked":"Multi-Cast","floor":16},{"not_picked":["Redo","Compile Driver"],"picked":"Conserve Battery","floor":18},{"not_picked":["Streamline","Sweeping Beam"],"picked":"Consume","floor":19},{"not_picked":["Scrape+1","Rip and Tear"],"picked":"Stack+1","floor":20},{"not_picked":["Conserve Battery","Leap"],"picked":"Hologram+1","floor":22},{"not_picked":["Compile Driver","Cold Snap"],"picked":"Sweeping Beam+1","floor":24},{"not_picked":["FTL","Static Discharge"],"picked":"Streamline+1","floor":25},{"not_picked":["All For One","Streamline"],"picked":"Skim+1","floor":28},{"not_picked":["Hologram","Fusion"],"picked":"Go for the Eyes+1","floor":29},{"not_picked":["Defragment","Go for the Eyes"],"picked":"Streamline+1","floor":30},{"not_picked":["Go for the Eyes","Hologram+1"],"picked":"Chill","floor":31}],"player_experience":8076,"relics_obtained":[{"floor":4,"key":"Letter Opener"},{"floor":8,"key":"Meat on the Bone"},{"floor":9,"key":"Vajra"},{"floor":12,"key":"Bag of Preparation"},{"floor":25,"key":"Blood Vial"},{"floor":26,"key":"Happy Flower"},{"floor":31,"key":"Strawberry"}],"event_choices":[{"damage_healed":0,"gold_gain":0,"player_choice":"Grow","damage_taken":0,"max_hp_gain":0,"max_hp_loss":0,"event_name":"Living Wall","floor":3,"gold_loss":0,"cards_upgraded":["Zap"]}],"is_beta":false,"boss_relics":[{"not_picked":["Busted Crown","Snecko Eye"],"picked":"Inserter"}],"items_purged_floors":[],"is_endless":false,"potions_floor_spawned":[5,8,11,13,14,16,18,30,31],"killed_by":"Collector","ascension_level":0}