{"gold_per_floor":[214,214,7,25,39,39,78,78,78,3,36,36,36,59,59,155,155,176,101,34,34,47,47,80,80],"floor_reached":25,"playtime":1976,"items_purged":[],"score":504,"play_id":"Baalorlord-0798d744","local_time":"20190818172214","is_ascension_mode":true,"campfire_choices":[{"data":"Carnage","floor":6,"key":"SMITH"},{"data":"Inflame","floor":8,"key":"SMITH"},{"data":"Whirlwind","floor":12,"key":"SMITH"},{"data":"Uppercut","floor":15,"key":"SMITH"},{"data":"Shrug It Off","floor":23,"key":"SMITH"}],"neow_cost":"NONE","seed_source_timestamp":196875401522600,"circlet_count":0,"master_deck":["AscendersBane","Strike_R+1","Strike_R+1","Strike_R+1","Defend_R+1","Defend_R+1","Defend_R+1","Defend_R+1","Bash","Metallicize","Carnage+1","Inflame+1","Warcry","Ghostly Armor","Whirlwind+1","Uppercut+1","Reaper","Shrug It Off+1"],"relics":["Burning Blood","Golden Idol","Ancient Tea Set","Gremlin Horn","Juzu Bracelet","Philosopher\u0027s Stone","Centennial Puzzle","Dream Catcher"],"potions_floor_usage":[7,11],"damage_taken":[{"damage":2,"enemies":"Cultist","floor":1,"turns":4},{"damage":8,"enemies":"Small Slimes","floor":4,"turns":3},{"damage":4,"enemies":"2 Louse","floor":5,"turns":2},{"damage":18,"enemies":"3 Sentries","floor":7,"turns":8},{"damage":0,"enemies":"Gremlin Nob","floor":11,"turns":2},{"damage":0,"enemies":"Looter","floor":14,"turns":1},{"damage":61,"enemies":"Hexaghost","floor":16,"turns":9},{"damage":16,"enemies":"2 Thieves","floor":18,"turns":2},{"damage":9,"enemies":"Chosen","floor":22,"turns":3},{"damage":35,"enemies":"Book of Stabbing","floor":24,"turns":5},{"damage":24,"enemies":"Sentry and Sphere","floor":25,"turns":5}],"seed_played":"-7320514434397618098","potions_obtained":[{"floor":1,"key":"SkillPotion"},{"floor":5,"key":"Poison Potion"}],"is_trial":false,"path_per_floor":["M","?","$","M","M","R","E","R","T","?","E","R","$","M","R","B",null,"M","?","?","?","M","R","E","M"],"character_chosen":"IRONCLAD","items_purchased":["Carnage","Inflame","AttackPotion"],"campfire_rested":0,"item_purchase_floors":[3,3,3],"current_hp_per_floor":[72,68,68,66,68,68,56,56,56,56,62,62,62,68,68,13,54,44,44,44,44,51,51,22,0],"gold":80,"neow_bonus":"HUNDRED_GOLD","is_prod":false,"is_daily":false,"chose_seed":false,"campfire_upgraded":5,"win_rate":0,"timestamp":1566163334,"path_taken":["M","?","$","M","M","R","E","R","T","?","E","R","$","M","R","BOSS","M","?","?","?","M","R","E","M"],"build_version":"2019-07-17","purchased_purges":0,"victory":false,"max_hp_per_floor":[75,68,68,68,68,68,68,68,68,68,68,68,68,68,68,68,68,68,68,68,68,68,68,68,68],"card_choices":[{"not_picked":["Evolve","Clash"],"picked":"Metallicize","floor":1},{"not_picked":["Rage","Clash"],"picked":"Warcry","floor":4},{"not_picked":["Heavy Blade","Sever Soul"],"picked":"Ghostly Armor","floor":5},{"not_picked":["Flex","Heavy Blade","Rupture"],"picked":"SKIP","floor":7},{"not_picked":["Body Slam","Bludgeon"],"picked":"Whirlwind","floor":11},{"not_picked":["Dropkick","Evolve"],"picked":"Uppercut","floor":14},{"not_picked":["Brutality","Barricade"],"picked":"Reaper","floor":16},{"not_picked":["Armaments","Flex","Body Slam"],"picked":"SKIP","floor":18},{"not_picked":["Perfected Strike","Body Slam"],"picked":"Shrug It Off","floor":22},{"not_picked":["Rupture+1","Iron Wave","Sentinel"],"picked":"SKIP","floor":24},{"not_picked":["Rupture+1","Iron Wave","Sentinel"],"picked":"SKIP","floor":24},{"not_picked":["Rupture+1","Iron Wave","Sentinel"],"picked":"SKIP","floor":24},{"not_picked":["Rupture+1","Iron Wave","Sentinel"],"picked":"SKIP","floor":24}],"player_experience":2393410,"relics_obtained":[{"floor":7,"key":"Ancient Tea Set"},{"floor":9,"key":"Gremlin Horn"},{"floor":11,"key":"Juzu Bracelet"},{"floor":24,"key":"Dream Catcher"}],"event_choices":[{"damage_healed":0,"gold_gain":0,"player_choice":"Lose Max HP","damage_taken":0,"relics_obtained":["Golden Idol"],"max_hp_gain":0,"max_hp_loss":7,"event_name":"Golden Idol","floor":2,"gold_loss":0},{"cards_removed":["Strike_R"],"damage_healed":0,"gold_gain":0,"player_choice":"Card Removal","damage_taken":0,"max_hp_gain":0,"max_hp_loss":0,"event_name":"The Cleric","floor":10,"gold_loss":75},{"cards_removed":["Strike_R"],"damage_healed":0,"gold_gain":0,"player_choice":"Gave Gold","damage_taken":0,"max_hp_gain":0,"max_hp_loss":0,"event_name":"Beggar","floor":19,"gold_loss":75},{"damage_healed":0,"gold_gain":0,"player_choice":"Paid Gold","damage_taken":0,"relics_obtained":["Centennial Puzzle"],"max_hp_gain":0,"max_hp_loss":0,"event_name":"WeMeetAgain","floor":20,"gold_loss":67},{"damage_healed":0,"gold_gain":0,"player_choice":"Simplicity","damage_taken":0,"max_hp_gain":0,"max_hp_loss":0,"event_name":"Back to Basics","floor":21,"gold_loss":0,"cards_upgraded":["Strike_R","Strike_R","Strike_R","Defend_R","Defend_R","Defend_R","Defend_R"]}],"is_beta":false,"boss_relics":[{"not_picked":["Orrery","Astrolabe"],"picked":"Philosopher\u0027s Stone"}],"items_purged_floors":[],"is_endless":false,"potions_floor_spawned":[1,5],"killed_by":"Sentry and Sphere","ascension_level":20}