{"gold_per_floor":[11,11,11,26,42,74,86,112,124,164,140,140,215,248,248,248],"floor_reached":16,"playtime":480,"items_purged":[],"score":189,"play_id":"032b1d62-9f54-44d8-8efb-eb00a7e2ffd5","local_time":"20190625174226","is_ascension_mode":true,"campfire_choices":[{"data":"Hyperbeam","floor":7,"key":"SMITH"},{"floor":15,"key":"REST"}],"neow_cost":"NO_GOLD","seed_source_timestamp":422603858605363,"circlet_count":0,"master_deck":["AscendersBane","Strike_B","Strike_B","Strike_B","Defend_B","Defend_B","Defend_B","Defend_B","Zap","Dualcast","Hyperbeam+1","Gash","Coolheaded","Turbo","Sunder","Ball Lightning","FTL","Injury","Rip and Tear"],"relics":["Cracked Core","MawBank","Darkstone Periapt","WingedGreaves","Golden Idol","Omamori"],"potions_floor_usage":[6,14,14],"damage_taken":[{"damage":0,"enemies":"2 Louse","floor":1,"turns":2},{"damage":0,"enemies":"Jaw Worm","floor":4,"turns":3},{"damage":0,"enemies":"Cultist","floor":5,"turns":3},{"damage":20,"enemies":"Lagavulin","floor":6,"turns":5},{"damage":16,"enemies":"Blue Slaver","floor":8,"turns":3},{"damage":10,"enemies":"3 Sentries","floor":10,"turns":3},{"damage":16,"enemies":"Lagavulin","floor":14,"turns":6},{"damage":32,"enemies":"Slime Boss","floor":16,"turns":7}],"seed_played":"-7854944541278574728","potions_obtained":[{"floor":5,"key":"FearPotion"},{"floor":6,"key":"FocusPotion"},{"floor":10,"key":"SpeedPotion"},{"floor":14,"key":"GamblersBrew"}],"is_trial":false,"path_per_floor":["M","?","?","M","M","E","R","M","T","E","$","?","?","E","R","B"],"character_chosen":"DEFECT","items_purchased":["FTL"],"campfire_rested":1,"item_purchase_floors":[11],"current_hp_per_floor":[68,68,68,68,68,48,48,32,32,22,22,28,17,1,25,0],"gold":248,"neow_bonus":"THREE_RARE_CARDS","is_prod":false,"is_daily":false,"chose_seed":false,"campfire_upgraded":1,"win_rate":0,"timestamp":1561502546,"path_taken":["M","?","?","M","?","E","R","M","T","E","$","?","?","E","R","BOSS"],"build_version":"2019-01-23","purchased_purges":0,"victory":false,"max_hp_per_floor":[75,75,75,75,75,75,75,75,75,75,75,81,81,81,81,81],"card_choices":[{"not_picked":["Machine Learning","Biased Cognition"],"picked":"Hyperbeam","floor":0},{"not_picked":["Barrage","Go for the Eyes"],"picked":"Gash","floor":1},{"not_picked":["Turbo","Darkness"],"picked":"Coolheaded","floor":4},{"not_picked":["Hologram","Rebound"],"picked":"Turbo","floor":5},{"not_picked":["Darkness","Rebound"],"picked":"Sunder","floor":6},{"not_picked":["Sweeping Beam","Defragment"],"picked":"Ball Lightning","floor":8},{"not_picked":["Sweeping Beam","Redo","Stack"],"picked":"SKIP","floor":10},{"not_picked":["Ball Lightning","Meteor Strike"],"picked":"Rip and Tear","floor":14}],"player_experience":288913,"relics_obtained":[{"floor":6,"key":"MawBank"},{"floor":9,"key":"Darkstone Periapt"},{"floor":10,"key":"WingedGreaves"},{"floor":14,"key":"Omamori"}],"event_choices":[{"damage_healed":0,"gold_gain":0,"player_choice":"Leave","damage_taken":0,"max_hp_gain":0,"max_hp_loss":0,"event_name":"The Cleric","floor":2,"gold_loss":0},{"cards_removed":["Strike_B"],"damage_healed":0,"gold_gain":0,"player_choice":"Offered Basic","damage_taken":0,"max_hp_gain":0,"max_hp_loss":0,"event_name":"Bonfire Elementals","floor":3,"gold_loss":0},{"damage_healed":0,"gold_gain":0,"player_choice":"Take Wound","damage_taken":0,"relics_obtained":["Golden Idol"],"max_hp_gain":0,"max_hp_loss":0,"event_name":"Golden Idol","floor":12,"gold_loss":0,"cards_obtained":["Injury"]},{"damage_healed":0,"gold_gain":75,"player_choice":"Gather Gold","damage_taken":11,"max_hp_gain":0,"max_hp_loss":0,"event_name":"World of Goop","floor":13,"gold_loss":0}],"is_beta":false,"boss_relics":[],"items_purged_floors":[],"is_endless":false,"potions_floor_spawned":[5,6,10,14],"killed_by":"Slime Boss","ascension_level":12}