{"gold_per_floor":[115,127,145,145,161,192,211,16,16,16,47,47],"floor_reached":12,"playtime":808,"items_purged":[],"score":90,"play_id":"f062de77-6367-4712-a113-ae94bc86d06e","local_time":"20190530161633","is_ascension_mode":false,"campfire_choices":[{"floor":10,"key":"REST"}],"neow_cost":"NONE","seed_source_timestamp":978391561690755,"circlet_count":0,"master_deck":["Strike_B","Strike_B","Strike_B","Strike_B","Defend_B","Defend_B","Defend_B","Defend_B","Zap","Dualcast","Genetic Algorithm","Defragment","White Noise","Hologram","Creative AI","Coolheaded","Melter","Skim"],"relics":["Cracked Core","PreservedInsect","Sundial","Darkstone Periapt","Lantern","Molten Egg 2","Happy Flower"],"potions_floor_usage":[7,12],"damage_taken":[{"damage":8,"enemies":"2 Louse","floor":1,"turns":3},{"damage":9,"enemies":"Small Slimes","floor":2,"turns":3},{"damage":2,"enemies":"Jaw Worm","floor":3,"turns":5},{"damage":6,"enemies":"3 Louse","floor":5,"turns":5},{"damage":27,"enemies":"Gremlin Nob","floor":6,"turns":4},{"damage":14,"enemies":"Large Slime","floor":7,"turns":5},{"damage":16,"enemies":"3 Sentries","floor":11,"turns":6},{"damage":22,"enemies":"Gremlin Gang","floor":12,"turns":3}],"seed_played":"-7935138753363258690","potions_obtained":[{"floor":1,"key":"Regen Potion"},{"floor":6,"key":"FearPotion"},{"floor":11,"key":"FocusPotion"}],"is_trial":false,"path_per_floor":["M","M","M","?","M","E","M","$","T","R","E","M"],"character_chosen":"DEFECT","items_purchased":["Melter","Lantern"],"campfire_rested":1,"item_purchase_floors":[8,8],"current_hp_per_floor":[67,58,56,38,32,5,5,5,5,27,11,0],"gold":47,"neow_bonus":"RANDOM_COMMON_RELIC","is_prod":false,"is_daily":false,"chose_seed":false,"campfire_upgraded":0,"win_rate":0.0,"timestamp":1559250993,"path_taken":["M","M","M","?","M","E","M","$","T","R","E","M"],"build_version":"2019-01-23","purchased_purges":0,"victory":false,"max_hp_per_floor":[75,75,75,75,75,75,75,75,75,75,75,75],"card_choices":[{"not_picked":["Go for the Eyes","Ball Lightning"],"picked":"Genetic Algorithm","floor":1},{"not_picked":["Conserve Battery","Hologram"],"picked":"Defragment","floor":2},{"not_picked":["Streamline","Gash"],"picked":"White Noise","floor":3},{"not_picked":["Beam Cell","Undo"],"picked":"Hologram","floor":5},{"not_picked":["Rebound","Darkness"],"picked":"Creative AI","floor":6},{"not_picked":["Turbo","Rebound"],"picked":"Coolheaded","floor":7},{"not_picked":["Tempest","Chill"],"picked":"Skim","floor":11}],"player_experience":31335,"relics_obtained":[{"floor":6,"key":"Darkstone Periapt"},{"floor":9,"key":"Molten Egg 2"},{"floor":11,"key":"Happy Flower"}],"event_choices":[{"damage_healed":0,"gold_gain":0,"player_choice":"Success","damage_taken":18,"relics_obtained":["Sundial"],"max_hp_gain":0,"max_hp_loss":0,"event_name":"Scrap Ooze","floor":4,"gold_loss":0}],"is_beta":false,"boss_relics":[],"items_purged_floors":[],"is_endless":false,"potions_floor_spawned":[1,6,11],"killed_by":"Gremlin Gang","ascension_level":0}