{"gold_per_floor":[99,99,99,99,99,99,69,20,20,20,20,20,20,20,20,20,20,20,20,20,20,20,20,20,20,20,20,20,20,20,20,20,20,20,20,20,20,20,20,20,20,20,20,20,20,20,20,20,20,20],"floor_reached":51,"playtime":4644,"items_purged":[],"score":799,"play_id":"e780f89d-fb11-4d30-86db-4d3a26403b46","local_time":"20181130161656","is_ascension_mode":false,"campfire_choices":[{"data":"Neutralize","floor":6.0,"key":"SMITH"},{"data":"Corpse Explosion","floor":12.0,"key":"SMITH"},{"data":"Caltrops","floor":15.0,"key":"SMITH"},{"floor":24.0,"key":"REST"},{"floor":32,"key":"REST"},{"floor":49,"key":"REST"}],"neow_cost":"NONE","seed_source_timestamp":0,"circlet_count":0,"master_deck":["Defend_G+1","Defend_G+1","Defend_G+1","Defend_G+1","Defend_G+1","Strike_G+1","Strike_G+1","Strike_G+1","Strike_G+1","Strike_G+1","Survivor+1","Neutralize+1","Quick Slash+1","Deflect+1","Backflip+1","Expertise+1","Backstab+1","Deflect+1","Deflect+1","Corpse Explosion+1","Bane+1","Caltrops+1","Slice+1","After Image+1","Infinite Blades+1","Catalyst+1","Prepared+1","Bane+1","Blade Dance+1","Deflect+1","Crippling Poison+1","Finisher+1","Escape Plan+1","Distraction+1","Tools of the Trade+1","Injury","Parasite","Dagger Throw+1","Backflip+1","Eviscerate+1","Noxious Fumes+1","Blade Dance+1","Escape Plan+1","A Thousand Cuts+1","Infinite Blades+1","Caltrops+1","Distraction+1","Crippling Poison+1","Footwork"],"special_seed":0,"relics":["Ectoplasm","Shuriken","Omamori","Pear","WristBlade","WarpedTongs","Paper Crane","Ninja Scroll","Oddly Smooth Stone","Calling Bell","Bag of Marbles","Toxic Egg 2","Ice Cream","Anchor","Mark of the Bloom","MawBank","Pocketwatch"],"potions_floor_usage":[30,33,33,40,44,47,50,50],"damage_taken":[{"damage":0.0,"enemies":"Jaw Worm","floor":1.0,"turns":5.0},{"damage":0.0,"enemies":"Cultist","floor":2.0,"turns":3.0},{"damage":0.0,"enemies":"2 Louse","floor":3.0,"turns":2.0},{"damage":0.0,"enemies":"2 Fungi Beasts","floor":4.0,"turns":4.0},{"damage":0.0,"enemies":"Blue Slaver","floor":5.0,"turns":4.0},{"damage":0.0,"enemies":"Looter","floor":7.0,"turns":3.0},{"damage":9.0,"enemies":"3 Sentries","floor":10.0,"turns":10.0},{"damage":1.0,"enemies":"2 Fungi Beasts","floor":11.0,"turns":3.0},{"damage":16.0,"enemies":"Lagavulin","floor":13.0,"turns":8.0},{"damage":0.0,"enemies":"Lots of Slimes","floor":14.0,"turns":2.0},{"damage":28.0,"enemies":"The Guardian","floor":16.0,"turns":9.0},{"damage":3.0,"enemies":"Shell Parasite","floor":18.0,"turns":8.0},{"damage":7.0,"enemies":"Chosen","floor":19.0,"turns":4.0},{"damage":3.0,"enemies":"Centurion and Healer","floor":20.0,"turns":5.0},{"damage":10.0,"enemies":"Snake Plant","floor":22.0,"turns":3.0},{"damage":20.0,"enemies":"Slavers","floor":23.0,"turns":5.0},{"damage":1.0,"enemies":"3 Cultists","floor":25.0,"turns":4.0},{"damage":7.0,"enemies":"Snecko","floor":27.0,"turns":5.0},{"damage":11.0,"enemies":"Snake Plant","floor":28.0,"turns":2.0},{"damage":0.0,"enemies":"Cultist and Chosen","floor":29.0,"turns":4.0},{"damage":8,"enemies":"Gremlin Leader","floor":30,"turns":5},{"damage":0,"enemies":"3 Cultists","floor":31,"turns":1},{"damage":18,"enemies":"Collector","floor":33,"turns":6},{"damage":0,"enemies":"3 Darklings","floor":35,"turns":4},{"damage":0,"enemies":"3 Shapes","floor":36,"turns":2},{"damage":0,"enemies":"3 Darklings","floor":37,"turns":1},{"damage":0,"enemies":"Jaw Worm Horde","floor":38,"turns":3},{"damage":12,"enemies":"Spire Growth","floor":39,"turns":3},{"damage":1,"enemies":"Nemesis","floor":40,"turns":3},{"damage":1,"enemies":"Maw","floor":41,"turns":5},{"damage":0,"enemies":"Transient","floor":44,"turns":5},{"damage":0,"enemies":"Jaw Worm Horde","floor":45,"turns":3},{"damage":9,"enemies":"Spire Growth","floor":46,"turns":4},{"damage":0,"enemies":"Transient","floor":47,"turns":5},{"damage":8,"enemies":"2 Orb Walkers","floor":48,"turns":4},{"damage":18,"enemies":"Awakened One","floor":50,"turns":9}],"seed_played":"-7908287037047762814","potions_obtained":[{"floor":4.0,"key":"FearPotion"},{"floor":5.0,"key":"Strength Potion"},{"floor":11.0,"key":"SmokeBomb"},{"floor":13.0,"key":"FearPotion"},{"floor":16.0,"key":"PowerPotion"},{"floor":18.0,"key":"LiquidBronze"},{"floor":20.0,"key":"Fire Potion"},{"floor":23.0,"key":"Poison Potion"},{"floor":27.0,"key":"Swift Potion"},{"floor":31,"key":"Fruit Juice"},{"floor":33,"key":"FearPotion"},{"floor":36,"key":"Block Potion"},{"floor":37,"key":"LiquidBronze"},{"floor":39,"key":"EssenceOfSteel"},{"floor":40,"key":"PowerPotion"},{"floor":46,"key":"Poison Potion"}],"is_trial":false,"path_per_floor":["M","M","M","M","M","R","M","$","T","E","M","R","E","M","R","B",null,"M","M","M","?","M","E","R","M","T","M","M","M","M","E","M","R","B",null,"M","M","M","M","M","E","M","?","T","M","M","M","M","?","R","B",null],"character_chosen":"THE_SILENT","items_purchased":["Deflect"],"campfire_rested":3,"item_purchase_floors":[8],"current_hp_per_floor":[70,70,70,70,70,70,70,70,70,61,60,60,54,54,54,26,80,77,70,67,67,57,37,61,60,60,53,42,42,34,34,58,45,85,85,85,85,85,73,72,71,71,71,71,71,62,62,54,54,36],"gold":20,"neow_bonus":"BOSS_RELIC","is_prod":false,"is_daily":false,"chose_seed":false,"campfire_upgraded":3,"win_rate":0.0,"timestamp":1543573016,"path_taken":["M","M","M","M","M","R","M","$","T","E","M","R","E","M","R","BOSS","M","M","M","?","M","E","R","M","T","M","?","M","E","M","R","BOSS","M","M","M","M","M","E","M","?","T","M","M","M","M","?","R","BOSS"],"build_version":"2018-11-15","purchased_purges":0,"victory":true,"max_hp_per_floor":[70,70,70,70,70,70,70,70,70,70,70,70,80,80,80,80,80,80,80,80,80,80,80,80,80,80,80,80,80,80,80,80,85,85,85,85,85,85,85,85,85,85,85,85,85,85,85,85,85,85],"card_choices":[{"not_picked":["Bane","Heel Hook"],"picked":"Quick Slash","floor":1.0},{"not_picked":["Skewer","Dagger Spray"],"picked":"Deflect","floor":2.0},{"not_picked":["Sucker Punch","Poisoned Stab"],"picked":"Backflip","floor":3.0},{"not_picked":["PiercingWail","Endless Agony"],"picked":"Expertise","floor":4.0},{"not_picked":["Sucker Punch","Acrobatics"],"picked":"Backstab","floor":5.0},{"not_picked":["Dagger Spray","All Out Attack"],"picked":"Deflect","floor":7.0},{"not_picked":["Riddle With Holes","Blur"],"picked":"Corpse Explosion","floor":10.0},{"not_picked":["Slice","Finisher"],"picked":"Bane","floor":11.0},{"not_picked":["PiercingWail","Underhanded Strike"],"picked":"Caltrops","floor":13.0},{"not_picked":["Sucker Punch","Deflect"],"picked":"Slice","floor":14.0},{"not_picked":["Envenom","Unload"],"picked":"After Image","floor":16.0},{"not_picked":["Flying Knee","Dagger Throw"],"picked":"Infinite Blades","floor":18.0},{"not_picked":["Noxious Fumes","Backflip"],"picked":"Catalyst+1","floor":19.0},{"not_picked":["Poisoned Stab","Heel Hook"],"picked":"Prepared","floor":20.0},{"not_picked":["Skewer+1","Underhanded Strike"],"picked":"Bane","floor":22.0},{"not_picked":["Deadly Poison","Bouncing Flask"],"picked":"Blade Dance+1","floor":23.0},{"not_picked":["Caltrops","Dodge and Roll"],"picked":"Deflect","floor":25.0},{"not_picked":["Deflect","Tactician"],"picked":"Crippling Poison+1","floor":27.0},{"not_picked":["Dagger Throw","Glass Knife"],"picked":"Finisher","floor":28.0},{"not_picked":["Dagger Throw+1","Flying Knee"],"picked":"Escape Plan+1","floor":29},{"not_picked":["Bane+1","Dodge and Roll"],"picked":"Distraction","floor":30},{"not_picked":["Dodge and Roll","Dagger Throw","Deadly Poison"],"picked":"SKIP","floor":31},{"not_picked":["Malaise","Bullet Time"],"picked":"Tools of the Trade","floor":33},{"not_picked":["Reflex+1","Dodge and Roll+1"],"picked":"Dagger Throw","floor":35},{"not_picked":["Dagger Throw","Deflect+1"],"picked":"Backflip+1","floor":36},{"not_picked":["Dagger Throw+1","Outmaneuver+1"],"picked":"Eviscerate","floor":37},{"not_picked":["Bane+1","Underhanded Strike"],"picked":"Noxious Fumes+1","floor":38},{"not_picked":["Outmaneuver+1","Bouncing Flask+1"],"picked":"Blade Dance+1","floor":39},{"not_picked":["Bane","Sucker Punch"],"picked":"Escape Plan+1","floor":40},{"not_picked":["Infinite Blades+1","Bane"],"picked":"A Thousand Cuts","floor":41},{"not_picked":["Calculated Gamble+1","Dagger Throw"],"picked":"Infinite Blades+1","floor":44},{"not_picked":["Sucker Punch","Quick Slash"],"picked":"Caltrops+1","floor":45},{"not_picked":["Dagger Throw","Sucker Punch"],"picked":"Distraction+1","floor":46},{"not_picked":["Heel Hook","Flying Knee"],"picked":"Crippling Poison+1","floor":47},{"not_picked":["Calculated Gamble+1","Slice+1"],"picked":"Footwork","floor":48}],"player_experience":134091,"relics_obtained":[{"floor":9.0,"key":"Shuriken"},{"floor":10.0,"key":"Omamori"},{"floor":13.0,"key":"Pear"},{"floor":23.0,"key":"Paper Crane"},{"floor":26.0,"key":"Ninja Scroll"},{"floor":30,"key":"Oddly Smooth Stone"},{"floor":34,"key":"Bag of Marbles"},{"floor":34,"key":"Toxic Egg 2"},{"floor":34,"key":"Ice Cream"},{"floor":40,"key":"Anchor"},{"floor":43,"key":"MawBank"},{"floor":48,"key":"Pocketwatch"}],"event_choices":[{"damage_healed":0.0,"max_hp_gain":0.0,"max_hp_loss":0.0,"gold_gain":0.0,"event_name":"Accursed Blacksmith","player_choice":"Rummage","floor":21.0,"gold_loss":0.0,"damage_taken":0.0,"relics_obtained":["WarpedTongs"],"cards_obtained":["Pain"]},{"damage_healed":0,"gold_gain":0,"player_choice":"Upgrade","damage_taken":0,"relics_obtained":["Mark of the Bloom"],"max_hp_gain":0,"max_hp_loss":0,"event_name":"MindBloom","floor":42,"gold_loss":0,"cards_upgraded":["Defend_G","Defend_G","Defend_G","Defend_G","Defend_G","Strike_G","Strike_G","Strike_G","Strike_G","Strike_G","Survivor","Quick Slash","Deflect","Backflip","Expertise","Backstab","Deflect","Deflect","Bane","Slice","After Image","Infinite Blades","Prepared","Bane","Deflect","Finisher","Distraction","Tools of the Trade","Dagger Throw","Eviscerate","A Thousand Cuts"]},{"damage_healed":0,"gold_gain":0,"player_choice":"Fight","damage_taken":0,"max_hp_gain":0,"max_hp_loss":0,"event_name":"Mysterious Sphere","floor":48,"gold_loss":0}],"is_beta":false,"boss_relics":[{"not_picked":["Fusion Hammer","Empty Cage"],"picked":"WristBlade"},{"not_picked":["Philosopher\u0027s Stone","Lizard Tail"],"picked":"Calling Bell"}],"items_purged_floors":[],"is_endless":false,"potions_floor_spawned":[4,5,11,13,16,18,20,23,27,31,33,36,37,39,40,46],"ascension_level":0}