{"gold_per_floor":[215,215,48,65,78,78,112,112,112,112,112,0,14,30,30,133,133,147,158,172,94,94,94,94,94,94,105,30,30,44,59,59,59],"floor_reached":33,"playtime":1995,"items_purged":["Strike_B"],"score":321,"play_id":"4ddeb774-5503-4868-b011-22c7ad1a11f7","local_time":"20190819011817","is_ascension_mode":true,"campfire_choices":[{"data":"Coolheaded","floor":6.0,"key":"SMITH"},{"data":"Leap","floor":8.0,"key":"SMITH"},{"data":"Ball Lightning","floor":10.0,"key":"SMITH"},{"floor":15.0,"key":"REST"},{"floor":23.0,"key":"REST"},{"floor":25.0,"key":"REST"},{"data":"Undo","floor":32,"key":"SMITH"}],"neow_cost":"NONE","seed_source_timestamp":120087363070734,"circlet_count":0,"master_deck":["Defend_B","Defend_B","Defend_B","Defend_B","Zap","Dualcast","Ball Lightning+1","Leap+1","Cold Snap","Go for the Eyes","Sunder","Coolheaded+1","Genetic Algorithm","Reinforced Body","Blizzard","Conserve Battery","Electrodynamics","FTL","Undo+1","Loop","Go for the Eyes","Loop","Defragment","Ball Lightning+1","Conserve Battery+1","Defragment"],"special_seed":0,"relics":["Cracked Core","Emotion Chip","Peace Pipe","Orrery","Matryoshka"],"potions_floor_usage":[31,33],"damage_taken":[{"damage":0.0,"enemies":"Cultist","floor":1.0,"turns":4.0},{"damage":0.0,"enemies":"Small Slimes","floor":4.0,"turns":3.0},{"damage":0.0,"enemies":"2 Louse","floor":5.0,"turns":2.0},{"damage":20.0,"enemies":"Gremlin Nob","floor":7.0,"turns":4.0},{"damage":14.0,"enemies":"Exordium Thugs","floor":13.0,"turns":5.0},{"damage":0.0,"enemies":"2 Fungi Beasts","floor":14.0,"turns":3.0},{"damage":36.0,"enemies":"Hexaghost","floor":16.0,"turns":16.0},{"damage":13.0,"enemies":"Chosen","floor":18.0,"turns":6.0},{"damage":10.0,"enemies":"2 Thieves","floor":19.0,"turns":4.0},{"damage":35.0,"enemies":"Snake Plant","floor":20.0,"turns":7.0},{"damage":0.0,"enemies":"Chosen and Byrds","floor":27.0,"turns":5.0},{"damage":0,"enemies":"Cultist and Chosen","floor":30,"turns":6},{"damage":4,"enemies":"Centurion and Healer","floor":31,"turns":5},{"damage":73,"enemies":"Automaton","floor":33,"turns":10}],"seed_played":"5951761118352664698","potions_obtained":[{"floor":1.0,"key":"Dexterity Potion"},{"floor":4.0,"key":"Regen Potion"},{"floor":14.0,"key":"Swift Potion"},{"floor":27.0,"key":"Weak Potion"},{"floor":30,"key":"Strength Potion"}],"is_trial":false,"path_per_floor":["M","?","$","M","M","R","E","R","T","R","?","$","M","M","R","B",null,"M","M","M","$","?","R","$","R","T","M","?","?","M","M","R","B"],"character_chosen":"DEFECT","items_purchased":["Cold Snap","Go for the Eyes","Reinforced Body","Blizzard","Defragment"],"campfire_rested":3,"item_purchase_floors":[3,3,12,12,21],"current_hp_per_floor":[68,68,68,68,68,68,57,57,57,57,57,57,43,43,65,29,64,51,41,6,6,6,28,28,50,50,50,50,75,75,71,71,0],"gold":59,"neow_bonus":"HUNDRED_GOLD","is_prod":false,"is_daily":false,"chose_seed":false,"campfire_upgraded":4,"win_rate":0,"timestamp":1566173897,"path_taken":["M","?","$","?","M","R","E","R","T","R","?","$","M","M","R","BOSS","M","?","M","$","?","R","?","R","T","M","?","?","?","?","R","BOSS"],"build_version":"2019-07-17","purchased_purges":1,"victory":false,"max_hp_per_floor":[75,75,75,75,75,75,75,75,75,75,75,75,75,75,75,75,75,75,75,75,75,75,75,75,75,75,75,75,75,75,75,75,75],"card_choices":[{"not_picked":["Static Discharge","Compile Driver"],"picked":"Ball Lightning","floor":1.0},{"not_picked":["Barrage","Cold Snap"],"picked":"Sunder","floor":4.0},{"not_picked":["Sunder","Force Field"],"picked":"Coolheaded","floor":5.0},{"not_picked":["Force Field","Conserve Battery"],"picked":"Genetic Algorithm","floor":7.0},{"not_picked":["Cold Snap","Thunder Strike","Fusion"],"picked":"SKIP","floor":13.0},{"not_picked":["Fusion","Gash"],"picked":"Conserve Battery","floor":14.0},{"not_picked":["Biased Cognition","Fission"],"picked":"Electrodynamics","floor":16.0},{"not_picked":["Barrage","Heatsinks"],"picked":"FTL","floor":17.0},{"not_picked":["Self Repair","Streamline"],"picked":"Undo","floor":17.0},{"not_picked":["Rip and Tear","Stack"],"picked":"Loop","floor":17.0},{"not_picked":["Beam Cell+1","Steam","Turbo"],"picked":"SKIP","floor":18.0},{"not_picked":["Compile Driver+1","Ball Lightning"],"picked":"Go for the Eyes","floor":19.0},{"not_picked":["Heatsinks","Static Discharge"],"picked":"Loop","floor":20.0},{"not_picked":["Coolheaded","Barrage"],"picked":"Ball Lightning+1","floor":27.0},{"not_picked":["Sweeping Beam","Reprogram"],"picked":"Conserve Battery+1","floor":30},{"not_picked":["Ball Lightning","Beam Cell"],"picked":"Defragment","floor":31}],"player_experience":425434,"relics_obtained":[{"floor":7.0,"key":"Emotion Chip"},{"floor":9.0,"key":"Peace Pipe"},{"floor":26.0,"key":"Matryoshka"}],"event_choices":[{"damage_healed":0.0,"max_hp_gain":0.0,"max_hp_loss":0.0,"gold_gain":0.0,"cards_transformed":["Strike_B"],"event_name":"Transmorgrifier","player_choice":"Transformed","floor":2.0,"gold_loss":0.0,"damage_taken":0.0,"cards_obtained":["Leap"]},{"damage_healed":0.0,"max_hp_gain":0.0,"max_hp_loss":0.0,"gold_gain":0.0,"event_name":"The Woman in Blue","player_choice":"Bought 0 Potions","floor":11.0,"gold_loss":0.0,"damage_taken":0.0},{"cards_removed":["Strike_B"],"damage_healed":0.0,"max_hp_gain":0.0,"max_hp_loss":0.0,"gold_gain":0.0,"event_name":"Bonfire Elementals","player_choice":"Offered Basic","floor":22.0,"gold_loss":0.0,"damage_taken":0.0},{"cards_removed":["Strike_B"],"damage_healed":0.0,"max_hp_gain":0.0,"max_hp_loss":0.0,"gold_gain":0.0,"event_name":"Beggar","player_choice":"Gave Gold","floor":28.0,"gold_loss":75.0,"damage_taken":0.0},{"damage_healed":25,"gold_gain":0,"player_choice":"Heal","damage_taken":0,"max_hp_gain":0,"max_hp_loss":0,"event_name":"The Library","floor":29,"gold_loss":0}],"is_beta":false,"boss_relics":[{"not_picked":["Calling Bell","Ectoplasm"],"picked":"Orrery"}],"items_purged_floors":[3],"is_endless":false,"potions_floor_spawned":[1,4,14,27,30],"killed_by":"Automaton","ascension_level":6}