{"gold_per_floor":[109,284,284,304,304,337,357,396,419,439,439,389,341,341,341,465,465,486,10,24,37,61,61,61,104,157,157,157,157,173,39,39,165,228,252,270,284,284],"floor_reached":38,"playtime":1628,"items_purged":["Injury"],"score":469,"play_id":"14232350-4ad4-44e4-ab52-6057cd26c49d","local_time":"20190305144407","is_ascension_mode":true,"campfire_choices":[{"floor":11,"key":"REST"},{"floor":15,"key":"REST"},{"data":"Ball Lightning","floor":23,"key":"SMITH"},{"floor":27,"key":"REST"},{"data":"Capacitor","floor":29,"key":"SMITH"},{"data":"Storm","floor":32,"key":"SMITH"}],"neow_cost":"NONE","seed_source_timestamp":389310343577046,"circlet_count":0,"master_deck":["Strike_B","Strike_B","Strike_B+1","Defend_B+1","Defend_B","Defend_B","Zap","Dualcast","Tempest","Ball Lightning+1","Barrage","Loop","Force Field+1","Rainbow","Conserve Battery","Capacitor+1","Self Repair","Conserve Battery","Coolheaded+1","Echo Form","Storm+1","Electrodynamics","Stack+1","Hologram+1","Chill"],"relics":["Cracked Core","Golden Idol","Lantern","Omamori","Strawberry","Boot","Cursed Key","Membership Card","War Paint","Bottled Flame","Art of War","Tiny Chest","Runic Capacitor","Tiny House"],"potions_floor_usage":[8,25,33,36,37,37,37,38],"damage_taken":[{"damage":0,"enemies":"Small Slimes","floor":1,"turns":3},{"damage":4,"enemies":"Jaw Worm","floor":4,"turns":4},{"damage":49,"enemies":"Lagavulin","floor":6,"turns":6},{"damage":0,"enemies":"2 Louse","floor":7,"turns":2},{"damage":4,"enemies":"3 Sentries","floor":8,"turns":2},{"damage":13,"enemies":"2 Fungi Beasts","floor":10,"turns":3},{"damage":52,"enemies":"The Guardian","floor":16,"turns":9},{"damage":21,"enemies":"2 Thieves","floor":18,"turns":4},{"damage":11,"enemies":"Chosen","floor":20,"turns":4},{"damage":16,"enemies":"Centurion and Healer","floor":21,"turns":6},{"damage":11,"enemies":"Snecko","floor":22,"turns":6},{"damage":12,"enemies":"Book of Stabbing","floor":25,"turns":6},{"damage":13,"enemies":"Snake Plant","floor":30,"turns":5},{"damage":39,"enemies":"Collector","floor":33,"turns":8},{"damage":38,"enemies":"3 Darklings","floor":35,"turns":4},{"damage":2,"enemies":"3 Shapes","floor":36,"turns":4},{"damage":34,"enemies":"Jaw Worm Horde","floor":37,"turns":3},{"damage":38,"enemies":"Transient","floor":38,"turns":5}],"seed_played":"-8978399692946085159","potions_obtained":[{"floor":1,"key":"PowerPotion"},{"floor":6,"key":"Dexterity Potion"},{"floor":16,"key":"EssenceOfSteel"},{"floor":20,"key":"Swift Potion"},{"floor":25,"key":"Regen Potion"},{"floor":34,"key":"Block Potion"},{"floor":36,"key":"Fire Potion"},{"floor":37,"key":"PowerPotion"}],"is_trial":false,"path_per_floor":["M","?","?","M","?","E","M","E","T","M","R","?","?","T","R","B",null,"M","$","M","M","M","R","?","E","T","R","?","R","M","$","R","B",null,"M","M","M","M"],"character_chosen":"DEFECT","items_purchased":["Membership Card","War Paint","Capacitor","Bottled Flame","Runic Capacitor","Storm"],"campfire_rested":3,"item_purchase_floors":[19,19,19,19,31,31],"current_hp_per_floor":[75,75,80,76,76,27,27,23,30,17,43,43,43,43,69,17,87,66,66,55,46,42,42,42,37,37,63,63,63,64,64,64,47,92,54,52,18,0],"gold":284,"neow_bonus":"REMOVE_CARD","is_prod":false,"is_daily":false,"chose_seed":false,"campfire_upgraded":3,"win_rate":0,"timestamp":1551815047,"path_taken":["M","?","?","M","?","E","?","E","T","M","R","?","?","?","R","BOSS","M","$","M","M","M","R","?","E","T","R","?","R","M","$","R","BOSS","M","M","M","M"],"build_version":"2019-01-23","purchased_purges":1,"victory":false,"max_hp_per_floor":[75,75,80,80,80,80,80,80,87,87,87,87,87,87,87,87,87,87,87,87,87,87,87,87,87,87,87,87,87,87,87,87,87,92,92,92,92,92],"card_choices":[{"not_picked":["Stack","Turbo"],"picked":"Tempest","floor":1},{"not_picked":["Blizzard","Conserve Battery"],"picked":"Ball Lightning","floor":4},{"not_picked":["Reinforced Body","Undo"],"picked":"Barrage","floor":6},{"not_picked":["Stack","Reprogram","Gash"],"picked":"SKIP","floor":7},{"not_picked":["Chaos","Undo"],"picked":"Loop","floor":8},{"not_picked":["Gash","Turbo"],"picked":"Force Field","floor":10},{"not_picked":["Reboot","Fission"],"picked":"Rainbow","floor":16},{"not_picked":["Barrage","Leap"],"picked":"Conserve Battery","floor":18},{"not_picked":["Turbo","Redo+1"],"picked":"Self Repair","floor":20},{"not_picked":["Melter","Stack"],"picked":"Conserve Battery","floor":21},{"not_picked":["Beam Cell","Rebound"],"picked":"Coolheaded+1","floor":22},{"not_picked":["Melter+1","Redo+1"],"picked":"Echo Form","floor":25},{"not_picked":["Compile Driver","Blizzard","Glacier"],"picked":"SKIP","floor":30},{"not_picked":["Hyperbeam","Multi-Cast"],"picked":"Electrodynamics","floor":33},{"not_picked":["Compile Driver+1","Darkness"],"picked":"Stack+1","floor":35},{"not_picked":["Barrage+1","Aggregate"],"picked":"Hologram+1","floor":36},{"not_picked":["Genetic Algorithm","Gash+1"],"picked":"Chill","floor":37}],"player_experience":281850,"relics_obtained":[{"floor":6,"key":"Lantern"},{"floor":8,"key":"Omamori"},{"floor":9,"key":"Strawberry"},{"floor":14,"key":"Boot"},{"floor":25,"key":"Art of War"},{"floor":26,"key":"Tiny Chest"}],"event_choices":[{"damage_healed":0,"gold_gain":175,"player_choice":"AGREE","damage_taken":0,"max_hp_gain":0,"max_hp_loss":0,"event_name":"Liars Game","floor":2,"gold_loss":0,"cards_obtained":["Doubt"]},{"damage_healed":0,"gold_gain":0,"player_choice":"Donut","damage_taken":0,"max_hp_gain":5,"max_hp_loss":0,"event_name":"Big Fish","floor":3,"gold_loss":0},{"damage_healed":0,"gold_gain":0,"player_choice":"Take Wound","damage_taken":0,"relics_obtained":["Golden Idol"],"max_hp_gain":0,"max_hp_loss":0,"event_name":"Golden Idol","floor":5,"gold_loss":0,"cards_obtained":["Injury"]},{"cards_removed":["Doubt"],"damage_healed":0,"gold_gain":0,"player_choice":"Card Removal","damage_taken":0,"max_hp_gain":0,"max_hp_loss":0,"event_name":"The Cleric","floor":12,"gold_loss":50},{"damage_healed":0,"gold_gain":0,"player_choice":"Left Gold","damage_taken":0,"max_hp_gain":0,"max_hp_loss":0,"event_name":"World of Goop","floor":13,"gold_loss":48},{"damage_healed":0,"gold_gain":0,"player_choice":"Ignored","damage_taken":0,"max_hp_gain":0,"max_hp_loss":0,"event_name":"Ghosts","floor":24,"gold_loss":0},{"cards_removed":["Strike_B"],"damage_healed":0,"gold_gain":0,"player_choice":"Elegance","damage_taken":0,"max_hp_gain":0,"max_hp_loss":0,"event_name":"Back to Basics","floor":28,"gold_loss":0}],"is_beta":false,"boss_relics":[{"not_picked":["Runic Dome","Lizard Tail"],"picked":"Cursed Key"},{"not_picked":["Velvet Choker","Empty Cage"],"picked":"Tiny House"}],"items_purged_floors":[19],"is_endless":false,"potions_floor_spawned":[1,6,16,20,21,25,36,37],"killed_by":"Transient","ascension_level":2}