{"gold_per_floor":[115,115,69,81,36,68,68,83,83,94,129,404,404,414,414,414],"floor_reached":16,"playtime":846,"items_purged":[],"score":135,"play_id":"a1b0fb1e-5353-4b45-9582-55fc4f19d76f","local_time":"20181226140119","is_ascension_mode":false,"campfire_choices":[{"data":"Neutralize","floor":13,"key":"SMITH"},{"data":"Sucker Punch","floor":15,"key":"SMITH"}],"neow_cost":"NONE","seed_source_timestamp":262114715599544,"circlet_count":0,"master_deck":["Defend_G","Defend_G","Defend_G","Defend_G","Defend_G","Strike_G","Strike_G","Strike_G","Strike_G","Strike_G","Survivor","Neutralize+1","Slice","Dagger Spray","Sucker Punch+1","Calculated Gamble","Quick Slash","Dodge and Roll","Flying Knee","Regret","Blur"],"relics":["Ring of the Snake","NeowsBlessing","Blue Candle","Ninja Scroll","Strawberry"],"potions_floor_usage":[11,14],"damage_taken":[{"damage":0,"enemies":"2 Louse","floor":1,"turns":1},{"damage":0,"enemies":"Cultist","floor":4,"turns":1},{"damage":0,"enemies":"Lagavulin","floor":6,"turns":1},{"damage":0,"enemies":"Jaw Worm","floor":8,"turns":3},{"damage":3,"enemies":"Gremlin Gang","floor":10,"turns":5},{"damage":9,"enemies":"3 Sentries","floor":11,"turns":8},{"damage":0,"enemies":"2 Fungi Beasts","floor":14,"turns":3},{"damage":65,"enemies":"Slime Boss","floor":16,"turns":11}],"seed_played":"5278673466041515709","potions_obtained":[{"floor":6,"key":"SmokeBomb"},{"floor":10,"key":"GamblersBrew"},{"floor":11,"key":"PowerPotion"}],"is_trial":false,"path_per_floor":["M","?","$","M","$","E","?","M","T","M","E","?","R","M","R","B"],"character_chosen":"THE_SILENT","items_purchased":["Slice","Sucker Punch"],"campfire_rested":0,"item_purchase_floors":[3,5],"current_hp_per_floor":[70,70,70,70,70,70,67,67,67,64,62,62,62,62,62,0],"gold":414,"neow_bonus":"THREE_ENEMY_KILL","is_prod":false,"is_daily":false,"chose_seed":false,"campfire_upgraded":2,"win_rate":0,"timestamp":1545811279,"path_taken":["M","?","$","?","$","E","?","M","T","M","E","?","R","M","R","BOSS"],"build_version":"2018-12-20","purchased_purges":0,"victory":false,"max_hp_per_floor":[70,70,70,70,70,70,70,70,70,70,77,77,77,77,77,77],"card_choices":[{"not_picked":["PiercingWail","Dodge and Roll"],"picked":"Poisoned Stab","floor":1},{"not_picked":["Outmaneuver","Bane"],"picked":"Dagger Spray","floor":4},{"not_picked":["Backflip","Quick Slash"],"picked":"Calculated Gamble","floor":6},{"not_picked":["Slice","Outmaneuver"],"picked":"Quick Slash","floor":8},{"not_picked":["Bouncing Flask","Dagger Throw"],"picked":"Dodge and Roll","floor":10},{"not_picked":["Calculated Gamble","Unload"],"picked":"Flying Knee","floor":11},{"not_picked":["Bane","Underhanded Strike"],"picked":"Blur","floor":14}],"player_experience":418092,"relics_obtained":[{"floor":6,"key":"Blue Candle"},{"floor":11,"key":"Strawberry"}],"event_choices":[{"cards_removed":["Poisoned Stab"],"damage_healed":5,"gold_gain":0,"player_choice":"Offered Common","damage_taken":0,"max_hp_gain":0,"max_hp_loss":0,"event_name":"Bonfire Elementals","floor":2,"gold_loss":0},{"cards_removed":["Poisoned Stab"],"damage_healed":5,"gold_gain":0,"player_choice":"Offered Special","damage_taken":0,"max_hp_gain":0,"max_hp_loss":0,"event_name":"Bonfire Elementals","floor":2,"gold_loss":0},{"damage_healed":0,"gold_gain":0,"player_choice":"Success","damage_taken":3,"relics_obtained":["Ninja Scroll"],"max_hp_gain":0,"max_hp_loss":0,"event_name":"Scrap Ooze","floor":7,"gold_loss":0},{"damage_healed":0,"gold_gain":275,"player_choice":"Desecrate","damage_taken":0,"max_hp_gain":0,"max_hp_loss":0,"event_name":"Golden Shrine","floor":12,"gold_loss":0,"cards_obtained":["Regret"]}],"is_beta":false,"boss_relics":[],"items_purged_floors":[],"is_endless":false,"potions_floor_spawned":[6,10,11],"killed_by":"Slime Boss","ascension_level":0}