{"gold_per_floor":[110,121,138,64,76,76,111,111,159,159,190,190,190,190,190,190],"floor_reached":16,"playtime":419,"items_purged":[],"score":173,"play_id":"ae149675-76d3-492c-b717-7ce8c38058a3","local_time":"20190628163646","is_ascension_mode":true,"campfire_choices":[{"data":"Neutralize","floor":6,"key":"SMITH"},{"data":"A Thousand Cuts","floor":8,"key":"SMITH"},{"data":"Backstab","floor":10,"key":"SMITH"},{"data":"Deadly Poison","floor":13,"key":"SMITH"},{"data":"Envenom","floor":15,"key":"SMITH"}],"neow_cost":"NONE","seed_source_timestamp":677923461468005,"circlet_count":0,"master_deck":["AscendersBane","Defend_G","Defend_G","Defend_G","Defend_G","Defend_G","Strike_G","Strike_G","Strike_G","Strike_G","Survivor","Neutralize+1","Backstab+1","Deadly Poison+1","Dagger Throw","A Thousand Cuts+1","Wraith Form v2","Dagger Spray+1","Envenom+1"],"relics":["Ring of the Snake","NeowsBlessing","Pear","Happy Flower","Vajra"],"potions_floor_usage":[7,7],"damage_taken":[{"damage":0,"enemies":"Jaw Worm","floor":1,"turns":1},{"damage":0,"enemies":"Small Slimes","floor":2,"turns":1},{"damage":0,"enemies":"Cultist","floor":3,"turns":1},{"damage":3,"enemies":"Blue Slaver","floor":5,"turns":3},{"damage":28,"enemies":"Gremlin Nob","floor":7,"turns":4},{"damage":17,"enemies":"3 Sentries","floor":11,"turns":5},{"damage":28,"enemies":"The Guardian","floor":16,"turns":8}],"seed_played":"1901462797309952872","potions_obtained":[{"floor":1,"key":"SkillPotion"},{"floor":3,"key":"SneckoOil"}],"is_trial":false,"path_per_floor":["M","M","M","$","M","R","E","R","T","R","E","?","R","?","R","B"],"character_chosen":"THE_SILENT","items_purchased":["A Thousand Cuts"],"campfire_rested":0,"item_purchase_floors":[4],"current_hp_per_floor":[63,63,63,63,60,60,42,42,42,42,25,25,25,25,25,0],"gold":190,"neow_bonus":"THREE_ENEMY_KILL","is_prod":false,"is_daily":false,"chose_seed":false,"campfire_upgraded":5,"win_rate":0,"timestamp":1561757806,"path_taken":["M","M","M","$","M","R","E","R","T","R","E","?","R","?","R","BOSS"],"build_version":"2019-01-23","purchased_purges":0,"victory":false,"max_hp_per_floor":[70,70,70,70,70,70,80,80,80,80,80,80,80,80,80,80],"card_choices":[{"not_picked":["Bane","Acrobatics"],"picked":"Backstab","floor":1},{"not_picked":["Blade Dance","Deflect"],"picked":"Deadly Poison","floor":2},{"not_picked":["Quick Slash","Blade Dance"],"picked":"Dagger Throw","floor":3},{"not_picked":["Expertise","Acrobatics","Escape Plan"],"picked":"SKIP","floor":5},{"not_picked":["Acrobatics","Outmaneuver"],"picked":"Wraith Form v2","floor":7},{"not_picked":["Quick Slash","Prepared"],"picked":"Dagger Spray","floor":11}],"player_experience":297879,"relics_obtained":[{"floor":7,"key":"Pear"},{"floor":9,"key":"Happy Flower"},{"floor":11,"key":"Vajra"}],"event_choices":[{"damage_healed":0,"gold_gain":0,"player_choice":"Grow","damage_taken":0,"max_hp_gain":0,"max_hp_loss":0,"event_name":"Living Wall","floor":12,"gold_loss":0,"cards_upgraded":["Dagger Spray"]},{"damage_healed":0,"gold_gain":0,"cards_transformed":["Strike_G"],"player_choice":"Transformed","damage_taken":0,"max_hp_gain":0,"max_hp_loss":0,"event_name":"Transmorgrifier","floor":14,"gold_loss":0,"cards_obtained":["Envenom"]}],"is_beta":false,"boss_relics":[],"items_purged_floors":[],"is_endless":false,"potions_floor_spawned":[1,3,5],"killed_by":"The Guardian","ascension_level":12}