{"gold_per_floor":[10,23,23,34,48,48,48,48,48,48,48,81,101,136,136,208,208,188,188,203,203,218,218,232,232,314,326,73,73,105,105],"floor_reached":31,"playtime":2677,"items_purged":["Strike_G"],"score":680,"play_id":"b40575aa-c1ec-44f4-a550-dc7b7523a822","local_time":"20190720180943","is_ascension_mode":true,"campfire_choices":[{"data":"Poisoned Stab","floor":6,"key":"SMITH"},{"data":"Tools of the Trade","floor":8,"key":"SMITH"},{"data":"Leg Sweep","floor":10,"key":"SMITH"},{"data":"Tactician","floor":15,"key":"SMITH"},{"data":"Crippling Poison","floor":23,"key":"SMITH"},{"data":"Tools of the Trade","floor":25,"key":"SMITH"}],"neow_cost":"NO_GOLD","seed_source_timestamp":115812680574200,"circlet_count":0,"master_deck":["AscendersBane","Strike_G","Strike_G","Defend_G","Defend_G","Defend_G","Defend_G","Defend_G","Survivor","Neutralize","Tools of the Trade+1","PiercingWail","Poisoned Stab+1","Poisoned Stab+1","Leg Sweep+1","Tools of the Trade","Tactician+1","Predator","Tools of the Trade+1","Crippling Poison+1","Poisoned Stab","Underhanded Strike","Blur","Heel Hook","Deadly Poison+1","Well Laid Plans+1","Dark Shackles","Reflex"],"relics":["Ring of the Serpent","StoneCalendar","Mummified Hand","Kunai","Dodecahedron","Frozen Egg 2","Potion Belt"],"potions_floor_usage":[12,16,18,27,30],"damage_taken":[{"damage":1,"enemies":"Small Slimes","floor":1,"turns":4},{"damage":3,"enemies":"Jaw Worm","floor":2,"turns":4},{"damage":0,"enemies":"2 Louse","floor":4,"turns":5},{"damage":6,"enemies":"Red Slaver","floor":5,"turns":7},{"damage":9,"enemies":"3 Sentries","floor":12,"turns":7},{"damage":9,"enemies":"Large Slime","floor":13,"turns":7},{"damage":0,"enemies":"Lagavulin","floor":14,"turns":8},{"damage":0,"enemies":"Hexaghost","floor":16,"turns":8},{"damage":0,"enemies":"2 Thieves","floor":18,"turns":4},{"damage":4,"enemies":"Shell Parasite","floor":20,"turns":6},{"damage":7,"enemies":"Snecko","floor":22,"turns":6},{"damage":0,"enemies":"Centurion and Healer","floor":24,"turns":7},{"damage":5,"enemies":"3 Cultists","floor":27,"turns":5},{"damage":28,"enemies":"Slavers","floor":30,"turns":7},{"damage":12,"enemies":"Sentry and Sphere","floor":31,"turns":3}],"seed_played":"211457468378288405","potions_obtained":[{"floor":2,"key":"Block Potion"},{"floor":12,"key":"Strength Potion"},{"floor":14,"key":"GamblersBrew"},{"floor":19,"key":"GamblersBrew"},{"floor":19,"key":"Strength Potion"},{"floor":22,"key":"Block Potion"}],"is_trial":false,"path_per_floor":["M","M","?","M","M","R","?","R","T","R","?","E","M","E","R","B",null,"M","?","M","?","M","R","M","R","T","M","$","?","E","M"],"character_chosen":"THE_SILENT","items_purchased":["Well Laid Plans+1","Dark Shackles"],"campfire_rested":0,"item_purchase_floors":[28,28],"current_hp_per_floor":[58,55,55,55,49,49,44,44,44,44,44,35,26,26,26,26,56,56,56,52,52,45,45,45,45,45,40,40,40,12,0],"gold":105,"neow_bonus":"THREE_RARE_CARDS","is_prod":false,"is_daily":false,"chose_seed":false,"campfire_upgraded":6,"win_rate":0,"timestamp":1563660583,"path_taken":["M","M","?","M","M","R","?","R","T","R","?","E","M","E","R","BOSS","M","?","?","?","M","R","M","R","T","M","$","?","E","M"],"build_version":"2019-07-17","purchased_purges":1,"victory":false,"max_hp_per_floor":[66,66,66,66,66,66,66,66,66,66,66,66,66,66,66,66,66,66,66,66,66,66,66,66,66,66,66,66,66,66,66],"card_choices":[{"not_picked":["Bullet Time","Storm of Steel"],"picked":"Tools of the Trade","floor":0},{"not_picked":["Flechettes","Dodge and Roll"],"picked":"PiercingWail","floor":1},{"not_picked":["Sucker Punch","Blade Dance"],"picked":"Poisoned Stab","floor":2},{"not_picked":["Tactician","Bane"],"picked":"Poisoned Stab","floor":4},{"not_picked":["Sucker Punch","Calculated Gamble"],"picked":"Leg Sweep","floor":5},{"not_picked":["Flying Knee","Setup"],"picked":"Tools of the Trade","floor":12},{"not_picked":["Sucker Punch","PiercingWail"],"picked":"Tactician","floor":13},{"not_picked":["Terror","Flying Knee"],"picked":"Predator","floor":14},{"not_picked":["Doppelganger","Grand Finale"],"picked":"Tools of the Trade","floor":16},{"not_picked":["Underhanded Strike","Infinite Blades"],"picked":"Crippling Poison","floor":18},{"not_picked":["Outmaneuver","Riddle With Holes","Distraction"],"picked":"SKIP","floor":20},{"not_picked":["Riddle With Holes","Dagger Spray"],"picked":"Blur","floor":22},{"not_picked":["PiercingWail","Acrobatics+1"],"picked":"Heel Hook","floor":24},{"not_picked":["Flechettes","Reflex"],"picked":"Deadly Poison+1","floor":27},{"not_picked":["Doppelganger","Finisher+1","Accuracy+1"],"picked":"SKIP","floor":30}],"player_experience":2308023,"relics_obtained":[{"floor":9,"key":"Mummified Hand"},{"floor":12,"key":"Kunai"},{"floor":14,"key":"Dodecahedron"},{"floor":26,"key":"Frozen Egg 2"},{"floor":30,"key":"Potion Belt"}],"event_choices":[{"damage_healed":0,"gold_gain":0,"player_choice":"Grow","damage_taken":0,"max_hp_gain":0,"max_hp_loss":0,"event_name":"Living Wall","floor":3,"gold_loss":0,"cards_upgraded":["Poisoned Stab"]},{"damage_healed":0,"gold_gain":0,"player_choice":"Success","damage_taken":5,"relics_obtained":["StoneCalendar"],"max_hp_gain":0,"max_hp_loss":0,"event_name":"Scrap Ooze","floor":7,"gold_loss":0},{"damage_healed":0,"gold_gain":0,"player_choice":"Searched \u00270\u0027 times","damage_taken":0,"max_hp_gain":0,"max_hp_loss":0,"event_name":"Dead Adventurer","floor":11,"gold_loss":0},{"damage_healed":0,"gold_gain":0,"player_choice":"Got Potions","damage_taken":0,"max_hp_gain":0,"max_hp_loss":0,"event_name":"Lab","floor":19,"gold_loss":0},{"damage_healed":0,"gold_gain":0,"cards_transformed":["Strike_G","Strike_G"],"player_choice":"Became Test Subject","damage_taken":0,"max_hp_gain":0,"max_hp_loss":0,"event_name":"Drug Dealer","floor":21,"gold_loss":0,"cards_obtained":["Poisoned Stab","Underhanded Strike"]},{"damage_healed":0,"gold_gain":0,"player_choice":"1 cards matched","damage_taken":0,"max_hp_gain":0,"max_hp_loss":0,"event_name":"Match and Keep!","floor":29,"gold_loss":0,"cards_obtained":["Reflex"]}],"is_beta":false,"boss_relics":[{"not_picked":["Tiny House","Ectoplasm"],"picked":"Ring of the Serpent"}],"items_purged_floors":[28],"is_endless":false,"potions_floor_spawned":[2,12,14,20,22,24],"killed_by":"Sentry and Sphere","ascension_level":20}