{"gold_per_floor":[119,40,56,75,75,114,114,39,39,39,77,113,42,60,60,181,181,181,181,106,106,106,106,106,106,106,106,106,106,106,106,106,106,106,106,106,106,106,106,106,106,106,106,106,56,56,56,6,6,6,6,6,6,6,6],"floor_reached":55,"playtime":3818,"items_purged":["Strike_B","Zap","Cold Snap"],"score":1110,"play_id":"f53f9fb6-4769-473c-bf65-289fae18e693","local_time":"20190516003610","is_ascension_mode":true,"campfire_choices":[{"floor":7,"key":"REST"},{"data":"Coolheaded","floor":10,"key":"SMITH"},{"data":"Stack","floor":15,"key":"SMITH"},{"data":"Fission","floor":25,"key":"SMITH"},{"floor":32,"key":"REST"},{"floor":41,"key":"DIG"},{"floor":44,"key":"RECALL"},{"floor":47,"key":"REST"},{"data":"Steam Power","floor":49,"key":"SMITH"},{"floor":52,"key":"DIG"}],"neow_cost":"NONE","seed_source_timestamp":91188949340349,"circlet_count":0,"master_deck":["Defend_B","Defend_B","Defend_B","Defend_B","Dualcast","Creative AI","Defragment","Conserve Battery","Ball Lightning","Cold Snap","Defragment","Capacitor","Coolheaded+1","Self Repair","Doom and Gloom","Glacier","Stack+1","Fission+1","Chill","Double Energy","Steam Power+1","Capacitor+1","Undo","Turbo","Stack+1","Amplify+1","Recycle+1","Defragment+1","Coolheaded+1","Coolheaded+1"],"relics":["Orrery","Bloody Idol","Shovel","WingedGreaves","FossilizedHelix","Art of War","Ectoplasm","Bottled Flame","The Courier","Toxic Egg 2","Black Star","Bag of Preparation","Old Coin","Smiling Mask","Vajra","Dream Catcher","Frozen Egg 2","Orichalcum","Bottled Tornado","Sundial","Ornamental Fan","Bottled Lightning"],"potions_floor_usage":[12,23,23,24,31,46,55,55,55],"damage_taken":[{"damage":3,"enemies":"Cultist","floor":1,"turns":6},{"damage":2,"enemies":"Small Slimes","floor":3,"turns":4},{"damage":9,"enemies":"Jaw Worm","floor":4,"turns":3},{"damage":12,"enemies":"Lagavulin","floor":6,"turns":9},{"damage":27,"enemies":"3 Sentries","floor":11,"turns":7},{"damage":0,"enemies":"Lagavulin","floor":12,"turns":14},{"damage":6,"enemies":"3 Louse","floor":14,"turns":3},{"damage":5,"enemies":"Slime Boss","floor":16,"turns":9},{"damage":6,"enemies":"Shell Parasite","floor":18,"turns":6},{"damage":12,"enemies":"2 Thieves","floor":20,"turns":5},{"damage":32,"enemies":"3 Cultists","floor":21,"turns":7},{"damage":5,"enemies":"Slavers","floor":23,"turns":10},{"damage":0,"enemies":"Book of Stabbing","floor":24,"turns":11},{"damage":0,"enemies":"Snake Plant","floor":27,"turns":9},{"damage":21,"enemies":"Gremlin Leader","floor":29,"turns":8},{"damage":1,"enemies":"Centurion and Healer","floor":31,"turns":7},{"damage":2,"enemies":"Champ","floor":33,"turns":20},{"damage":13,"enemies":"3 Shapes","floor":35,"turns":11},{"damage":3,"enemies":"Orb Walker","floor":38,"turns":6},{"damage":36,"enemies":"3 Darklings","floor":39,"turns":13},{"damage":7,"enemies":"Nemesis","floor":40,"turns":13},{"damage":10,"enemies":"Giant Head","floor":42,"turns":7},{"damage":21,"enemies":"Nemesis","floor":46,"turns":15},{"damage":33,"enemies":"Time Eater","floor":50,"turns":11},{"damage":33,"enemies":"Shield and Spear","floor":54,"turns":9},{"damage":46,"enemies":"The Heart","floor":55,"turns":5}],"seed_played":"8008145789601599407","potions_obtained":[{"floor":1,"key":"Swift Potion"},{"floor":6,"key":"Block Potion"},{"floor":11,"key":"SkillPotion"},{"floor":12,"key":"AttackPotion"},{"floor":23,"key":"EssenceOfSteel"},{"floor":24,"key":"LiquidBronze"},{"floor":29,"key":"SkillPotion"},{"floor":31,"key":"Dexterity Potion"},{"floor":46,"key":"Energy Potion"},{"floor":54,"key":"FocusPotion"}],"is_trial":false,"path_per_floor":["M","$","M","M","?","E","R","$","T","R","E","E","$","M","R","B",null,"M","?","M","M","?","E","E","R","T","M","?","E","?","M","R","B",null,"M","?","?","M","M","E","R","E","T","R","$","E","R","$","R","B",null,"R","$","E","B"],"character_chosen":"DEFECT","items_purchased":["Defragment","Glacier"],"campfire_rested":3,"item_purchase_floors":[2,13],"current_hp_per_floor":[65,65,63,54,36,24,46,46,46,46,19,26,26,27,27,29,64,65,65,60,35,35,37,44,44,44,51,35,21,21,27,49,54,70,64,64,64,61,39,39,39,36,36,36,36,29,51,51,51,25,63,63,63,44,0],"gold":6,"neow_bonus":"BOSS_RELIC","is_prod":false,"is_daily":false,"chose_seed":false,"campfire_upgraded":4,"win_rate":0,"timestamp":1557981370,"path_taken":["M","?","?","M","?","E","R","?","T","R","E","E","$","M","R","BOSS","M","?","M","M","?","E","E","R","T","M","?","E","?","M","R","BOSS","M","?","?","?","M","E","R","E","T","R","$","E","R","$","R","BOSS","R","$","E","BOSS"],"build_version":"2019-01-23","purchased_purges":3,"victory":false,"max_hp_per_floor":[75,75,75,75,75,75,75,75,75,75,75,75,75,75,75,75,75,75,75,75,75,75,75,75,75,75,75,75,75,75,75,75,75,75,75,75,75,75,75,75,75,75,75,75,75,75,75,75,75,75,75,75,75,75,75],"card_choices":[{"not_picked":["Loop","Undo"],"picked":"Creative AI","floor":0},{"not_picked":["Darkness","Go for the Eyes"],"picked":"Defragment","floor":0},{"not_picked":["Steam","Leap"],"picked":"Cold Snap","floor":0},{"not_picked":["Scrape","Rip and Tear"],"picked":"Conserve Battery","floor":0},{"not_picked":["Steam Power","Steam"],"picked":"Ball Lightning","floor":0},{"not_picked":["White Noise","Gash"],"picked":"Cold Snap","floor":1},{"not_picked":["Coolheaded","Rip and Tear"],"picked":"Capacitor","floor":3},{"not_picked":["Stack","Conserve Battery"],"picked":"Coolheaded","floor":4},{"not_picked":["Hello World","Rip and Tear","Beam Cell"],"picked":"SKIP","floor":6},{"not_picked":["Loop","Reprogram"],"picked":"Self Repair","floor":11},{"not_picked":["Streamline","Ball Lightning"],"picked":"Doom and Gloom","floor":12},{"not_picked":["Lockon","BootSequence"],"picked":"Stack","floor":14},{"not_picked":["Hyperbeam","Reboot"],"picked":"Fission","floor":16},{"not_picked":["Steam+1","Rebound"],"picked":"Chill","floor":18},{"not_picked":["Scrape","Sweeping Beam+1"],"picked":"Capacitor+1","floor":20},{"not_picked":["Melter","Heatsinks"],"picked":"Undo","floor":21},{"not_picked":["Ball Lightning+1","BootSequence"],"picked":"Compile Driver","floor":23},{"not_picked":["Conserve Battery+1","Streamline+1","Compile Driver"],"picked":"SKIP","floor":24},{"not_picked":["Leap","Machine Learning"],"picked":"Turbo","floor":27},{"not_picked":["Melter","Force Field"],"picked":"Stack","floor":29},{"not_picked":["Ball Lightning","Doom and Gloom","Beam Cell"],"picked":"SKIP","floor":31},{"not_picked":["Biased Cognition","Hyperbeam"],"picked":"Amplify+1","floor":33},{"not_picked":["Steam+1","Genetic Algorithm+1","Streamline"],"picked":"SKIP","floor":35},{"not_picked":["Scrape+1","Cold Snap","Compile Driver+1"],"picked":"SKIP","floor":38},{"not_picked":["Conserve Battery+1","Capacitor","Sweeping Beam"],"picked":"SKIP","floor":39},{"not_picked":["Sweeping Beam","Stack+1","Gash+1"],"picked":"SKIP","floor":40},{"not_picked":["Biased Cognition","Go for the Eyes"],"picked":"Recycle+1","floor":42},{"not_picked":["Leap+1","Redo+1"],"picked":"Defragment+1","floor":46},{"not_picked":["Go for the Eyes+1","Streamline"],"picked":"Coolheaded+1","floor":47},{"not_picked":["Turbo+1","Redo+1"],"picked":"Coolheaded+1","floor":54}],"player_experience":391743,"relics_obtained":[{"floor":6,"key":"Shovel"},{"floor":9,"key":"WingedGreaves"},{"floor":11,"key":"FossilizedHelix"},{"floor":12,"key":"Art of War"},{"floor":23,"key":"Bottled Flame"},{"floor":24,"key":"The Courier"},{"floor":29,"key":"Toxic Egg 2"},{"floor":40,"key":"Bag of Preparation"},{"floor":40,"key":"Old Coin"},{"floor":41,"key":"Smiling Mask"},{"floor":42,"key":"Vajra"},{"floor":42,"key":"Dream Catcher"},{"floor":43,"key":"Frozen Egg 2"},{"floor":46,"key":"Orichalcum"},{"floor":46,"key":"Bottled Tornado"},{"floor":52,"key":"Sundial"},{"floor":54,"key":"Ornamental Fan"},{"floor":54,"key":"Bottled Lightning"}],"event_choices":[{"damage_healed":0,"gold_gain":0,"player_choice":"Take Damage","damage_taken":18,"relics_obtained":["Golden Idol"],"max_hp_gain":0,"max_hp_loss":0,"event_name":"Golden Idol","floor":5,"gold_loss":0},{"damage_healed":0,"gold_gain":0,"cards_transformed":["Strike_B","Strike_B"],"player_choice":"Became Test Subject","damage_taken":0,"max_hp_gain":0,"max_hp_loss":0,"event_name":"Drug Dealer","floor":19,"gold_loss":0,"cards_obtained":["Double Energy","Steam Power"]},{"damage_healed":0,"gold_gain":99,"player_choice":"Stole From Cult","damage_taken":0,"max_hp_gain":0,"max_hp_loss":0,"event_name":"Nest","floor":22,"gold_loss":0},{"damage_healed":0,"gold_gain":0,"player_choice":"Obtained Book","damage_taken":16,"max_hp_gain":0,"max_hp_loss":0,"event_name":"Cursed Tome","floor":28,"gold_loss":0},{"damage_healed":0,"gold_gain":0,"player_choice":"Gave Idol","damage_taken":0,"relics_obtained":["Bloody Idol"],"max_hp_gain":0,"max_hp_loss":0,"event_name":"Forgotten Altar","floor":30,"relics_lost":["Golden Idol"],"gold_loss":0},{"cards_removed":["Compile Driver"],"damage_healed":0,"gold_gain":0,"player_choice":"Removed Attack","damage_taken":0,"max_hp_gain":0,"max_hp_loss":0,"event_name":"Falling","floor":36,"gold_loss":0},{"cards_removed":["Strike_B"],"damage_healed":0,"gold_gain":0,"player_choice":"Card Removal","damage_taken":0,"max_hp_gain":0,"max_hp_loss":0,"event_name":"Wheel of Change","floor":37,"gold_loss":0}],"is_beta":false,"boss_relics":[{"not_picked":["Lizard Tail","White Beast Statue"],"picked":"Ectoplasm"},{"not_picked":["Pandora\u0027s Box","Runic Pyramid"],"picked":"Black Star"}],"items_purged_floors":[8,45,48],"is_endless":false,"potions_floor_spawned":[1,6,11,12,21,23,24,29,31,46,54],"killed_by":"The Heart","ascension_level":6}