{"gold_per_floor":[117,117,128,128,140,140,166,166,191,207,207,221,70,129,129,234,234,249,249,249,72,142,142],"floor_reached":23,"playtime":986,"items_purged":["Double Energy"],"score":236,"play_id":"c91a971b-9dd7-48b3-ad30-83b545edbec7","local_time":"20190315211544","is_ascension_mode":true,"campfire_choices":[{"data":"Coolheaded","floor":6,"key":"SMITH"},{"floor":8,"key":"REST"},{"data":"Genetic Algorithm","floor":11,"key":"SMITH"},{"data":"Seek","floor":15,"key":"SMITH"}],"neow_cost":"NONE","seed_source_timestamp":240753518508288,"circlet_count":0,"master_deck":["Zap+1","Dualcast+1","Ball Lightning","Darkness","Coolheaded+1","FTL","Genetic Algorithm+1","Seek+1","Creative AI","Loop","Machine Learning","White Noise","White Noise","Lockon","Reboot","BootSequence","Conserve Battery","Loop"],"relics":["Cracked Core","Regal Pillow","Strawberry","War Paint","Tiny Chest","Pandora\u0027s Box","Dodecahedron"],"potions_floor_usage":[7,14,23,23,23,23],"damage_taken":[{"damage":7,"enemies":"Jaw Worm","floor":1,"turns":3},{"damage":6,"enemies":"Cultist","floor":3,"turns":3},{"damage":9,"enemies":"Small Slimes","floor":5,"turns":3},{"damage":28,"enemies":"Gremlin Nob","floor":7,"turns":4},{"damage":5,"enemies":"Looter","floor":10,"turns":3},{"damage":10,"enemies":"Blue Slaver","floor":12,"turns":3},{"damage":13,"enemies":"Lagavulin","floor":14,"turns":5},{"damage":38,"enemies":"The Guardian","floor":16,"turns":13},{"damage":11,"enemies":"3 Byrds","floor":18,"turns":4},{"damage":71,"enemies":"Slavers","floor":23,"turns":4}],"seed_played":"3696178672457438184","potions_obtained":[{"floor":1,"key":"SkillPotion"},{"floor":2,"key":"Energy Potion"},{"floor":2,"key":"EntropicBrew"},{"floor":7,"key":"Swift Potion"},{"floor":14,"key":"Strength Potion"}],"is_trial":false,"path_per_floor":["M","?","M","?","M","R","E","R","T","M","R","M","$","E","R","B",null,"M","?","?","$","T","E"],"character_chosen":"DEFECT","items_purchased":["War Paint","Conserve Battery","Loop"],"campfire_rested":1,"item_purchase_floors":[13,21,21],"current_hp_per_floor":[68,68,62,62,53,53,25,62,69,64,64,54,54,41,41,3,82,71,71,71,71,71,0],"gold":142,"neow_bonus":"THREE_CARDS","is_prod":false,"is_daily":false,"chose_seed":false,"campfire_upgraded":3,"win_rate":0,"timestamp":1552698944,"path_taken":["M","?","?","?","M","R","E","R","T","M","R","M","$","E","R","BOSS","M","?","?","?","?","E"],"build_version":"2019-01-23","purchased_purges":1,"victory":false,"max_hp_per_floor":[75,75,75,75,75,75,75,75,82,82,82,82,82,82,82,82,82,82,82,82,82,82,82],"card_choices":[{"not_picked":["Hologram","Coolheaded"],"picked":"Ball Lightning","floor":0},{"not_picked":["Leap","Doom and Gloom"],"picked":"Darkness","floor":1},{"not_picked":["Blizzard","Stack","Streamline"],"picked":"SKIP","floor":3},{"not_picked":["Cold Snap","Loop"],"picked":"Coolheaded","floor":5},{"not_picked":["Force Field","Skim"],"picked":"FTL","floor":7},{"not_picked":["Stack","Hologram"],"picked":"Genetic Algorithm","floor":10},{"not_picked":["Compile Driver","Go for the Eyes","Turbo"],"picked":"SKIP","floor":12},{"not_picked":["Defragment","Turbo"],"picked":"Seek","floor":14},{"not_picked":["Amplify","Biased Cognition"],"picked":"Creative AI","floor":16},{"not_picked":["Sweeping Beam+1","Beam Cell+1"],"picked":"BootSequence","floor":18}],"player_experience":330728,"relics_obtained":[{"floor":7,"key":"Regal Pillow"},{"floor":9,"key":"Strawberry"},{"floor":14,"key":"Tiny Chest"},{"floor":22,"key":"Dodecahedron"}],"event_choices":[{"damage_healed":0,"gold_gain":0,"player_choice":"Got Potions","damage_taken":0,"max_hp_gain":0,"max_hp_loss":0,"event_name":"Lab","floor":2,"gold_loss":0},{"damage_healed":0,"gold_gain":0,"player_choice":"Grow","damage_taken":0,"max_hp_gain":0,"max_hp_loss":0,"event_name":"Living Wall","floor":4,"gold_loss":0,"cards_upgraded":["Zap"]},{"damage_healed":0,"gold_gain":0,"player_choice":"Ignored","damage_taken":0,"max_hp_gain":0,"max_hp_loss":0,"event_name":"Vampires","floor":19,"gold_loss":0},{"cards_removed":["Aggregate"],"damage_healed":0,"gold_gain":0,"player_choice":"Elegance","damage_taken":0,"max_hp_gain":0,"max_hp_loss":0,"event_name":"Back to Basics","floor":20,"gold_loss":0}],"is_beta":false,"boss_relics":[{"not_picked":["White Beast Statue","Philosopher\u0027s Stone"],"picked":"Pandora\u0027s Box"}],"items_purged_floors":[21],"is_endless":false,"potions_floor_spawned":[1,7,12,14],"killed_by":"Slavers","ascension_level":4}