{"gold_per_floor":[366,74,87,162,175,201,201,229,254,316,348,348,363,382,382,483,483,483,383,383,338,338,338,338,338,338,338,338,338,338,338,338,338],"floor_reached":33,"playtime":1661,"items_purged":["Strike_R","Strike_R"],"score":488,"play_id":"c51292bf-75b0-4fc4-955a-db18b4a410b1","local_time":"20190614220748","is_ascension_mode":true,"campfire_choices":[{"data":"Armaments","floor":7,"key":"SMITH"},{"data":"Flame Barrier","floor":15,"key":"SMITH"},{"data":"Feed","floor":23,"key":"SMITH"},{"data":"Havoc","floor":27,"key":"SMITH"},{"data":"Inflame","floor":32,"key":"SMITH"}],"neow_cost":"TEN_PERCENT_HP_LOSS","seed_source_timestamp":272074905333080,"circlet_count":0,"master_deck":["AscendersBane","Strike_R","Strike_R+1","Strike_R","Defend_R","Defend_R","Defend_R","Defend_R","Bash+1","Inflame+1","Shrug It Off","Uppercut","Shrug It Off","Armaments+1","Heavy Blade","Spot Weakness","Anger","Havoc+1","Flame Barrier+1","Feed+1","Clothesline","Spot Weakness","Corruption+1","Havoc+1"],"relics":["Burning Blood","Oddly Smooth Stone","Whetstone","Anchor","Bottled Tornado","Matryoshka","Ectoplasm","Red Mask","Strawberry","Omamori","Tiny Chest","Necronomicon","Ancient Tea Set"],"potions_floor_usage":[6,6,10,13,16,24,28,33],"damage_taken":[{"damage":10,"enemies":"Small Slimes","floor":1,"turns":4},{"damage":1,"enemies":"2 Louse","floor":3,"turns":4},{"damage":6,"enemies":"Jaw Worm","floor":5,"turns":6},{"damage":22,"enemies":"3 Sentries","floor":6,"turns":9},{"damage":23,"enemies":"Gremlin Nob","floor":8,"turns":5},{"damage":18,"enemies":"Gremlin Nob","floor":10,"turns":3},{"damage":14,"enemies":"3 Sentries","floor":11,"turns":7},{"damage":0,"enemies":"Exordium Wildlife","floor":13,"turns":3},{"damage":1,"enemies":"Looter","floor":14,"turns":3},{"damage":20,"enemies":"Hexaghost","floor":16,"turns":8},{"damage":18,"enemies":"Spheric Guardian","floor":18,"turns":5},{"damage":25,"enemies":"Masked Bandits","floor":20,"turns":6},{"damage":11,"enemies":"2 Thieves","floor":21,"turns":4},{"damage":14,"enemies":"Gremlin Leader","floor":24,"turns":6},{"damage":16,"enemies":"Snake Plant","floor":25,"turns":4},{"damage":14,"enemies":"Cultist and Chosen","floor":28,"turns":6},{"damage":14,"enemies":"3 Cultists","floor":29,"turns":5},{"damage":3,"enemies":"Book of Stabbing","floor":31,"turns":4},{"damage":73,"enemies":"Automaton","floor":33,"turns":6}],"seed_played":"760067847943869584","potions_obtained":[{"floor":1,"key":"AttackPotion"},{"floor":6,"key":"AttackPotion"},{"floor":11,"key":"AttackPotion"},{"floor":14,"key":"Regen Potion"},{"floor":18,"key":"SteroidPotion"},{"floor":25,"key":"FearPotion"},{"floor":28,"key":"Regen Potion"}],"is_trial":false,"path_per_floor":["M","$","M","?","M","E","R","E","T","?","E","?","M","M","R","B",null,"M","$","?","M","?","R","E","M","T","R","M","M","?","E","R","B"],"character_chosen":"IRONCLAD","items_purchased":["Inflame","Shrug It Off","Uppercut","PowerPotion"],"campfire_rested":0,"item_purchase_floors":[2,2,2,2],"current_hp_per_floor":[68,68,72,61,61,45,45,28,28,16,8,8,14,19,19,20,59,50,50,31,29,78,78,77,67,67,67,63,59,43,46,46,0],"gold":338,"neow_bonus":"TWO_FIFTY_GOLD","is_prod":false,"is_daily":false,"chose_seed":false,"campfire_upgraded":5,"win_rate":0,"timestamp":1560564468,"path_taken":["M","$","M","?","M","E","R","E","T","?","E","?","M","?","R","BOSS","M","$","?","M","?","R","E","?","T","R","M","M","?","E","R","BOSS"],"build_version":"2019-01-23","purchased_purges":2,"victory":false,"max_hp_per_floor":[72,72,72,72,72,72,72,72,72,72,72,72,72,72,72,72,72,75,75,75,78,78,78,85,85,85,85,89,93,93,93,93,93],"card_choices":[{"not_picked":["Rupture","Pommel Strike"],"picked":"Hemokinesis","floor":1},{"not_picked":["Havoc","Power Through"],"picked":"Shrug It Off","floor":3},{"not_picked":["Combust","Reckless Charge"],"picked":"Armaments","floor":5},{"not_picked":["Clash","Thunderclap"],"picked":"Heavy Blade","floor":6},{"not_picked":["Intimidate","Pommel Strike"],"picked":"Spot Weakness","floor":8},{"not_picked":["Berserk","Warcry"],"picked":"Anger","floor":10},{"not_picked":["Rage","Iron Wave","Combust"],"picked":"SKIP","floor":11},{"not_picked":["Thunderclap","Burning Pact"],"picked":"Havoc","floor":13},{"not_picked":["Anger","Perfected Strike"],"picked":"Flame Barrier","floor":14},{"not_picked":["Bludgeon","Juggernaut"],"picked":"Feed","floor":16},{"not_picked":["Sword Boomerang","Second Wind","Wild Strike"],"picked":"SKIP","floor":18},{"not_picked":["Ghostly Armor","Sever Soul+1"],"picked":"Clothesline","floor":20},{"not_picked":["Headbutt","Seeing Red","Searing Blow"],"picked":"SKIP","floor":21},{"not_picked":["Headbutt","Body Slam","Wild Strike+1"],"picked":"SKIP","floor":24},{"not_picked":["Carnage","Bloodletting"],"picked":"Spot Weakness","floor":25},{"not_picked":["Pommel Strike","Infernal Blade+1"],"picked":"Corruption+1","floor":28},{"not_picked":["Dropkick","Reckless Charge","Rage"],"picked":"SKIP","floor":29},{"not_picked":["Body Slam","True Grit"],"picked":"Havoc+1","floor":31}],"player_experience":632039,"relics_obtained":[{"floor":6,"key":"Oddly Smooth Stone"},{"floor":8,"key":"Whetstone"},{"floor":9,"key":"Anchor"},{"floor":10,"key":"Bottled Tornado"},{"floor":11,"key":"Matryoshka"},{"floor":20,"key":"Red Mask"},{"floor":24,"key":"Strawberry"},{"floor":26,"key":"Omamori"},{"floor":26,"key":"Tiny Chest"},{"floor":30,"key":"Necronomicon"},{"floor":31,"key":"Ancient Tea Set"}],"event_choices":[{"damage_healed":0,"gold_gain":75,"player_choice":"Gather Gold","damage_taken":11,"max_hp_gain":0,"max_hp_loss":0,"event_name":"World of Goop","floor":4,"gold_loss":0},{"damage_healed":0,"gold_gain":0,"player_choice":"Searched \u00271\u0027 times","damage_taken":0,"max_hp_gain":0,"max_hp_loss":0,"event_name":"Dead Adventurer","floor":10,"gold_loss":0},{"damage_healed":0,"gold_gain":0,"player_choice":"Ignored","damage_taken":0,"max_hp_gain":0,"max_hp_loss":0,"event_name":"Shining Light","floor":12,"gold_loss":0},{"damage_healed":0,"gold_gain":0,"player_choice":"Fought Bandits","damage_taken":0,"max_hp_gain":0,"max_hp_loss":0,"event_name":"Masked Bandits","floor":20,"gold_loss":0},{"cards_removed":["Hemokinesis"],"damage_healed":49,"gold_gain":0,"player_choice":"Offered Uncommon","damage_taken":0,"max_hp_gain":0,"max_hp_loss":0,"event_name":"Bonfire Elementals","floor":22,"gold_loss":0},{"damage_healed":0,"gold_gain":0,"player_choice":"Obtained Book","damage_taken":16,"max_hp_gain":0,"max_hp_loss":0,"event_name":"Cursed Tome","floor":30,"gold_loss":0}],"is_beta":false,"boss_relics":[{"not_picked":["White Beast Statue","Sozu"],"picked":"Ectoplasm"}],"items_purged_floors":[2,19],"is_endless":false,"potions_floor_spawned":[1,3,6,11,14,18,25,28],"killed_by":"Automaton","ascension_level":12}