{"gold_per_floor":[118,138,138,151,170,170,213,213,238,238,259,8,46,46,46,167,167,187,187,14,14,33,33,68,68,68,68,68,88,100,118,118,214,214,232,232,232,232,89,118,118,153,153,153,168,202,202,202,202,202],"floor_reached":51,"playtime":2768,"items_purged":["Strike_B","Scrape"],"score":931,"play_id":"201ddfc4-7150-46dc-a864-0c91b1130f16","local_time":"20190318204743","is_ascension_mode":true,"campfire_choices":[{"data":"Zap","floor":6,"key":"SMITH"},{"data":"Chaos","floor":8,"key":"SMITH"},{"floor":15,"key":"REST"},{"data":"Creative AI","floor":23,"key":"SMITH"},{"data":"Rainbow","floor":28,"key":"SMITH"},{"floor":32,"key":"REST"},{"floor":44,"key":"RECALL"},{"floor":49,"key":"REST"}],"neow_cost":"NONE","seed_source_timestamp":496483754174622,"circlet_count":0,"master_deck":["Zap+1","Dualcast+1","Beam Cell+1","Steam+1","Reinforced Body+1","Chaos+1","Chill+1","Conserve Battery+1","Heatsinks+1","Storm+1","Core Surge+1","Rainbow+1","Creative AI+1","Reinforced Body+1","Skim+1","Amplify+1","Recycle+1","Chaos+1","Undo+1","Hello World+1","Creative AI+1","Glacier+1","Coolheaded+1","Conserve Battery+1","Coolheaded+1","Capacitor+1","Echo Form+1","FTL+1"],"relics":["Cracked Core","Bloody Idol","Anchor","Oddly Smooth Stone","Regal Pillow","Pandora\u0027s Box","Omamori","Pear","Snecko Eye","Calipers","DataDisk","Emotion Chip","Singing Bowl","Mark of the Bloom"],"potions_floor_usage":[7,24,33,33,42,46,50,50],"damage_taken":[{"damage":1,"enemies":"Cultist","floor":1,"turns":3},{"damage":7,"enemies":"Small Slimes","floor":2,"turns":2},{"damage":2,"enemies":"Jaw Worm","floor":4,"turns":3},{"damage":6,"enemies":"Looter","floor":5,"turns":3},{"damage":18,"enemies":"Lagavulin","floor":7,"turns":8},{"damage":0,"enemies":"Exordium Wildlife","floor":11,"turns":4},{"damage":38,"enemies":"Gremlin Nob","floor":13,"turns":6},{"damage":37,"enemies":"The Guardian","floor":16,"turns":15},{"damage":21,"enemies":"Chosen","floor":18,"turns":6},{"damage":0,"enemies":"3 Byrds","floor":22,"turns":6},{"damage":18,"enemies":"Slavers","floor":24,"turns":8},{"damage":9,"enemies":"Snake Plant","floor":29,"turns":5},{"damage":19,"enemies":"3 Cultists","floor":30,"turns":5},{"damage":15,"enemies":"Shelled Parasite and Fungi","floor":31,"turns":9},{"damage":15,"enemies":"Automaton","floor":33,"turns":10},{"damage":42,"enemies":"3 Darklings","floor":35,"turns":5},{"damage":22,"enemies":"Nemesis","floor":40,"turns":9},{"damage":0,"enemies":"Giant Head","floor":42,"turns":9},{"damage":1,"enemies":"Orb Walker","floor":45,"turns":5},{"damage":21,"enemies":"Nemesis","floor":46,"turns":7},{"damage":33,"enemies":"Donu and Deca","floor":50,"turns":5}],"seed_played":"-3685711634299453546","potions_obtained":[{"floor":1,"key":"Ancient Potion"},{"floor":4,"key":"AttackPotion"},{"floor":5,"key":"GamblersBrew"},{"floor":16,"key":"Dexterity Potion"},{"floor":30,"key":"LiquidBronze"},{"floor":35,"key":"AttackPotion"},{"floor":42,"key":"AttackPotion"},{"floor":45,"key":"AttackPotion"},{"floor":46,"key":"AttackPotion"}],"is_trial":false,"path_per_floor":["M","M","?","M","M","R","E","R","T","?","M","$","E","?","R","B",null,"M","?","$","?","M","R","E","$","T","?","R","M","M","M","R","B",null,"M","?","?","?","$","E","?","E","T","R","M","E","?","?","R","B",null],"character_chosen":"DEFECT","items_purchased":["Storm","Core Surge","Hello World","Doom and Gloom","Ancient Potion"],"campfire_rested":3,"item_purchase_floors":[12,12,20,39,39],"current_hp_per_floor":[81,74,74,72,66,66,48,48,48,48,48,48,10,29,66,29,76,55,55,55,55,55,55,37,37,47,47,47,43,29,19,58,48,83,46,46,46,67,67,60,60,83,83,83,83,85,85,85,85,52],"gold":202,"neow_bonus":"TEN_PERCENT_HP_BONUS","is_prod":false,"is_daily":false,"chose_seed":false,"campfire_upgraded":4,"win_rate":0,"timestamp":1552956463,"path_taken":["M","M","?","M","M","R","E","R","T","?","M","$","E","?","R","BOSS","M","?","$","?","?","R","E","?","T","?","R","M","M","M","R","BOSS","M","?","?","?","$","E","?","E","T","R","?","E","?","?","R","BOSS"],"build_version":"2019-01-23","purchased_purges":2,"victory":true,"max_hp_per_floor":[82,82,76,76,76,76,76,76,76,76,76,76,76,76,76,76,76,76,73,73,73,73,73,73,73,83,83,83,83,83,83,83,83,83,83,83,83,83,83,83,83,83,83,83,83,85,85,85,85,85],"card_choices":[{"not_picked":["Rebound","Fusion"],"picked":"Beam Cell","floor":1},{"not_picked":["Compile Driver","Go for the Eyes"],"picked":"Steam","floor":2},{"not_picked":["Hello World","Loop"],"picked":"Reinforced Body","floor":4},{"not_picked":["Static Discharge","Reprogram"],"picked":"Chaos","floor":5},{"not_picked":["Recycle","Force Field"],"picked":"Chill","floor":7},{"not_picked":["Redo","Melter"],"picked":"Heatsinks","floor":11},{"not_picked":["Redo","Turbo"],"picked":"Rainbow","floor":13},{"not_picked":["All For One","Multi-Cast"],"picked":"Creative AI","floor":16},{"not_picked":["Cold Snap","Leap"],"picked":"Undo","floor":18},{"not_picked":["Go for the Eyes","Compile Driver+1"],"picked":"Glacier","floor":22},{"not_picked":["BootSequence","Compile Driver+1"],"picked":"Coolheaded","floor":24},{"not_picked":["Rebound+1","Turbo"],"picked":"Conserve Battery","floor":29},{"not_picked":["Tempest","Creative AI"],"picked":"Coolheaded","floor":30},{"not_picked":["Heatsinks","Compile Driver"],"picked":"Capacitor+1","floor":31},{"not_picked":["Reboot","All For One"],"picked":"Echo Form","floor":33},{"not_picked":["Chaos+1","Sweeping Beam"],"picked":"Self Repair+1","floor":35},{"not_picked":["Sweeping Beam","Multi-Cast","FTL+1"],"picked":"SKIP","floor":40},{"not_picked":["Blizzard+1","Go for the Eyes"],"picked":"FTL","floor":42},{"not_picked":["Cold Snap+1","Scrape+1","Leap+1"],"picked":"SKIP","floor":45},{"not_picked":["Hologram+1","Loop","Steam Power"],"picked":"Singing Bowl","floor":46}],"player_experience":335493,"relics_obtained":[{"floor":7,"key":"Anchor"},{"floor":9,"key":"Oddly Smooth Stone"},{"floor":13,"key":"Regal Pillow"},{"floor":24,"key":"Omamori"},{"floor":26,"key":"Pear"},{"floor":40,"key":"Calipers"},{"floor":42,"key":"DataDisk"},{"floor":43,"key":"Emotion Chip"},{"floor":46,"key":"Singing Bowl"}],"event_choices":[{"damage_healed":0,"gold_gain":0,"player_choice":"Lose Max HP","damage_taken":0,"relics_obtained":["Golden Idol"],"max_hp_gain":0,"max_hp_loss":6,"event_name":"Golden Idol","floor":3,"gold_loss":0},{"damage_healed":0,"gold_gain":0,"cards_transformed":["Strike_B"],"player_choice":"Change","damage_taken":0,"max_hp_gain":0,"max_hp_loss":0,"event_name":"Living Wall","floor":10,"gold_loss":0,"cards_obtained":["Conserve Battery"]},{"damage_healed":19,"gold_gain":0,"player_choice":"Healed and dodged fight","damage_taken":0,"max_hp_gain":0,"max_hp_loss":0,"event_name":"Mushrooms","floor":14,"gold_loss":0,"cards_obtained":["Parasite"]},{"cards_removed":["Parasite"],"damage_healed":0,"gold_gain":0,"player_choice":"Elegance","damage_taken":0,"max_hp_gain":0,"max_hp_loss":0,"event_name":"Back to Basics","floor":19,"gold_loss":0},{"damage_healed":0,"gold_gain":0,"player_choice":"Copied","damage_taken":0,"max_hp_gain":0,"max_hp_loss":0,"event_name":"Duplicator","floor":21,"gold_loss":0,"cards_obtained":["Creative AI"]},{"damage_healed":0,"gold_gain":0,"player_choice":"Gave Idol","damage_taken":0,"relics_obtained":["Bloody Idol"],"max_hp_gain":0,"max_hp_loss":0,"event_name":"Forgotten Altar","floor":27,"relics_lost":["Golden Idol"],"gold_loss":0},{"damage_healed":0,"gold_gain":0,"player_choice":"Ignored","damage_taken":0,"max_hp_gain":0,"max_hp_loss":0,"event_name":"Tomb of Lord Red Mask","floor":36,"gold_loss":0},{"damage_healed":0,"gold_gain":0,"player_choice":"Memory 1","damage_taken":0,"max_hp_gain":0,"max_hp_loss":0,"event_name":"SensoryStone","floor":37,"gold_loss":0},{"damage_healed":21,"gold_gain":0,"player_choice":"Writhe","damage_taken":0,"max_hp_gain":0,"max_hp_loss":0,"event_name":"Winding Halls","floor":38,"gold_loss":0,"cards_obtained":["Writhe"]},{"cards_removed":["Doom and Gloom"],"damage_healed":0,"gold_gain":0,"player_choice":"Removed Attack","damage_taken":0,"max_hp_gain":0,"max_hp_loss":0,"event_name":"Falling","floor":41,"gold_loss":0},{"damage_healed":0,"gold_gain":0,"player_choice":"Upgrade","damage_taken":0,"relics_obtained":["Mark of the Bloom"],"max_hp_gain":0,"max_hp_loss":0,"event_name":"MindBloom","floor":47,"gold_loss":0,"cards_upgraded":["Dualcast","Beam Cell","Steam","Reinforced Body","Chill","Conserve Battery","Heatsinks","Storm","Core Surge","Reinforced Body","Skim","Amplify","Recycle","Chaos","Undo","Hello World","Creative AI","Glacier","Coolheaded","Conserve Battery","Coolheaded","Echo Form","FTL"]},{"cards_removed":["Self Repair"],"damage_healed":0,"gold_gain":0,"player_choice":"Offered Uncommon","damage_taken":0,"max_hp_gain":0,"max_hp_loss":0,"event_name":"Bonfire Elementals","floor":48,"gold_loss":0}],"is_beta":false,"boss_relics":[{"not_picked":["Lizard Tail","Tiny House"],"picked":"Pandora\u0027s Box"},{"not_picked":["Inserter","Runic Pyramid"],"picked":"Snecko Eye"}],"items_purged_floors":[12,20],"is_endless":false,"potions_floor_spawned":[1,4,5,16,18,22,30,35,42,45,46],"ascension_level":4}