{"gold_per_floor":[113,71,146,166,166,180,213,213,213,213,244,244,275,275,275,275],"floor_reached":16,"playtime":397,"items_purged":[],"score":236,"play_id":"c52e08d0-26c1-433d-ab1c-769488fd81ce","local_time":"20190817204929","is_ascension_mode":true,"campfire_choices":[{"floor":8.0,"key":"REST"},{"floor":10.0,"key":"REST"},{"floor":12.0,"key":"REST"},{"floor":15,"key":"REST"}],"neow_cost":"NONE","seed_source_timestamp":66685660137500,"circlet_count":0,"master_deck":["AscendersBane","Strike_G","Strike_G","Strike_G","Strike_G","Strike_G","Defend_G","Defend_G","Defend_G","Defend_G","Defend_G","Survivor","Neutralize","Predator","Noxious Fumes","Regret","Skewer","Bullet Time","Tools of the Trade"],"special_seed":0,"relics":["Ring of the Snake","NeowsBlessing","Matryoshka","Ginger","Omamori","Pen Nib","Darkstone Periapt","WingedGreaves"],"potions_floor_usage":[14,16],"damage_taken":[{"damage":0.0,"enemies":"Small Slimes","floor":1.0,"turns":1.0},{"damage":0.0,"enemies":"2 Louse","floor":4.0,"turns":2.0},{"damage":0.0,"enemies":"Cultist","floor":6.0,"turns":1.0},{"damage":40.0,"enemies":"3 Sentries","floor":7.0,"turns":8.0},{"damage":34.0,"enemies":"Lagavulin","floor":11.0,"turns":7.0},{"damage":22.0,"enemies":"Gremlin Nob","floor":13.0,"turns":4.0},{"damage":0,"enemies":"Exordium Wildlife","floor":14,"turns":1},{"damage":29,"enemies":"Slime Boss","floor":16,"turns":3}],"seed_played":"-6473451352350469042","potions_obtained":[{"floor":1.0,"key":"SmokeBomb"},{"floor":7.0,"key":"Fire Potion"},{"floor":11.0,"key":"Strength Potion"},{"floor":13.0,"key":"Poison Potion"}],"is_trial":false,"path_per_floor":["M","$","?","M","?","M","E","R","T","R","E","R","E","M","R","B"],"character_chosen":"THE_SILENT","items_purchased":["Noxious Fumes"],"campfire_rested":4,"item_purchase_floors":[2],"current_hp_per_floor":[59,59,48,48,48,48,8,27,27,46,12,31,9,9,28,0],"gold":275,"neow_bonus":"THREE_ENEMY_KILL","is_prod":false,"is_daily":false,"chose_seed":false,"campfire_upgraded":0,"win_rate":0,"timestamp":1566067769,"path_taken":["M","$","?","M","?","M","E","R","T","R","E","R","E","M","R","BOSS"],"build_version":"2019-07-17","purchased_purges":0,"victory":false,"max_hp_per_floor":[66,66,66,66,66,66,66,66,66,66,66,66,66,66,66,66],"card_choices":[{"not_picked":["Setup","Concentrate"],"picked":"Predator","floor":1.0},{"not_picked":["Quick Slash","Riddle With Holes","Acrobatics"],"picked":"SKIP","floor":4.0},{"not_picked":["Finisher","Eviscerate"],"picked":"Skewer","floor":6.0},{"not_picked":["Underhanded Strike","Eviscerate","Masterful Stab"],"picked":"SKIP","floor":7.0},{"not_picked":["Backflip","Dagger Throw"],"picked":"Bullet Time","floor":11.0},{"not_picked":["Sucker Punch","Dagger Spray"],"picked":"Tools of the Trade","floor":13.0}],"player_experience":1105450,"relics_obtained":[{"floor":7.0,"key":"Ginger"},{"floor":9.0,"key":"Omamori"},{"floor":9.0,"key":"Pen Nib"},{"floor":11.0,"key":"Darkstone Periapt"},{"floor":13.0,"key":"WingedGreaves"}],"event_choices":[{"damage_healed":0.0,"max_hp_gain":0.0,"max_hp_loss":0.0,"gold_gain":75.0,"event_name":"World of Goop","player_choice":"Gather Gold","floor":3.0,"gold_loss":0.0,"damage_taken":11.0},{"damage_healed":0.0,"max_hp_gain":0.0,"max_hp_loss":0.0,"gold_gain":0.0,"event_name":"Big Fish","player_choice":"Box","floor":5.0,"gold_loss":0.0,"damage_taken":0.0,"relics_obtained":["Matryoshka"],"cards_obtained":["Regret"]}],"is_beta":false,"boss_relics":[],"items_purged_floors":[],"is_endless":false,"potions_floor_spawned":[1,7,11,13],"killed_by":"Slime Boss","ascension_level":20}