{"gold_per_floor":[113,127,185,198,208,208,243,255,255,270,270,40,53,87,87,183,183,203,118,130,148,148,148],"floor_reached":23,"playtime":1071,"items_purged":["Strike_R"],"score":256,"play_id":"87ec8397-92a6-4d89-abae-fe3b689473d7","local_time":"20190818212730","is_ascension_mode":true,"campfire_choices":[{"data":"Armaments","floor":6,"key":"SMITH"},{"data":"Shrug It Off","floor":15,"key":"SMITH"}],"neow_cost":"NONE","seed_source_timestamp":566052492663783,"circlet_count":0,"master_deck":["Strike_R","Strike_R","Strike_R+1","Strike_R","Defend_R","Defend_R","Defend_R","Defend_R","Bash+1","Reaper","Clothesline","Wild Strike","Sword Boomerang","Armaments+1","Armaments","Cleave","Shrug It Off+1","True Grit","Dark Embrace","Second Wind","Sentinel","Evolve","Necronomicurse"],"relics":["Burning Blood","Shuriken","Darkstone Periapt","Lantern","Bottled Lightning","Cursed Key","Ornamental Fan","Necronomicon"],"potions_floor_usage":[7,14,16,21,21,23,23],"damage_taken":[{"damage":4,"enemies":"Small Slimes","floor":1,"turns":7},{"damage":0,"enemies":"2 Louse","floor":2,"turns":3},{"damage":11,"enemies":"Jaw Worm","floor":4,"turns":4},{"damage":15,"enemies":"3 Louse","floor":5,"turns":4},{"damage":13,"enemies":"Gremlin Nob","floor":7,"turns":3},{"damage":3,"enemies":"Blue Slaver","floor":8,"turns":4},{"damage":7,"enemies":"2 Fungi Beasts","floor":10,"turns":2},{"damage":5,"enemies":"Red Slaver","floor":13,"turns":3},{"damage":25,"enemies":"3 Sentries","floor":14,"turns":5},{"damage":44,"enemies":"The Guardian","floor":16,"turns":16},{"damage":17,"enemies":"2 Thieves","floor":18,"turns":4},{"damage":6,"enemies":"Chosen","floor":20,"turns":7},{"damage":26,"enemies":"Snake Plant","floor":21,"turns":5},{"damage":48,"enemies":"Book of Stabbing","floor":23,"turns":6}],"seed_played":"2248810141192437359","potions_obtained":[{"floor":5,"key":"Strength Potion"},{"floor":8,"key":"AttackPotion"},{"floor":13,"key":"SpeedPotion"},{"floor":14,"key":"Poison Potion"},{"floor":16,"key":"LiquidBronze"},{"floor":20,"key":"Fire Potion"},{"floor":21,"key":"Explosive Potion"}],"is_trial":false,"path_per_floor":["M","M","?","M","M","R","E","M","T","M","?","$","M","E","R","B",null,"M","?","M","M","?","E"],"character_chosen":"IRONCLAD","items_purchased":["Lantern"],"campfire_rested":0,"item_purchase_floors":[12],"current_hp_per_floor":[80,80,80,75,75,75,68,71,71,70,54,54,59,50,50,19,65,64,64,71,56,46,0],"gold":148,"neow_bonus":"ONE_RANDOM_RARE_CARD","is_prod":false,"is_daily":false,"chose_seed":false,"campfire_upgraded":2,"win_rate":0,"timestamp":1566181650,"path_taken":["M","M","?","M","M","R","E","M","T","M","?","$","M","E","R","BOSS","M","?","M","M","?","E"],"build_version":"2019-07-17","purchased_purges":1,"victory":false,"max_hp_per_floor":[80,80,80,80,80,80,80,80,80,80,80,80,80,80,80,80,80,80,80,80,80,86,86],"card_choices":[{"not_picked":["Thunderclap","Intimidate"],"picked":"Clothesline","floor":1},{"not_picked":["Clothesline","Flex"],"picked":"Wild Strike","floor":2},{"not_picked":["Reckless Charge","Clash"],"picked":"Sword Boomerang","floor":4},{"not_picked":["Thunderclap","Ghostly Armor"],"picked":"Armaments","floor":5},{"not_picked":["Rage","Clash"],"picked":"Armaments","floor":7},{"not_picked":["Flex","Power Through"],"picked":"Cleave","floor":8},{"not_picked":["Reaper","Pummel"],"picked":"Shrug It Off","floor":10},{"not_picked":["Fire Breathing","Blood for Blood"],"picked":"True Grit","floor":13},{"not_picked":["Sword Boomerang","Cleave","Anger"],"picked":"SKIP","floor":14},{"not_picked":["Sword Boomerang","Cleave","Anger"],"picked":"SKIP","floor":14},{"not_picked":["Offering","Fiend Fire"],"picked":"Dark Embrace","floor":16},{"not_picked":["Hemokinesis","Carnage"],"picked":"Second Wind","floor":18},{"not_picked":["Dual Wield","Wild Strike"],"picked":"Sentinel","floor":20},{"not_picked":["Warcry","Clothesline"],"picked":"Evolve","floor":21}],"player_experience":172580,"relics_obtained":[{"floor":7,"key":"Shuriken"},{"floor":9,"key":"Darkstone Periapt"},{"floor":14,"key":"Bottled Lightning"},{"floor":22,"key":"Necronomicon"}],"event_choices":[{"damage_healed":0,"gold_gain":58,"player_choice":"Gained Gold","damage_taken":0,"max_hp_gain":0,"max_hp_loss":0,"event_name":"Golden Wing","floor":3,"gold_loss":0},{"damage_healed":0,"gold_gain":0,"player_choice":"Entered Light","damage_taken":16,"max_hp_gain":0,"max_hp_loss":0,"event_name":"Shining Light","floor":11,"gold_loss":0,"cards_upgraded":["Bash","Strike_R"]},{"damage_healed":0,"gold_gain":0,"player_choice":"Obtained Relic","damage_taken":0,"relics_obtained":["Ornamental Fan"],"max_hp_gain":0,"max_hp_loss":0,"event_name":"Addict","floor":19,"gold_loss":85},{"damage_healed":0,"gold_gain":0,"player_choice":"Obtained Book","damage_taken":16,"max_hp_gain":0,"max_hp_loss":0,"event_name":"Cursed Tome","floor":22,"gold_loss":0}],"is_beta":false,"boss_relics":[{"not_picked":["Pandora\u0027s Box","Sozu"],"picked":"Cursed Key"}],"items_purged_floors":[12],"is_endless":false,"potions_floor_spawned":[5,8,13,14,16,20,21],"killed_by":"Book of Stabbing","ascension_level":5}