{"path_per_floor":["M","?","?","M","$","E","M","E","T","M","M","?","R","M","R"],"character_chosen":"IRONCLAD","items_purchased":["Flex"],"gold_per_floor":[16,16,16,31,6,32,51,79,79,90,108,108,108,124,124],"floor_reached":16,"campfire_rested":2,"playtime":1650,"current_hp_per_floor":[80,73,78,84,84,40,41,27,27,24,20,20,45,32,57],"items_purged":[],"gold":124,"play_id":"1cc5f695-a6ee-4e87-b4b5-acf2bca7c7a2","is_prod":false,"is_daily":false,"campfire_rituals":0,"campfire_upgraded":0,"is_hardmode":false,"path_taken":["M","?","?","M","?","E","M","E","T","M","M","?","R","?","R","BOSS"],"build_version":"2018-01-11-PROD2","purchased_purges":0,"victory":false,"master_deck":["Strike_R","Strike_R","Strike_R","Strike_R","Defend_R","Defend_R","Bash","Perfected Strike","Iron Wave","Flex","Offering","Warcry","Juggernaut","Rupture","Bloodletting","Seeing Red"],"max_hp_per_floor":[80,80,85,85,85,85,85,85,85,85,85,85,85,85,85],"relics":["Burning Blood","Darkstone Periapt","Mummified Hand","Shovel"],"campfire_meditates":0,"card_choices":[{"not_picked":["Rupture","Sword Boomerang"],"picked":"Perfected Strike"},{"not_picked":["Body Slam","Anger"],"picked":"Iron Wave"},{"not_picked":["Twin Strike","Infernal Blade"],"picked":"Offering"},{"not_picked":["True Grit","Thunderclap"],"picked":"Warcry"},{"not_picked":["Spot Weakness","Intimidate"],"picked":"Juggernaut"},{"not_picked":["Headbutt","Heavy Blade"],"picked":"Rupture"},{"not_picked":["Clothesline","Disarm"],"picked":"Bloodletting"},{"not_picked":["Sever Soul","Disarm"],"picked":"Seeing Red"}],"player_experience":18211,"potions_floor_usage":[8,16,16],"damage_taken":[{"damage":6,"enemies":"Cultist","floor":1,"turns":3},{"damage":0,"enemies":"Small Slimes","floor":4,"turns":3},{"damage":50,"enemies":"Lagavulin","floor":6,"turns":6},{"damage":5,"enemies":"Jaw Worm","floor":7,"turns":2},{"damage":20,"enemies":"3 Sentries","floor":8,"turns":5},{"damage":9,"enemies":"Looter","floor":10,"turns":2},{"damage":10,"enemies":"Exordium Wildlife","floor":11,"turns":3},{"damage":19,"enemies":"Large Slime","floor":14,"turns":3},{"damage":76,"enemies":"Hexaghost","floor":16,"turns":9}],"event_choices":[{"event_name":"Golden Wing","player_choice":"Card Removal","floor":2,"damage_taken":0},{"event_name":"Big Fish","player_choice":"Donut","floor":3,"damage_taken":0},{"event_name":"Shining Light","player_choice":"Ignored","floor":12,"damage_taken":0}],"boss_relics":[],"potions_floor_spawned":[1,8,14],"seed_played":"-4922339092673962639","killed_by":"Hexaghost","is_trial":false}