{"gold_per_floor":[116,116,134,59,78,78,111,124,124,124],"floor_reached":10,"playtime":305,"items_purged":["Shame"],"score":75,"play_id":"576c4549-e2c8-4430-9c0b-c24b140df34f","local_time":"20190107214213","is_ascension_mode":true,"campfire_choices":[{"floor":6,"key":"RECALL"}],"neow_cost":"CURSE","seed_source_timestamp":1425748690094072,"circlet_count":0,"master_deck":["Strike_B","Strike_B","Strike_B","Strike_B","Defend_B","Defend_B","Defend_B","Defend_B","Zap","Dualcast","Conserve Battery+1","Lockon","Turbo","Streamline","Streamline"],"relics":["Cracked Core","Torii","Bag of Preparation"],"potions_floor_usage":[10,10],"damage_taken":[{"damage":12,"enemies":"Small Slimes","floor":1,"turns":3},{"damage":0,"enemies":"Cultist","floor":3,"turns":4},{"damage":1,"enemies":"2 Louse","floor":5,"turns":3},{"damage":27,"enemies":"3 Sentries","floor":7,"turns":7},{"damage":1,"enemies":"Red Slaver","floor":8,"turns":2},{"damage":42,"enemies":"Lagavulin","floor":10,"turns":5}],"seed_played":"-3453890352871904021","potions_obtained":[{"floor":7,"key":"Dexterity Potion"},{"floor":8,"key":"FearPotion"}],"is_trial":false,"path_per_floor":["M","?","M","$","M","R","E","M","T","E"],"character_chosen":"DEFECT","items_purchased":[],"campfire_rested":0,"item_purchase_floors":[],"current_hp_per_floor":[63,63,63,63,62,62,35,34,34,0],"gold":124,"neow_bonus":"ONE_RARE_RELIC","is_prod":false,"is_daily":false,"chose_seed":false,"campfire_upgraded":0,"win_rate":0,"timestamp":1546915333,"path_taken":["M","?","M","$","M","R","E","?","T","E"],"build_version":"2019-01-03v4","purchased_purges":1,"victory":false,"max_hp_per_floor":[75,75,75,75,75,75,75,75,75,75],"card_choices":[{"not_picked":["Ball Lightning","Rip and Tear"],"picked":"Conserve Battery","floor":1},{"not_picked":["Steam","Compile Driver"],"picked":"Lockon","floor":3},{"not_picked":["Undo","Compile Driver"],"picked":"Turbo","floor":5},{"not_picked":["Conserve Battery","Darkness"],"picked":"Streamline","floor":7},{"not_picked":["Compile Driver","Beam Cell"],"picked":"Streamline","floor":8}],"player_experience":246416,"relics_obtained":[{"floor":7,"key":"Bag of Preparation"}],"event_choices":[{"damage_healed":0,"gold_gain":0,"player_choice":"Upgraded","damage_taken":0,"max_hp_gain":0,"max_hp_loss":0,"event_name":"Upgrade Shrine","floor":2,"gold_loss":0,"cards_upgraded":["Conserve Battery"]}],"is_beta":false,"boss_relics":[],"items_purged_floors":[4],"is_endless":false,"potions_floor_spawned":[7,8],"killed_by":"Lagavulin","ascension_level":2}