{"gold_per_floor":[109,128,128,59,78,109,109,36,36,64,81,91,91,126,126,202,202,216,216,216,5,5,33,33,33,81,42,42,42,47,47],"floor_reached":31,"playtime":4173,"items_purged":["Strike_G"],"score":469,"play_id":"0da68af8-156b-41a6-bbdf-e621bcb47caa","local_time":"20190711000543","is_ascension_mode":true,"campfire_choices":[{"floor":7,"key":"REST"},{"floor":15,"key":"REST"},{"data":"After Image","floor":24,"key":"SMITH"},{"data":"Wraith Form v2","floor":29,"key":"SMITH"}],"neow_cost":"NONE","seed_source_timestamp":751442500725092,"circlet_count":0,"master_deck":["AscendersBane","Defend_G","Defend_G","Defend_G","Defend_G+1","Defend_G","Survivor","Neutralize","Blur+1","Well Laid Plans","After Image+1","Poisoned Stab","Finisher","Infinite Blades","Wraith Form v2+1","Deadly Poison","A Thousand Cuts+1","Necronomicurse","Noxious Fumes+1","Bouncing Flask","Cloak And Dagger","Caltrops+1","Bite","Bite","Bite","Bite","Bite","Well Laid Plans+1"],"relics":["Ring of the Snake","Pen Nib","Matryoshka","Juzu Bracelet","War Paint","Question Card","Frozen Egg 2","Coffee Dripper","GremlinMask","Necronomicon","Boot","Art of War","Oddly Smooth Stone"],"potions_floor_usage":[10,14,14],"damage_taken":[{"damage":4,"enemies":"Jaw Worm","floor":1,"turns":3},{"damage":5,"enemies":"Cultist","floor":2,"turns":4},{"damage":0,"enemies":"Small Slimes","floor":5,"turns":5},{"damage":24,"enemies":"3 Sentries","floor":6,"turns":13},{"damage":23,"enemies":"Gremlin Nob","floor":10,"turns":4},{"damage":1,"enemies":"Looter","floor":11,"turns":4},{"damage":16,"enemies":"Lots of Slimes","floor":12,"turns":6},{"damage":16,"enemies":"Lagavulin","floor":14,"turns":9},{"damage":29,"enemies":"Hexaghost","floor":16,"turns":10},{"damage":14,"enemies":"Shell Parasite","floor":18,"turns":5},{"damage":36,"enemies":"Gremlin Leader","floor":23,"turns":6},{"damage":8,"enemies":"2 Thieves","floor":30,"turns":4},{"damage":50,"enemies":"Slavers","floor":31,"turns":2}],"seed_played":"7803020158040331181","potions_obtained":[{"floor":1,"key":"PowerPotion"},{"floor":2,"key":"AttackPotion"},{"floor":10,"key":"Ancient Potion"},{"floor":13,"key":"GhostInAJar"},{"floor":13,"key":"Regen Potion"},{"floor":16,"key":"Ancient Potion"}],"is_trial":false,"path_per_floor":["M","M","?","$","M","E","R","$","T","E","M","M","?","E","R","B",null,"M","?","?","$","?","E","R","$","T","$","?","R","M","E"],"character_chosen":"THE_SILENT","items_purchased":["After Image","Infinite Blades","Noxious Fumes+1","Bouncing Flask","Caltrops+1"],"campfire_rested":2,"item_purchase_floors":[4,8,21,21,27],"current_hp_per_floor":[59,54,54,54,54,30,51,51,51,28,27,11,11,10,31,2,53,39,39,23,23,80,44,44,44,44,44,44,44,44,0],"gold":47,"neow_bonus":"RANDOM_COMMON_RELIC","is_prod":false,"is_daily":false,"chose_seed":false,"campfire_upgraded":2,"win_rate":0,"timestamp":1562817943,"path_taken":["M","M","?","$","?","E","R","$","T","E","M","M","?","E","R","BOSS","M","?","?","$","?","E","R","?","T","$","?","R","M","E"],"build_version":"2019-07-05","purchased_purges":1,"victory":false,"max_hp_per_floor":[70,70,70,70,70,70,70,70,70,70,70,70,70,70,70,70,70,70,70,70,70,80,80,80,80,80,80,56,56,56,56],"card_choices":[{"not_picked":["Reflex","Backflip"],"picked":"Blur","floor":1},{"not_picked":["Deadly Poison","Accuracy"],"picked":"Well Laid Plans","floor":2},{"not_picked":["Prepared","Dagger Spray"],"picked":"Poisoned Stab","floor":5},{"not_picked":["Quick Slash","All Out Attack"],"picked":"Finisher","floor":6},{"not_picked":["Dash","Accuracy"],"picked":"Wraith Form v2","floor":10},{"not_picked":["Tactician","Outmaneuver","Acrobatics","Underhanded Strike"],"picked":"SKIP","floor":11},{"not_picked":["Poisoned Stab","Dagger Throw","Backflip"],"picked":"Unload","floor":12},{"not_picked":["Distraction","Dagger Throw","Sucker Punch"],"picked":"Deadly Poison","floor":14},{"not_picked":["Bullet Time","Phantasmal Killer","After Image+1"],"picked":"A Thousand Cuts+1","floor":16},{"not_picked":["Heel Hook","Outmaneuver","Quick Slash","Prepared"],"picked":"SKIP","floor":18},{"not_picked":["Flechettes","Dash","Riddle With Holes"],"picked":"Cloak And Dagger","floor":23},{"not_picked":["Backflip","Outmaneuver","Blade Dance"],"picked":"Well Laid Plans+1","floor":30}],"player_experience":677845,"relics_obtained":[{"floor":6,"key":"Matryoshka"},{"floor":9,"key":"Juzu Bracelet"},{"floor":9,"key":"War Paint"},{"floor":10,"key":"Question Card"},{"floor":14,"key":"Frozen Egg 2"},{"floor":20,"key":"Necronomicon"},{"floor":23,"key":"Boot"},{"floor":26,"key":"Art of War"},{"floor":26,"key":"Oddly Smooth Stone"}],"event_choices":[{"damage_healed":0,"gold_gain":0,"player_choice":"Bought 0 Potions","damage_taken":0,"max_hp_gain":0,"max_hp_loss":0,"event_name":"The Woman in Blue","floor":3,"gold_loss":0},{"damage_healed":0,"gold_gain":0,"player_choice":"Got Potions","damage_taken":0,"max_hp_gain":0,"max_hp_loss":0,"event_name":"Lab","floor":13,"gold_loss":0},{"damage_healed":0,"gold_gain":0,"player_choice":"Trade","damage_taken":0,"relics_obtained":["GremlinMask"],"max_hp_gain":0,"max_hp_loss":0,"event_name":"FaceTrader","floor":19,"gold_loss":0},{"damage_healed":0,"gold_gain":0,"player_choice":"Obtained Book","damage_taken":16,"max_hp_gain":0,"max_hp_loss":0,"event_name":"Cursed Tome","floor":20,"gold_loss":0},{"cards_removed":["Unload"],"damage_healed":47,"gold_gain":0,"player_choice":"Offered Rare","damage_taken":0,"max_hp_gain":10,"max_hp_loss":0,"event_name":"Bonfire Elementals","floor":22,"gold_loss":0},{"damage_healed":0,"gold_gain":0,"player_choice":"Became a vampire","damage_taken":0,"max_hp_gain":0,"max_hp_loss":24,"event_name":"Vampires","floor":28,"gold_loss":0,"cards_obtained":["Bite","Bite","Bite","Bite","Bite"]}],"is_beta":false,"boss_relics":[{"not_picked":["HoveringKite","Calling Bell"],"picked":"Coffee Dripper"}],"items_purged_floors":[21],"is_endless":false,"potions_floor_spawned":[1,2,10,16],"killed_by":"Slavers","ascension_level":13}