{"gold_per_floor":[117,131,131,147,147,147,172,14,14,45,58,58,58,74,74,152,152,166,166,183,183,183,183,10,20,20,20,47,47],"floor_reached":29,"playtime":1044,"items_purged":["Strike_B"],"score":464,"play_id":"cfb240a7-de91-4d53-9637-235702c505df","local_time":"20190728100012","is_ascension_mode":true,"campfire_choices":[{"data":"Tempest","floor":6,"key":"SMITH"},{"data":"Consume","floor":15,"key":"SMITH"},{"floor":23,"key":"REST"},{"data":"Seek","floor":27,"key":"SMITH"}],"neow_cost":"NONE","seed_source_timestamp":1593218186211846,"circlet_count":0,"master_deck":["AscendersBane","Strike_B+1","Strike_B+1","Strike_B","Defend_B","Defend_B","Defend_B","Defend_B","Zap+1","Dualcast","Leap","Tempest+1","Genetic Algorithm","Ball Lightning","Consume+1","Glacier","Go for the Eyes","Seek+1","Ball Lightning+1","Steam+1"],"relics":["Cracked Core","Whetstone","Mercury Hourglass","Regal Pillow","Orichalcum","Ancient Tea Set","Inserter","MutagenicStrength","Gremlin Horn","Bronze Scales","Toxic Egg 2","Art of War"],"potions_floor_usage":[10],"damage_taken":[{"damage":2,"enemies":"Jaw Worm","floor":1,"turns":4},{"damage":2,"enemies":"Small Slimes","floor":2,"turns":4},{"damage":0,"enemies":"2 Louse","floor":4,"turns":1},{"damage":20,"enemies":"3 Sentries","floor":7,"turns":5},{"damage":16,"enemies":"Lagavulin","floor":10,"turns":5},{"damage":4,"enemies":"Large Slime","floor":11,"turns":3},{"damage":1,"enemies":"Lots of Slimes","floor":14,"turns":3},{"damage":15,"enemies":"The Guardian","floor":16,"turns":10},{"damage":16,"enemies":"Spheric Guardian","floor":18,"turns":4},{"damage":13,"enemies":"Shell Parasite","floor":20,"turns":4},{"damage":18,"enemies":"Snake Plant","floor":25,"turns":3},{"damage":23,"enemies":"Book of Stabbing","floor":28,"turns":4},{"damage":25,"enemies":"3 Cultists","floor":29,"turns":4}],"seed_played":"-5028825910843260200","potions_obtained":[{"floor":2,"key":"Strength Potion"},{"floor":4,"key":"Weak Potion"},{"floor":7,"key":"PowerPotion"},{"floor":25,"key":"Fire Potion"}],"is_trial":false,"path_per_floor":["M","M","?","M","?","R","E","$","T","E","M","?","?","M","R","B",null,"M","?","M","?","T","R","$","M","T","R","E","M"],"character_chosen":"DEFECT","items_purchased":["Consume","Bronze Scales"],"campfire_rested":1,"item_purchase_floors":[8,24],"current_hp_per_floor":[62,60,55,55,60,60,40,40,40,24,20,20,20,19,19,4,58,42,42,29,29,29,66,66,48,48,48,25,0],"gold":47,"neow_bonus":"RANDOM_COMMON_RELIC","is_prod":false,"is_daily":false,"chose_seed":false,"campfire_upgraded":3,"win_rate":0,"timestamp":1564326012,"path_taken":["M","M","?","M","?","R","E","$","T","E","?","?","?","?","R","BOSS","M","?","M","?","?","R","$","M","T","R","E","M"],"build_version":"2019-07-17","purchased_purges":1,"victory":false,"max_hp_per_floor":[71,71,71,71,76,76,76,76,76,76,76,76,76,76,76,76,76,76,76,76,76,76,76,76,76,76,76,76,76],"card_choices":[{"not_picked":["Gash","Stack"],"picked":"Leap","floor":1},{"not_picked":["Fusion","Static Discharge"],"picked":"Tempest","floor":2},{"not_picked":["Barrage","Blizzard"],"picked":"Genetic Algorithm","floor":4},{"not_picked":["Streamline","Turbo"],"picked":"Ball Lightning","floor":7},{"not_picked":["Barrage","Blizzard","Auto Shields"],"picked":"SKIP","floor":10},{"not_picked":["Chill","Chaos"],"picked":"Glacier","floor":11},{"not_picked":["Static Discharge","Steam"],"picked":"Go for the Eyes","floor":14},{"not_picked":["Multi-Cast","Meteor Strike"],"picked":"Seek","floor":16},{"not_picked":["Beam Cell+1","Heatsinks+1","Rebound"],"picked":"SKIP","floor":18},{"not_picked":["Hello World","Recycle"],"picked":"Ball Lightning+1","floor":20},{"not_picked":["Compile Driver","Reprogram","Go for the Eyes"],"picked":"SKIP","floor":25},{"not_picked":["Ball Lightning","Go for the Eyes"],"picked":"Steam+1","floor":28}],"player_experience":401197,"relics_obtained":[{"floor":7,"key":"Regal Pillow"},{"floor":9,"key":"Orichalcum"},{"floor":10,"key":"Ancient Tea Set"},{"floor":22,"key":"Gremlin Horn"},{"floor":26,"key":"Toxic Egg 2"},{"floor":28,"key":"Art of War"}],"event_choices":[{"damage_healed":0,"gold_gain":0,"player_choice":"Success","damage_taken":5,"relics_obtained":["Mercury Hourglass"],"max_hp_gain":0,"max_hp_loss":0,"event_name":"Scrap Ooze","floor":3,"gold_loss":0},{"damage_healed":0,"gold_gain":0,"player_choice":"Donut","damage_taken":0,"max_hp_gain":5,"max_hp_loss":0,"event_name":"Big Fish","floor":5,"gold_loss":0},{"damage_healed":0,"gold_gain":0,"player_choice":"Grow","damage_taken":0,"max_hp_gain":0,"max_hp_loss":0,"event_name":"Living Wall","floor":12,"gold_loss":0,"cards_upgraded":["Zap"]},{"damage_healed":0,"gold_gain":0,"player_choice":"0 cards matched","damage_taken":0,"max_hp_gain":0,"max_hp_loss":0,"event_name":"Match and Keep!","floor":13,"gold_loss":0,"cards_obtained":[]},{"damage_healed":0,"gold_gain":0,"player_choice":"Ignored","damage_taken":0,"max_hp_gain":0,"max_hp_loss":0,"event_name":"Vampires","floor":19,"gold_loss":0},{"damage_healed":0,"gold_gain":0,"player_choice":"Inject Mutagens","damage_taken":0,"relics_obtained":["MutagenicStrength"],"max_hp_gain":0,"max_hp_loss":0,"event_name":"Drug Dealer","floor":21,"gold_loss":0}],"is_beta":false,"boss_relics":[{"not_picked":["Nuclear Battery","Runic Dome"],"picked":"Inserter"}],"items_purged_floors":[8],"is_endless":false,"potions_floor_spawned":[2,4,7,25,28],"killed_by":"3 Cultists","ascension_level":17}