{"gold_per_floor":[216,233,253,187,197,197,225,225,225,225,244,244,258,258,258,354,354,374,395,670,688,56,56,56,94,121,152,152,152,152,170,170,260,260,275,275,293,93,151,184,184,184,266,281,294,294,294,333,333,333,333,333,333,35,73,73],"floor_reached":57,"playtime":5656,"items_purged":["Regret","Bite"],"score":2746,"play_id":"Baalorlord-79296fd8","local_time":"20190622181114","is_ascension_mode":true,"campfire_choices":[{"data":"Deadly Poison","floor":6,"key":"SMITH"},{"data":"Dagger Spray","floor":8,"key":"SMITH"},{"data":"Footwork","floor":10,"key":"SMITH"},{"data":"Terror","floor":12,"key":"SMITH"},{"data":"A Thousand Cuts","floor":15,"key":"SMITH"},{"data":"Wraith Form v2","floor":23,"key":"SMITH"},{"data":"Well Laid Plans","floor":29,"key":"SMITH"},{"data":"Night Terror","floor":32,"key":"SMITH"},{"data":"Footwork","floor":42,"key":"SMITH"},{"floor":46,"key":"RECALL"},{"data":"Cloak And Dagger","floor":49,"key":"SMITH"},{"data":"Acrobatics","floor":53,"key":"SMITH"}],"neow_cost":"NONE","seed_source_timestamp":339466048275600,"circlet_count":0,"master_deck":["AscendersBane","Defend_G","Defend_G","Defend_G","Defend_G","Defend_G","Survivor","Neutralize","Dagger Spray+1","Footwork+1","Leg Sweep","Deadly Poison+1","Terror+1","A Thousand Cuts+1","Wraith Form v2+1","Dodge and Roll","Cloak And Dagger+1","Cloak And Dagger+1","Well Laid Plans+1","PiercingWail","Bite","Bite","Bite","Night Terror+1","Crippling Poison","Poisoned Stab","Swift Strike","PiercingWail","Malaise","Backflip","Escape Plan","Acrobatics+1","Flash of Steel","Footwork+1","Leg Sweep","Master of Strategy","PiercingWail+1","Acrobatics","Caltrops","Dodge and Roll"],"relics":["Ring of the Snake","Bag of Preparation","Kunai","Bottled Lightning","Golden Idol","Philosopher\u0027s Stone","Calipers","Singing Bowl","Omamori","Boot","Matryoshka","Cursed Key","Prayer Wheel","Happy Flower","Oddly Smooth Stone","Pen Nib","Du-Vu Doll"],"potions_floor_usage":[5,18,21,27,33,39,40,56,56],"damage_taken":[{"damage":4,"enemies":"Small Slimes","floor":1,"turns":7},{"damage":0,"enemies":"Cultist","floor":2,"turns":4},{"damage":0,"enemies":"Jaw Worm","floor":3,"turns":7},{"damage":0,"enemies":"Red Slaver","floor":5,"turns":8},{"damage":10,"enemies":"Lagavulin","floor":7,"turns":7},{"damage":0,"enemies":"2 Fungi Beasts","floor":11,"turns":5},{"damage":0,"enemies":"3 Louse","floor":13,"turns":4},{"damage":7,"enemies":"Slime Boss","floor":16,"turns":9},{"damage":15,"enemies":"3 Byrds","floor":18,"turns":5},{"damage":0,"enemies":"Chosen","floor":19,"turns":6},{"damage":6,"enemies":"Shelled Parasite and Fungi","floor":21,"turns":5},{"damage":4,"enemies":"Gremlin Leader","floor":25,"turns":8},{"damage":36,"enemies":"Slavers","floor":27,"turns":9},{"damage":4,"enemies":"Centurion and Healer","floor":31,"turns":7},{"damage":28,"enemies":"Collector","floor":33,"turns":11},{"damage":13,"enemies":"3 Shapes","floor":35,"turns":11},{"damage":0,"enemies":"3 Darklings","floor":37,"turns":10},{"damage":26,"enemies":"2 Orb Walkers","floor":39,"turns":6},{"damage":0,"enemies":"Reptomancer","floor":40,"turns":10},{"damage":0,"enemies":"Sphere and 2 Shapes","floor":44,"turns":5},{"damage":0,"enemies":"Maw","floor":45,"turns":8},{"damage":0,"enemies":"Giant Head","floor":48,"turns":12},{"damage":10,"enemies":"Time Eater","floor":50,"turns":22},{"damage":13,"enemies":"Donu and Deca","floor":51,"turns":26},{"damage":39,"enemies":"Shield and Spear","floor":55,"turns":21},{"damage":26,"enemies":"The Heart","floor":56,"turns":12}],"seed_played":"-1727868876745020311","potions_obtained":[{"floor":1,"key":"Regen Potion"},{"floor":2,"key":"SmokeBomb"},{"floor":7,"key":"FearPotion"},{"floor":16,"key":"AttackPotion"},{"floor":18,"key":"AttackPotion"},{"floor":19,"key":"Weak Potion"},{"floor":21,"key":"FearPotion"},{"floor":31,"key":"Regen Potion"},{"floor":33,"key":"Weak Potion"},{"floor":39,"key":"SteroidPotion"},{"floor":40,"key":"GhostInAJar"}],"is_trial":false,"path_per_floor":["M","M","M","?","M","R","E","R","T","R","M","R","M","?","R","B",null,"M","M","?","M","$","R","?","E","T","E","?","R","T","M","R","B",null,"M","$","M","$","?","E","?","R","T","M","M","R","?","E","R","B","B",null,"R","$","E","B",null],"character_chosen":"THE_SILENT","items_purchased":["Calipers","Well Laid Plans","PiercingWail","Regen Potion","Escape Plan","Acrobatics","Flash of Steel","Caltrops","PowerPotion","Dodge and Roll"],"campfire_rested":0,"item_purchase_floors":[22,22,22,22,38,38,38,54,54,54],"current_hp_per_floor":[55,55,55,55,66,66,56,56,56,56,56,56,56,56,56,49,57,42,42,42,36,36,36,36,42,42,31,31,31,31,39,39,25,38,37,37,44,44,28,44,36,36,36,42,52,52,62,62,62,62,62,62,62,62,39,23],"gold":73,"neow_bonus":"HUNDRED_GOLD","is_prod":false,"is_daily":false,"chose_seed":false,"campfire_upgraded":11,"win_rate":0,"timestamp":1561241474,"path_taken":["M","M","M","?","M","R","E","R","T","R","?","R","M","?","R","BOSS","M","M","?","?","$","R","?","E","T","E","?","R","?","M","R","BOSS","M","$","M","$","?","E","?","R","T","M","M","R","?","E","R","BOSS","BOSS","R","$","E","BOSS"],"build_version":"2019-01-23","purchased_purges":2,"victory":true,"max_hp_per_floor":[66,66,66,66,66,66,66,66,66,66,66,66,66,60,60,60,60,60,60,60,60,60,60,42,42,42,42,42,42,42,42,42,42,42,42,42,44,44,44,44,46,46,46,48,52,52,62,62,62,62,62,62,62,62,64,64],"card_choices":[{"not_picked":["Footwork","Dodge and Roll"],"picked":"Dagger Spray","floor":1},{"not_picked":["Masterful Stab","Caltrops"],"picked":"Footwork","floor":2},{"not_picked":["Quick Slash","Flechettes"],"picked":"Leg Sweep","floor":3},{"not_picked":["Masterful Stab","Choke"],"picked":"Deadly Poison","floor":5},{"not_picked":["Riddle With Holes","Acrobatics"],"picked":"Terror","floor":7},{"not_picked":["Tactician","Eviscerate"],"picked":"Underhanded Strike","floor":11},{"not_picked":["Underhanded Strike","Quick Slash"],"picked":"A Thousand Cuts","floor":13},{"not_picked":["Corpse Explosion","Glass Knife"],"picked":"Wraith Form v2","floor":16},{"not_picked":["Terror+1","Finisher"],"picked":"Dodge and Roll","floor":18},{"not_picked":["Acrobatics","PiercingWail"],"picked":"Cloak And Dagger+1","floor":19},{"not_picked":["Expertise","Acrobatics"],"picked":"Cloak And Dagger","floor":21},{"not_picked":["Footwork","Blade Dance"],"picked":"Night Terror","floor":25},{"not_picked":["Dodge and Roll","Noxious Fumes"],"picked":"Crippling Poison","floor":27},{"not_picked":["Deadly Poison+1","Prepared+1"],"picked":"PiercingWail","floor":31},{"not_picked":["Storm of Steel","Grand Finale"],"picked":"Malaise","floor":33},{"not_picked":["Deflect","Sucker Punch"],"picked":"Backflip","floor":35},{"not_picked":["Riddle With Holes","Dagger Spray","Dash"],"picked":"Singing Bowl","floor":37},{"not_picked":["Dodge and Roll","Bane"],"picked":"Footwork","floor":39},{"not_picked":["Footwork","Dagger Spray"],"picked":"Leg Sweep","floor":40},{"not_picked":["Sadistic Nature","Purity"],"picked":"Master of Strategy","floor":41},{"not_picked":["Thinking Ahead","Forethought"],"picked":"Violence","floor":41},{"not_picked":["Sadistic Nature","Transmutation","Metamorphosis"],"picked":"Singing Bowl","floor":41},{"not_picked":["Underhanded Strike","Heel Hook","Catalyst"],"picked":"Singing Bowl","floor":44},{"not_picked":["All Out Attack","Footwork"],"picked":"PiercingWail+1","floor":44},{"not_picked":["Terror","Dagger Throw","Quick Slash"],"picked":"Singing Bowl","floor":45},{"not_picked":["All Out Attack","Riddle With Holes+1","Bouncing Flask"],"picked":"Singing Bowl","floor":45},{"not_picked":["Cloak And Dagger","Poisoned Stab+1"],"picked":"Acrobatics","floor":48},{"not_picked":["Dodge and Roll","Quick Slash","All Out Attack"],"picked":"Singing Bowl","floor":55}],"player_experience":2154388,"relics_obtained":[{"floor":7,"key":"Kunai"},{"floor":9,"key":"Bottled Lightning"},{"floor":25,"key":"Singing Bowl"},{"floor":26,"key":"Omamori"},{"floor":27,"key":"Boot"},{"floor":30,"key":"Matryoshka"},{"floor":39,"key":"Prayer Wheel"},{"floor":40,"key":"Happy Flower"},{"floor":43,"key":"Oddly Smooth Stone"},{"floor":48,"key":"Pen Nib"},{"floor":55,"key":"Du-Vu Doll"}],"event_choices":[{"damage_healed":0,"gold_gain":0,"player_choice":"Paid Gold","damage_taken":0,"relics_obtained":["Bag of Preparation"],"max_hp_gain":0,"max_hp_loss":0,"event_name":"WeMeetAgain","floor":4,"gold_loss":66},{"damage_healed":0,"gold_gain":0,"player_choice":"Lose Max HP","damage_taken":0,"relics_obtained":["Golden Idol"],"max_hp_gain":0,"max_hp_loss":6,"event_name":"Golden Idol","floor":14,"gold_loss":0},{"damage_healed":0,"gold_gain":275,"player_choice":"Desecrate","damage_taken":0,"max_hp_gain":0,"max_hp_loss":0,"event_name":"Golden Shrine","floor":20,"gold_loss":0,"cards_obtained":["Regret"]},{"damage_healed":0,"gold_gain":0,"player_choice":"Became a vampire","damage_taken":0,"max_hp_gain":0,"max_hp_loss":18,"event_name":"Vampires","floor":24,"gold_loss":0,"cards_obtained":["Bite","Bite","Bite","Bite","Bite"]},{"damage_healed":0,"gold_gain":0,"cards_transformed":["Underhanded Strike","Bite"],"player_choice":"Became Test Subject","damage_taken":0,"max_hp_gain":0,"max_hp_loss":0,"event_name":"Drug Dealer","floor":28,"gold_loss":0,"cards_obtained":["Poisoned Stab","Swift Strike"]},{"damage_healed":0,"gold_gain":0,"player_choice":"Fight","damage_taken":0,"max_hp_gain":0,"max_hp_loss":0,"event_name":"Mysterious Sphere","floor":39,"gold_loss":0},{"damage_healed":0,"gold_gain":0,"player_choice":"Memory 3","damage_taken":10,"max_hp_gain":0,"max_hp_loss":0,"event_name":"SensoryStone","floor":41,"gold_loss":0},{"cards_removed":["Violence"],"damage_healed":0,"gold_gain":0,"player_choice":"Offered Rare","damage_taken":0,"max_hp_gain":10,"max_hp_loss":0,"event_name":"Bonfire Elementals","floor":47,"gold_loss":0}],"is_beta":false,"boss_relics":[{"not_picked":["Astrolabe","Eternal Feather"],"picked":"Philosopher\u0027s Stone"},{"not_picked":["Calling Bell","Velvet Choker"],"picked":"Cursed Key"}],"items_purged_floors":[22,54],"is_endless":false,"potions_floor_spawned":[1,2,7,16,18,19,21,31,33,35,39,40,48],"ascension_level":20}