{"gold_per_floor":[144,144,144,154,171,200,225,241,287,287,300,325,337,349,349,453,453,469,484,484,220,247,272,302,402,402,427,450,489,272,286,286,383,383,396,396,92,110,120,153,153,179,179,179,198,198,198,215,215,215],"floor_reached":51,"playtime":2662,"items_purged":["Strike_R","Clumsy"],"score":1242,"play_id":"64f3fb80-54a7-4f48-8f43-1fdb89520cd5","local_time":"20190615161929","is_ascension_mode":true,"campfire_choices":[{"data":"Demon Form","floor":10,"key":"SMITH"},{"floor":15,"key":"REST"},{"floor":32,"key":"REST"},{"data":"Ghostly","floor":41,"key":"SMITH"},{"data":"Ghostly","floor":46,"key":"SMITH"},{"data":"Corruption","floor":49,"key":"SMITH"}],"neow_cost":"NONE","seed_source_timestamp":325932376569849,"circlet_count":0,"master_deck":["Strike_R+1","Strike_R+1","Strike_R","Strike_R","Defend_R","Defend_R","Defend_R","Defend_R","Bash","Seeing Red","Spot Weakness","Inflame","Thunderclap","Demon Form+1","Iron Wave","Disarm","True Grit","Twin Strike","Dark Embrace","Power Through+1","Ghostly+1","Ghostly+1","Ghostly","Ghostly","Ghostly","Disarm","Warcry","Inflame","Burning Pact+1","Feel No Pain","Infernal Blade+1","Limit Break","Heavy Blade+1","Fire Breathing+1","Pommel Strike+1","Corruption+1"],"relics":["Burning Blood","Tiny Chest","Red Skull","Dream Catcher","Pen Nib","Art of War","Incense Burner","Philosopher\u0027s Stone","Whetstone","Anchor","Bag of Preparation","Bottled Flame","FossilizedHelix","Question Card","MawBank","Vajra","Omamori","Calling Bell","Smiling Mask","Shuriken","Mango","Dodecahedron","Ice Cream","Blood Vial","Sundial","Toxic Egg 2"],"potions_floor_usage":[6,11,11,14,18,25,50],"damage_taken":[{"damage":15,"enemies":"Jaw Worm","floor":1,"turns":5},{"damage":5,"enemies":"Small Slimes","floor":4,"turns":4},{"damage":0,"enemies":"Cultist","floor":5,"turns":3},{"damage":25,"enemies":"3 Sentries","floor":6,"turns":8},{"damage":14,"enemies":"Blue Slaver","floor":8,"turns":4},{"damage":26,"enemies":"Exordium Wildlife","floor":11,"turns":3},{"damage":20,"enemies":"Lagavulin","floor":12,"turns":4},{"damage":5,"enemies":"2 Fungi Beasts","floor":13,"turns":3},{"damage":0,"enemies":"3 Louse","floor":14,"turns":2},{"damage":12,"enemies":"Hexaghost","floor":16,"turns":7},{"damage":31,"enemies":"2 Thieves","floor":18,"turns":4},{"damage":27,"enemies":"Spheric Guardian","floor":19,"turns":5},{"damage":7,"enemies":"Book of Stabbing","floor":24,"turns":7},{"damage":2,"enemies":"Colosseum Slavers","floor":25,"turns":5},{"damage":4,"enemies":"Colosseum Nobs","floor":25,"turns":7},{"damage":0,"enemies":"Snake Plant","floor":27,"turns":5},{"damage":0,"enemies":"Centurion and Healer","floor":28,"turns":6},{"damage":4,"enemies":"Gremlin Leader","floor":29,"turns":7},{"damage":2,"enemies":"Cultist and Chosen","floor":31,"turns":8},{"damage":18,"enemies":"Champ","floor":33,"turns":11},{"damage":0,"enemies":"3 Darklings","floor":35,"turns":8},{"damage":0,"enemies":"3 Shapes","floor":38,"turns":7},{"damage":0,"enemies":"Maw","floor":39,"turns":6},{"damage":0,"enemies":"Giant Head","floor":40,"turns":4},{"damage":7,"enemies":"Nemesis","floor":42,"turns":7},{"damage":0,"enemies":"Transient","floor":45,"turns":5},{"damage":2,"enemies":"Spire Growth","floor":48,"turns":6},{"damage":0,"enemies":"Awakened One","floor":50,"turns":7}],"seed_played":"7588350718406640604","potions_obtained":[{"floor":1,"key":"Poison Potion"},{"floor":4,"key":"PowerPotion"},{"floor":6,"key":"BloodPotion"},{"floor":12,"key":"Poison Potion"},{"floor":13,"key":"Energy Potion"},{"floor":19,"key":"Weak Potion"},{"floor":25,"key":"Poison Potion"},{"floor":39,"key":"SpeedPotion"},{"floor":42,"key":"LiquidBronze"}],"is_trial":false,"path_per_floor":["M","?","?","M","M","E","T","M","T","R","M","E","M","M","R","B",null,"M","M","?","$","T","T","E","?","T","M","M","E","$","M","R","B",null,"M","?","$","M","M","E","R","E","T","?","M","R","T","M","R","B",null],"character_chosen":"IRONCLAD","items_purchased":["Whetstone","Disarm","Feel No Pain","Omamori","Dodecahedron"],"campfire_rested":2,"item_purchase_floors":[21,21,30,30,37],"current_hp_per_floor":[63,63,56,57,63,44,44,36,36,36,24,10,11,17,41,35,69,44,23,23,23,23,23,22,28,28,34,40,40,40,40,40,28,51,54,54,54,54,54,54,54,53,53,53,54,54,54,54,54,54],"gold":215,"neow_bonus":"RANDOM_COMMON_RELIC","is_prod":false,"is_daily":false,"chose_seed":false,"campfire_upgraded":4,"win_rate":0,"timestamp":1560633569,"path_taken":["M","?","?","M","M","E","?","M","T","R","M","E","?","M","R","BOSS","M","M","?","$","?","?","E","?","T","M","M","E","$","M","R","BOSS","M","?","$","M","M","E","R","E","T","?","?","R","?","M","R","BOSS"],"build_version":"2019-01-23","purchased_purges":2,"victory":true,"max_hp_per_floor":[80,80,80,80,80,80,80,80,80,80,80,80,80,80,80,80,80,80,80,40,40,40,40,40,40,40,40,40,40,40,40,40,40,54,54,54,54,54,54,54,54,54,54,54,54,54,54,54,54,54],"card_choices":[{"not_picked":["Intimidate","Warcry"],"picked":"Seeing Red","floor":1},{"not_picked":["Power Through","Clash"],"picked":"Spot Weakness","floor":4},{"not_picked":["Fire Breathing","Searing Blow"],"picked":"Inflame","floor":5},{"not_picked":["Intimidate","Cleave"],"picked":"Thunderclap","floor":6},{"not_picked":["Havoc","Battle Trance"],"picked":"Demon Form","floor":8},{"not_picked":["Pommel Strike","Entrench"],"picked":"Iron Wave","floor":11},{"not_picked":["Flame Barrier","Sentinel"],"picked":"Disarm","floor":12},{"not_picked":["Cleave","Perfected Strike"],"picked":"True Grit","floor":13},{"not_picked":["Intimidate","Fire Breathing","Flex"],"picked":"SKIP","floor":14},{"not_picked":["Perfected Strike","Havoc"],"picked":"Twin Strike","floor":15},{"not_picked":["Double Tap","Brutality"],"picked":"Dark Embrace","floor":16},{"not_picked":["Entrench","Sever Soul+1"],"picked":"Power Through+1","floor":18},{"not_picked":["Armaments","Pommel Strike"],"picked":"Dual Wield+1","floor":19},{"not_picked":["Clash","Demon Form","Searing Blow"],"picked":"SKIP","floor":24},{"not_picked":["True Grit","Second Wind"],"picked":"Warcry","floor":25},{"not_picked":["Shrug It Off","Twin Strike","Whirlwind"],"picked":"Inflame","floor":27},{"not_picked":["Clash","Pommel Strike","Twin Strike","Flex"],"picked":"SKIP","floor":28},{"not_picked":["Flame Barrier","Impervious","Reckless Charge"],"picked":"Burning Pact+1","floor":29},{"not_picked":["Metallicize+1","Cleave","Pommel Strike"],"picked":"Infernal Blade+1","floor":31},{"not_picked":["Barricade","Dark Embrace","Berserk"],"picked":"Limit Break","floor":33},{"not_picked":["Sword Boomerang","Warcry","Sever Soul+1","Rupture+1"],"picked":"SKIP","floor":35},{"not_picked":["True Grit","Iron Wave","Bloodletting"],"picked":"Heavy Blade+1","floor":38},{"not_picked":["Blood for Blood","Entrench+1","Demon Form","Warcry+1"],"picked":"SKIP","floor":39},{"not_picked":["Dual Wield","Intimidate+1","Rupture+1"],"picked":"Fire Breathing+1","floor":40},{"not_picked":["Flex","Sword Boomerang","Thunderclap+1"],"picked":"Pommel Strike+1","floor":42},{"not_picked":["Sentinel","Uppercut","Hemokinesis+1","Perfected Strike+1"],"picked":"SKIP","floor":45},{"not_picked":["Double Tap+1","Armaments+1","Pommel Strike+1"],"picked":"Corruption","floor":48}],"player_experience":189013,"relics_obtained":[{"floor":6,"key":"Dream Catcher"},{"floor":7,"key":"Pen Nib"},{"floor":9,"key":"Art of War"},{"floor":12,"key":"Incense Burner"},{"floor":22,"key":"Anchor"},{"floor":23,"key":"Bag of Preparation"},{"floor":24,"key":"Bottled Flame"},{"floor":25,"key":"FossilizedHelix"},{"floor":25,"key":"Question Card"},{"floor":26,"key":"MawBank"},{"floor":29,"key":"Vajra"},{"floor":34,"key":"Smiling Mask"},{"floor":34,"key":"Shuriken"},{"floor":34,"key":"Mango"},{"floor":40,"key":"Ice Cream"},{"floor":42,"key":"Blood Vial"},{"floor":43,"key":"Sundial"},{"floor":47,"key":"Toxic Egg 2"}],"event_choices":[{"damage_healed":0,"gold_gain":0,"player_choice":"Ignored","damage_taken":0,"max_hp_gain":0,"max_hp_loss":0,"event_name":"Golden Wing","floor":2,"gold_loss":0},{"damage_healed":0,"gold_gain":0,"player_choice":"Success","damage_taken":7,"relics_obtained":["Red Skull"],"max_hp_gain":0,"max_hp_loss":0,"event_name":"Scrap Ooze","floor":3,"gold_loss":0},{"damage_healed":0,"gold_gain":0,"player_choice":"Became a Ghost","damage_taken":0,"max_hp_gain":0,"max_hp_loss":40,"event_name":"Ghosts","floor":20,"gold_loss":0,"cards_obtained":["Ghostly","Ghostly","Ghostly","Ghostly","Ghostly"]},{"damage_healed":0,"gold_gain":0,"player_choice":"Fight","damage_taken":0,"max_hp_gain":0,"max_hp_loss":0,"event_name":"Colosseum","floor":25,"gold_loss":0},{"damage_healed":0,"gold_gain":0,"player_choice":"Fought Nobs","damage_taken":0,"max_hp_gain":0,"max_hp_loss":0,"event_name":"Colosseum","floor":25,"gold_loss":0},{"cards_removed":["Dual Wield"],"damage_healed":0,"gold_gain":0,"player_choice":"Removed Skill","damage_taken":0,"max_hp_gain":0,"max_hp_loss":0,"event_name":"Falling","floor":36,"gold_loss":0},{"damage_healed":0,"gold_gain":0,"player_choice":"Bought 0 Potions","damage_taken":0,"max_hp_gain":0,"max_hp_loss":0,"event_name":"The Woman in Blue","floor":44,"gold_loss":0}],"is_beta":false,"boss_relics":[{"not_picked":["Tiny House","Empty Cage"],"picked":"Philosopher\u0027s Stone"},{"not_picked":["Pandora\u0027s Box","Black Blood"],"picked":"Calling Bell"}],"items_purged_floors":[21,37],"is_endless":false,"potions_floor_spawned":[1,4,6,12,13,19,25,39,42],"ascension_level":7}