{"gold_per_floor":[116,132,132,142,162,189,189,201,201,231,231,247,347,374,374,374],"floor_reached":16,"playtime":1525,"items_purged":[],"score":112,"play_id":"56d5735c-69d0-4929-8b89-18c5d141f132","local_time":"20181122133136","is_ascension_mode":false,"campfire_choices":[{"floor":7,"key":"REST"},{"floor":11,"key":"REST"},{"floor":15,"key":"REST"}],"neow_cost":"","seed_source_timestamp":0,"circlet_count":0,"master_deck":["Strike_R","Strike_R","Strike_R","Strike_R","Defend_R","Defend_R","Defend_R","Defend_R","Bash","Pommel Strike","Flex","Twin Strike","Inflame","Headbutt","Thunderclap"],"special_seed":0,"relics":["Burning Blood","Bottled Lightning","Unceasing Top","Odd Mushroom","Bottled Tornado"],"potions_floor_usage":[5],"damage_taken":[{"damage":6.0,"enemies":"2 Louse","floor":1.0,"turns":3.0},{"damage":11.0,"enemies":"Small Slimes","floor":2.0,"turns":2.0},{"damage":6,"enemies":"Cultist","floor":4,"turns":3},{"damage":32,"enemies":"Exordium Wildlife","floor":5,"turns":6},{"damage":39,"enemies":"Lagavulin","floor":6,"turns":7},{"damage":13,"enemies":"Large Slime","floor":8,"turns":4},{"damage":13,"enemies":"The Mushroom Lair","floor":10,"turns":3},{"damage":4,"enemies":"2 Fungi Beasts","floor":12,"turns":4},{"damage":25,"enemies":"Gremlin Nob","floor":14,"turns":4},{"damage":60,"enemies":"The Guardian","floor":16,"turns":9}],"seed_played":"-8251067602284138593","potions_obtained":[{"floor":1.0,"key":"Weak Potion"},{"floor":12,"key":"Poison Potion"},{"floor":14,"key":"SteroidPotion"}],"is_trial":false,"path_per_floor":["M","M","M","?","M","M","E","R","M","T","?","R","M","?","E","R","B"],"character_chosen":"IRONCLAD","items_purchased":[],"campfire_rested":3,"item_purchase_floors":[],"current_hp_per_floor":[80,75,75,75,49,16,40,33,33,26,50,52,52,33,57,0],"gold":374,"neow_bonus":"","is_prod":false,"is_daily":false,"chose_seed":false,"campfire_upgraded":0,"win_rate":0.0,"timestamp":1542871896,"path_taken":["M","M","?","M","M","E","R","M","T","?","R","M","?","E","R","BOSS"],"build_version":"2018-11-15","purchased_purges":0,"victory":false,"max_hp_per_floor":[80,80,80,80,80,80,80,80,80,80,80,80,80,80,80,80],"card_choices":[{"not_picked":["Seeing Red","Rage"],"picked":"Pommel Strike","floor":1.0},{"not_picked":["Infernal Blade","Rampage"],"picked":"Flex","floor":2},{"not_picked":["Clash","Iron Wave"],"picked":"Twin Strike","floor":4},{"not_picked":["Pummel","Warcry"],"picked":"Inflame","floor":5},{"not_picked":["Clash","Anger","Entrench"],"picked":"SKIP","floor":6},{"not_picked":["Entrench","Battle Trance"],"picked":"Headbutt","floor":8},{"not_picked":["Bloodletting","Headbutt"],"picked":"Thunderclap","floor":12},{"not_picked":["Cleave","Twin Strike","Thunderclap"],"picked":"SKIP","floor":14}],"player_experience":0,"relics_obtained":[{"floor":6,"key":"Bottled Lightning"},{"floor":9,"key":"Unceasing Top"},{"floor":10,"key":"Odd Mushroom"},{"floor":14,"key":"Bottled Tornado"}],"event_choices":[{"cards_removed":["Strike_R"],"damage_healed":0,"gold_gain":0,"player_choice":"Forget","damage_taken":0,"max_hp_gain":0,"max_hp_loss":0,"event_name":"Living Wall","floor":3,"gold_loss":0},{"damage_healed":0,"gold_gain":0,"player_choice":"Fought Mushrooms","damage_taken":0,"max_hp_gain":0,"max_hp_loss":0,"event_name":"Mushrooms","floor":10,"gold_loss":0},{"damage_healed":0,"gold_gain":100,"player_choice":"Gold","damage_taken":0,"max_hp_gain":0,"max_hp_loss":0,"event_name":"Wheel of Change","floor":13,"gold_loss":0}],"is_beta":false,"boss_relics":[],"items_purged_floors":[],"is_endless":false,"potions_floor_spawned":[1,12,14],"killed_by":"The Guardian","ascension_level":0}