{"gold_per_floor":[213,35,54,54,73,73,108,118,118,133,208,240,240,256,256,331,331,341,341,341,361,361,388,388,64,90,114,114,129,141,171,171,245,245,256,256,1255,1025,1037,1037,1049,1049,1049,1080,1098,896,896],"floor_reached":47,"playtime":2280,"items_purged":["Strike_G","Writhe","Parasite","Backstab"],"score":930,"play_id":"19e94297-4167-4efa-8cce-45ebfa343779","local_time":"20190714104750","is_ascension_mode":true,"campfire_choices":[{"floor":6,"key":"REST"},{"data":"1","floor":15,"key":"LIFT"},{"data":"2","floor":24,"key":"LIFT"},{"data":"PiercingWail","floor":28,"key":"SMITH"},{"data":"3","floor":32,"key":"LIFT"},{"data":"Adrenaline","floor":40,"key":"SMITH"}],"neow_cost":"NONE","seed_source_timestamp":126399074114726,"circlet_count":0,"master_deck":["AscendersBane","Defend_G","Defend_G","Defend_G","Defend_G","Defend_G","Survivor","Neutralize","Footwork+1","PiercingWail+1","Dagger Spray","Dodge and Roll","Cloak And Dagger","Deadly Poison","Die Die Die","Dodge and Roll","Bite","Bite","Bite","Bite","Dash","Dodge and Roll","Crippling Poison","Leg Sweep","Noxious Fumes","Backflip","Adrenaline+1","Caltrops","Backflip+1","Dodge and Roll","Tactician","Parasite","Blur","Noxious Fumes+1","Parasite","Catalyst"],"relics":["Ring of the Snake","Girya","Gambling Chip","Mango","Velvet Choker","Darkstone Periapt","Nilry\u0027s Codex","Prayer Wheel","PreservedInsect","Centennial Puzzle","Omamori","Bronze Scales","Cursed Key","Regal Pillow"],"potions_floor_usage":[12,12,31,31,33,44,45,47,47],"damage_taken":[{"damage":21,"enemies":"Jaw Worm","floor":1,"turns":6},{"damage":3,"enemies":"Small Slimes","floor":3,"turns":4},{"damage":0,"enemies":"2 Louse","floor":5,"turns":2},{"damage":20,"enemies":"3 Sentries","floor":7,"turns":10},{"damage":6,"enemies":"Looter","floor":8,"turns":4},{"damage":0,"enemies":"Blue Slaver","floor":10,"turns":5},{"damage":18,"enemies":"Gremlin Nob","floor":12,"turns":4},{"damage":2,"enemies":"3 Louse","floor":14,"turns":3},{"damage":9,"enemies":"The Guardian","floor":16,"turns":15},{"damage":21,"enemies":"Chosen","floor":18,"turns":7},{"damage":3,"enemies":"Shell Parasite","floor":21,"turns":8},{"damage":22,"enemies":"Slavers","floor":23,"turns":6},{"damage":7,"enemies":"Chosen and Byrds","floor":29,"turns":9},{"damage":12,"enemies":"Snake Plant","floor":30,"turns":5},{"damage":3,"enemies":"Book of Stabbing","floor":31,"turns":5},{"damage":45,"enemies":"Automaton","floor":33,"turns":12},{"damage":2,"enemies":"Orb Walker","floor":35,"turns":4},{"damage":0,"enemies":"3 Shapes","floor":39,"turns":3},{"damage":36,"enemies":"Writhing Mass","floor":41,"turns":6},{"damage":40,"enemies":"Giant Head","floor":44,"turns":12},{"damage":17,"enemies":"Sphere and 2 Shapes","floor":45,"turns":5},{"damage":38,"enemies":"Reptomancer","floor":47,"turns":6}],"seed_played":"5008297788629945518","potions_obtained":[{"floor":5,"key":"Poison Potion"},{"floor":7,"key":"Energy Potion"},{"floor":16,"key":"FearPotion"},{"floor":18,"key":"Strength Potion"},{"floor":31,"key":"Dexterity Potion"},{"floor":44,"key":"EssenceOfSteel"},{"floor":45,"key":"Strength Potion"}],"is_trial":false,"path_per_floor":["M","$","M","?","M","R","E","M","T","M","?","E","?","M","R","B",null,"M","?","?","M","?","E","R","$","T","T","R","M","M","E","R","B",null,"M","?","?","$","M","R","M","?","T","E","M","$","E"],"character_chosen":"THE_SILENT","items_purchased":["Footwork","PiercingWail","Crippling Poison","PreservedInsect","GhostInAJar","Dodge and Roll","Swift Potion"],"campfire_rested":1,"item_purchase_floors":[2,2,25,25,38,38,46],"current_hp_per_floor":[42,42,39,39,39,60,40,34,34,34,23,19,40,38,38,29,70,49,49,55,64,48,34,34,34,34,34,34,47,41,46,46,23,54,58,58,58,58,60,60,38,38,44,12,1,1,0],"gold":896,"neow_bonus":"HUNDRED_GOLD","is_prod":false,"is_daily":false,"chose_seed":false,"campfire_upgraded":2,"win_rate":0,"timestamp":1563115670,"path_taken":["M","$","M","?","M","R","E","M","T","M","?","E","?","M","R","BOSS","M","?","?","M","?","E","R","$","T","?","R","M","M","E","R","BOSS","M","?","?","$","M","R","M","?","T","E","M","?","E"],"build_version":"2019-07-05","purchased_purges":4,"victory":false,"max_hp_per_floor":[70,70,70,70,70,70,70,70,70,70,70,84,84,84,84,84,84,84,58,64,64,64,64,64,64,64,64,64,64,64,64,64,64,64,64,64,64,61,61,61,67,67,73,73,73,73,73],"card_choices":[{"not_picked":["Sucker Punch","Riddle With Holes"],"picked":"Backstab","floor":1},{"not_picked":["Sucker Punch","Prepared"],"picked":"Dagger Spray","floor":3},{"not_picked":["Cloak And Dagger","Quick Slash"],"picked":"Dodge and Roll","floor":5},{"not_picked":["Catalyst","Underhanded Strike","Bullet Time"],"picked":"SKIP","floor":7},{"not_picked":["Acrobatics","Dagger Throw","All Out Attack"],"picked":"SKIP","floor":8},{"not_picked":["Masterful Stab","Concentrate","Dagger Spray"],"picked":"SKIP","floor":10},{"not_picked":["Storm of Steel","Masterful Stab"],"picked":"Cloak And Dagger","floor":12},{"not_picked":["Acrobatics","Flying Knee"],"picked":"Deadly Poison","floor":14},{"not_picked":["Storm of Steel","Grand Finale"],"picked":"Die Die Die","floor":16},{"not_picked":["Underhanded Strike","Prepared+1"],"picked":"Dodge and Roll","floor":18},{"not_picked":["Dagger Spray","Prepared"],"picked":"Dash","floor":21},{"not_picked":["Deadly Poison","Glass Knife"],"picked":"Dodge and Roll","floor":23},{"not_picked":["PiercingWail","Eviscerate"],"picked":"Leg Sweep","floor":29},{"not_picked":["Deflect","Sucker Punch"],"picked":"Noxious Fumes","floor":29},{"not_picked":["Poisoned Stab","Dash","Dodge and Roll"],"picked":"SKIP","floor":30},{"not_picked":["Heel Hook","Underhanded Strike","Flying Knee"],"picked":"SKIP","floor":30},{"not_picked":["Poisoned Stab","Outmaneuver"],"picked":"Backflip","floor":31},{"not_picked":["Doppelganger","Night Terror"],"picked":"Adrenaline","floor":33},{"not_picked":["Deadly Poison","Masterful Stab+1"],"picked":"Caltrops","floor":35},{"not_picked":["Deadly Poison","Calculated Gamble+1"],"picked":"Backflip+1","floor":35},{"not_picked":["Accuracy+1","Finisher"],"picked":"Tactician","floor":39},{"not_picked":["Riddle With Holes","Venomology","Deflect+1"],"picked":"SKIP","floor":39},{"not_picked":["Flechettes","Slice+1"],"picked":"Blur","floor":41},{"not_picked":["Sucker Punch","Bane"],"picked":"Noxious Fumes+1","floor":41},{"not_picked":["Dagger Throw","Bane+1","Predator"],"picked":"SKIP","floor":44},{"not_picked":["Prepared+1","Sucker Punch"],"picked":"Catalyst","floor":45},{"not_picked":["Skewer","Endless Agony","Deadly Poison"],"picked":"SKIP","floor":45}],"player_experience":691789,"relics_obtained":[{"floor":7,"key":"Girya"},{"floor":9,"key":"Gambling Chip"},{"floor":12,"key":"Mango"},{"floor":22,"key":"Nilry\u0027s Codex"},{"floor":23,"key":"Prayer Wheel"},{"floor":26,"key":"Centennial Puzzle"},{"floor":27,"key":"Omamori"},{"floor":31,"key":"Bronze Scales"},{"floor":44,"key":"Regal Pillow"}],"event_choices":[{"damage_healed":0,"gold_gain":0,"player_choice":"Grow","damage_taken":0,"max_hp_gain":0,"max_hp_loss":0,"event_name":"Living Wall","floor":4,"gold_loss":0,"cards_upgraded":["Footwork"]},{"damage_healed":0,"gold_gain":75,"player_choice":"Gather Gold","damage_taken":11,"max_hp_gain":0,"max_hp_loss":0,"event_name":"World of Goop","floor":11,"gold_loss":0},{"damage_healed":21,"gold_gain":0,"player_choice":"Healed and dodged fight","damage_taken":0,"max_hp_gain":0,"max_hp_loss":0,"event_name":"Mushrooms","floor":13,"gold_loss":0,"cards_obtained":["Parasite"]},{"damage_healed":0,"gold_gain":0,"player_choice":"Became a vampire","damage_taken":0,"max_hp_gain":0,"max_hp_loss":26,"event_name":"Vampires","floor":19,"gold_loss":0,"cards_obtained":["Bite","Bite","Bite","Bite","Bite"]},{"damage_healed":0,"gold_gain":0,"player_choice":"Opened","damage_taken":0,"relics_obtained":["Darkstone Periapt"],"max_hp_gain":0,"max_hp_loss":0,"event_name":"The Mausoleum","floor":20,"gold_loss":0,"cards_obtained":["Writhe"]},{"damage_healed":0,"gold_gain":0,"player_choice":"Obtained Book","damage_taken":16,"max_hp_gain":0,"max_hp_loss":0,"event_name":"Cursed Tome","floor":22,"gold_loss":0},{"cards_removed":["Bite"],"damage_healed":0,"gold_gain":0,"player_choice":"Removed Attack","damage_taken":0,"max_hp_gain":0,"max_hp_loss":0,"event_name":"Falling","floor":36,"gold_loss":0},{"damage_healed":0,"gold_gain":999,"player_choice":"Gold","damage_taken":0,"max_hp_gain":0,"max_hp_loss":0,"event_name":"MindBloom","floor":37,"gold_loss":0,"cards_obtained":["Normality","Normality"]},{"damage_healed":0,"gold_gain":0,"player_choice":"Ignored","damage_taken":0,"max_hp_gain":0,"max_hp_loss":0,"event_name":"Mysterious Sphere","floor":42,"gold_loss":0}],"is_beta":false,"boss_relics":[{"not_picked":["Lizard Tail","Tiny House"],"picked":"Velvet Choker"},{"not_picked":["Sozu","WristBlade"],"picked":"Cursed Key"}],"items_purged_floors":[2,25,38,46],"is_endless":false,"potions_floor_spawned":[5,7,8,16,18,29,31,44,45],"killed_by":"Reptomancer","ascension_level":13}