{"gold_per_floor":[115,128,141,160,37,37,55,55,78,78,112,127,140,159,159,260,260,272,272,290,117,117],"floor_reached":22,"playtime":1442,"items_purged":["Strike_G","Strike_G"],"score":209,"play_id":"59b8756a-cdc8-4c8c-9a34-b9acfed0ba10","local_time":"20190116235914","is_ascension_mode":true,"campfire_choices":[{"data":"Prepared","floor":6,"key":"SMITH"},{"data":"Dodge and Roll","floor":8,"key":"SMITH"},{"data":"Neutralize","floor":10,"key":"SMITH"},{"floor":15,"key":"REST"}],"neow_cost":"NONE","seed_source_timestamp":712436123654415,"circlet_count":0,"master_deck":["Defend_G","Defend_G","Defend_G","Defend_G","Strike_G","Strike_G","Strike_G","Survivor","Neutralize+1","Slice","Dagger Throw","Dagger Throw","Dodge and Roll+1","Prepared+1","All Out Attack","Accuracy","Backflip","Flying Knee","Reflex","Tools of the Trade","Outmaneuver","Blade Dance","Reflex"],"relics":["Ring of the Snake","Centennial Puzzle","Regal Pillow","WristBlade","PreservedInsect"],"potions_floor_usage":[11,16,16,22],"damage_taken":[{"damage":6,"enemies":"Cultist","floor":1,"turns":3},{"damage":6,"enemies":"Jaw Worm","floor":2,"turns":4},{"damage":0,"enemies":"2 Louse","floor":3,"turns":3},{"damage":6,"enemies":"Red Slaver","floor":4,"turns":4},{"damage":2,"enemies":"2 Fungi Beasts","floor":7,"turns":3},{"damage":15,"enemies":"Lagavulin","floor":11,"turns":6},{"damage":7,"enemies":"Blue Slaver","floor":12,"turns":4},{"damage":5,"enemies":"Looter","floor":13,"turns":3},{"damage":9,"enemies":"Exordium Wildlife","floor":14,"turns":5},{"damage":41,"enemies":"The Guardian","floor":16,"turns":14},{"damage":16,"enemies":"Shell Parasite","floor":18,"turns":8},{"damage":16,"enemies":"Chosen","floor":20,"turns":5},{"damage":38,"enemies":"Snake Plant","floor":22,"turns":4}],"seed_played":"-7721379681102249333","potions_obtained":[{"floor":1,"key":"SkillPotion"},{"floor":3,"key":"Poison Potion"},{"floor":11,"key":"SteroidPotion"},{"floor":16,"key":"FearPotion"}],"is_trial":false,"path_per_floor":["M","M","M","M","$","R","M","R","T","R","E","M","M","M","R","B",null,"M","?","M","$","M"],"character_chosen":"THE_SILENT","items_purchased":["Prepared","Reflex"],"campfire_rested":1,"item_purchase_floors":[5,21],"current_hp_per_floor":[64,58,58,52,52,52,50,50,50,50,35,28,23,14,50,9,70,54,54,38,38,0],"gold":117,"neow_bonus":"REMOVE_CARD","is_prod":false,"is_daily":false,"chose_seed":false,"campfire_upgraded":3,"win_rate":0,"timestamp":1547701154,"path_taken":["M","M","?","M","$","R","M","R","T","R","E","M","?","M","R","BOSS","M","?","M","$","M"],"build_version":"2019-01-10","purchased_purges":2,"victory":false,"max_hp_per_floor":[70,70,70,70,70,70,70,70,70,70,70,70,70,70,70,70,70,70,70,70,70,70],"card_choices":[{"not_picked":["Concentrate","Dagger Throw"],"picked":"Slice","floor":1},{"not_picked":["Underhanded Strike","Sucker Punch"],"picked":"Dagger Throw","floor":2},{"not_picked":["Dagger Spray","Outmaneuver"],"picked":"Dagger Throw","floor":3},{"not_picked":["Bane","Blade Dance"],"picked":"Dodge and Roll","floor":4},{"not_picked":["Footwork","Caltrops"],"picked":"All Out Attack","floor":7},{"not_picked":["Wraith Form v2","Deadly Poison"],"picked":"Accuracy","floor":11},{"not_picked":["Dagger Spray","Poisoned Stab"],"picked":"Backflip","floor":12},{"not_picked":["Outmaneuver","Deadly Poison"],"picked":"Flying Knee","floor":13},{"not_picked":["Terror","Backflip"],"picked":"Reflex","floor":14},{"not_picked":["Doppelganger","Wraith Form v2"],"picked":"Tools of the Trade","floor":16},{"not_picked":["Quick Slash","Dagger Spray"],"picked":"Outmaneuver","floor":18},{"not_picked":["Heel Hook","Bouncing Flask"],"picked":"Blade Dance","floor":20}],"player_experience":273016,"relics_obtained":[{"floor":9,"key":"Centennial Puzzle"},{"floor":11,"key":"Regal Pillow"}],"event_choices":[{"damage_healed":0,"gold_gain":0,"player_choice":"Opened","damage_taken":0,"relics_obtained":["PreservedInsect"],"max_hp_gain":0,"max_hp_loss":0,"event_name":"The Mausoleum","floor":19,"gold_loss":0}],"is_beta":false,"boss_relics":[{"not_picked":["Busted Crown","Philosopher\u0027s Stone"],"picked":"WristBlade"}],"items_purged_floors":[5,21],"is_endless":false,"potions_floor_spawned":[1,3,11,16],"killed_by":"Snake Plant","ascension_level":2}