{"gold_per_floor":[123,151,178,190,218,260,289,334,370,482,510,522,534,566,578,688,700,729,757,785,816,244,271,285,285,308,308,308,339,339,351,351,351],"floor_reached":33,"playtime":1901,"items_purged":["Strike_B"],"score":281,"play_id":"1753395f-6a1e-4b84-91da-f85f4e3a28ae","local_time":"20190610162212","is_ascension_mode":false,"campfire_choices":[{"data":"Zap","floor":13,"key":"SMITH"},{"data":"Coolheaded","floor":15,"key":"SMITH"},{"data":"Rainbow","floor":25,"key":"SMITH"},{"data":"Hyperbeam","floor":28,"key":"SMITH"},{"data":"Rebound","floor":30,"key":"SMITH"},{"data":"Consume","floor":32,"key":"SMITH"}],"neow_cost":"NONE","seed_source_timestamp":274192718590330,"circlet_count":0,"master_deck":["Strike_B","Strike_B","Defend_B","Defend_B","Defend_B","Defend_B","Zap+1","Dualcast","Genetic Algorithm","Cold Snap","Rebound+1","Coolheaded+1","Leap","Sweeping Beam","Hyperbeam+1","Compile Driver+1","Consume+1","Self Repair","Rainbow+1","Conserve Battery+1","Hologram+1"],"relics":["Cracked Core","MawBank","Happy Flower","Turnip","Omamori","Runic Pyramid","PreservedInsect","Lee\u0027s Waffle","Juzu Bracelet","Centennial Puzzle","Red Mask"],"potions_floor_usage":[8,11,16,23,33],"damage_taken":[{"damage":5,"enemies":"2 Louse","floor":1,"turns":2},{"damage":0,"enemies":"Cultist","floor":2,"turns":4},{"damage":6,"enemies":"Small Slimes","floor":3,"turns":3},{"damage":9,"enemies":"Gremlin Gang","floor":5,"turns":7},{"damage":10,"enemies":"Gremlin Nob","floor":6,"turns":5},{"damage":0,"enemies":"2 Fungi Beasts","floor":7,"turns":3},{"damage":5,"enemies":"3 Sentries","floor":8,"turns":13},{"damage":0,"enemies":"Looter","floor":11,"turns":2},{"damage":0,"enemies":"Large Slime","floor":14,"turns":5},{"damage":12,"enemies":"Slime Boss","floor":16,"turns":9},{"damage":26,"enemies":"2 Thieves","floor":18,"turns":3},{"damage":4,"enemies":"Spheric Guardian","floor":19,"turns":4},{"damage":0,"enemies":"Snecko","floor":20,"turns":4},{"damage":0,"enemies":"3 Cultists","floor":21,"turns":3},{"damage":30,"enemies":"Slavers","floor":23,"turns":4},{"damage":15,"enemies":"Shelled Parasite and Fungi","floor":24,"turns":7},{"damage":0,"enemies":"Masked Bandits","floor":29,"turns":2},{"damage":28,"enemies":"Sentry and Sphere","floor":31,"turns":6},{"damage":83,"enemies":"Collector","floor":33,"turns":13}],"seed_played":"7418505972616751130","potions_obtained":[{"floor":3,"key":"PowerPotion"},{"floor":5,"key":"Block Potion"},{"floor":7,"key":"SkillPotion"},{"floor":16,"key":"Block Potion"},{"floor":19,"key":"PowerPotion"},{"floor":20,"key":"Block Potion"},{"floor":24,"key":"FearPotion"}],"is_trial":false,"path_per_floor":["M","M","M","?","M","E","M","E","T","?","M","?","R","M","R","B",null,"M","M","M","M","$","E","M","R","T","?","R","?","R","M","R","B"],"character_chosen":"DEFECT","items_purchased":["PreservedInsect","Self Repair","LiquidBronze","Lee\u0027s Waffle"],"campfire_rested":0,"item_purchase_floors":[22,22,22,22],"current_hp_per_floor":[70,70,64,52,43,33,33,28,28,28,28,21,21,21,21,9,75,49,45,45,45,82,59,51,51,51,82,82,82,82,61,61,0],"gold":351,"neow_bonus":"RANDOM_COMMON_RELIC","is_prod":false,"is_daily":false,"chose_seed":false,"campfire_upgraded":6,"win_rate":0,"timestamp":1560201732,"path_taken":["M","M","M","?","M","E","M","E","T","?","?","?","R","M","R","BOSS","M","M","M","M","$","E","M","R","T","?","R","?","R","M","R","BOSS"],"build_version":"2019-01-23","purchased_purges":1,"victory":false,"max_hp_per_floor":[75,75,75,75,75,75,75,75,75,75,75,75,75,75,75,75,75,75,75,75,75,82,82,82,82,82,82,82,82,82,82,82,82],"card_choices":[{"not_picked":["Steam","Reprogram","Steam Power"],"picked":"SKIP","floor":1},{"not_picked":["Steam","Barrage"],"picked":"Genetic Algorithm","floor":2},{"not_picked":["Stack","Recycle"],"picked":"Cold Snap","floor":3},{"not_picked":["Streamline","Chaos"],"picked":"Rebound","floor":5},{"not_picked":["Double Energy","Reboot","Melter"],"picked":"SKIP","floor":6},{"not_picked":["Rip and Tear","Skim"],"picked":"Coolheaded","floor":7},{"not_picked":["Stack","Steam","Streamline"],"picked":"SKIP","floor":8},{"not_picked":["Hologram","Sweeping Beam"],"picked":"Leap","floor":11},{"not_picked":["Static Discharge","Turbo"],"picked":"Sweeping Beam","floor":14},{"not_picked":["Seek","All For One"],"picked":"Hyperbeam","floor":16},{"not_picked":["Redo","Gash"],"picked":"Compile Driver+1","floor":18},{"not_picked":["Skim","Chaos","Rebound+1"],"picked":"SKIP","floor":19},{"not_picked":["Beam Cell+1","Coolheaded"],"picked":"Consume","floor":20},{"not_picked":["Streamline","Reinforced Body","FTL"],"picked":"SKIP","floor":21},{"not_picked":["Recycle","Cold Snap"],"picked":"Rainbow","floor":23},{"not_picked":["Compile Driver+1","Auto Shields"],"picked":"Conserve Battery+1","floor":24},{"not_picked":["Ball Lightning","Glacier"],"picked":"Hologram+1","floor":29},{"not_picked":["Streamline","Compile Driver+1","Go for the Eyes"],"picked":"SKIP","floor":31}],"player_experience":156269,"relics_obtained":[{"floor":6,"key":"Turnip"},{"floor":8,"key":"Omamori"},{"floor":23,"key":"Juzu Bracelet"},{"floor":26,"key":"Centennial Puzzle"},{"floor":29,"key":"Red Mask"}],"event_choices":[{"damage_healed":0,"gold_gain":0,"player_choice":"Success","damage_taken":12,"relics_obtained":["Happy Flower"],"max_hp_gain":0,"max_hp_loss":0,"event_name":"Scrap Ooze","floor":4,"gold_loss":0},{"damage_healed":0,"gold_gain":100,"player_choice":"Pray","damage_taken":0,"max_hp_gain":0,"max_hp_loss":0,"event_name":"Golden Shrine","floor":10,"gold_loss":0},{"cards_removed":["Strike_B"],"damage_healed":0,"gold_gain":0,"player_choice":"Card Removal","damage_taken":7,"max_hp_gain":0,"max_hp_loss":0,"event_name":"Golden Wing","floor":12,"gold_loss":0},{"damage_healed":31,"gold_gain":0,"player_choice":"Full Heal","damage_taken":0,"max_hp_gain":0,"max_hp_loss":0,"event_name":"Wheel of Change","floor":27,"gold_loss":0},{"damage_healed":0,"gold_gain":0,"player_choice":"Fought Bandits","damage_taken":0,"max_hp_gain":0,"max_hp_loss":0,"event_name":"Masked Bandits","floor":29,"gold_loss":0}],"is_beta":false,"boss_relics":[{"not_picked":["Tiny House","Sozu"],"picked":"Runic Pyramid"}],"items_purged_floors":[22],"is_endless":false,"potions_floor_spawned":[3,5,7,16,19,20,21,24,29],"killed_by":"Collector","ascension_level":0}