{"gold_per_floor":[116,133,150,166,166,201,201,227,254,254,288,288,350,364,364,459,459,471,471,471,222,5,38,38,55,55,74,86,102,116,143,143,239,239,258,1,12,12,12],"floor_reached":39,"playtime":1615,"items_purged":["Strike_B"],"score":836,"play_id":"bdc1eb5a-c866-471d-9057-0c5b233f9678","local_time":"20190629123821","is_ascension_mode":true,"campfire_choices":[{"data":"Zap","floor":7.0,"key":"SMITH"},{"data":"Loop","floor":10.0,"key":"SMITH"},{"floor":15.0,"key":"REST"},{"data":"Defragment","floor":24.0,"key":"SMITH"},{"floor":32,"key":"REST"}],"neow_cost":"NONE","seed_source_timestamp":748798664959142,"circlet_count":0,"master_deck":["AscendersBane","Strike_B","Strike_B","Defend_B","Defend_B+1","Defend_B","Defend_B","Zap+1","Dualcast+1","Sweeping Beam+1","Conserve Battery+1","Loop+1","Ball Lightning","Reinforced Body","Rainbow","White Noise","Go for the Eyes","Loop","Amplify","Compile Driver","Ghostly","Ghostly","Ghostly","Ghostly","Ghostly","Defragment+1","Steam Power+1","Gash+1","Turbo","Loop","Barrage","Self Repair","Buffer","Leap","Hologram","White Noise","Defragment","Genetic Algorithm","Coolheaded","Finesse"],"special_seed":0,"relics":["Cracked Core","NeowsBlessing","Centennial Puzzle","Smiling Mask","Omamori","War Paint","Blood Vial","Sozu","Bronze Scales","Pear","Anchor","StoneCalendar","Darkstone Periapt","DataDisk","Orrery","Strange Spoon"],"potions_floor_usage":[],"damage_taken":[{"damage":0.0,"enemies":"Cultist","floor":1.0,"turns":1.0},{"damage":0.0,"enemies":"Small Slimes","floor":2.0,"turns":1.0},{"damage":0.0,"enemies":"Jaw Worm","floor":3.0,"turns":1.0},{"damage":1.0,"enemies":"Exordium Thugs","floor":4.0,"turns":3.0},{"damage":6.0,"enemies":"Gremlin Nob","floor":6.0,"turns":4.0},{"damage":15.0,"enemies":"3 Sentries","floor":8.0,"turns":5.0},{"damage":15.0,"enemies":"Lagavulin","floor":11.0,"turns":5.0},{"damage":13.0,"enemies":"Lagavulin Event","floor":13.0,"turns":4.0},{"damage":4.0,"enemies":"Blue Slaver","floor":14.0,"turns":3.0},{"damage":14.0,"enemies":"Hexaghost","floor":16.0,"turns":10.0},{"damage":12.0,"enemies":"Shell Parasite","floor":18.0,"turns":5.0},{"damage":2.0,"enemies":"Book of Stabbing","floor":23.0,"turns":6.0},{"damage":0.0,"enemies":"Spheric Guardian","floor":25.0,"turns":4.0},{"damage":0.0,"enemies":"Snake Plant","floor":27.0,"turns":4.0},{"damage":0.0,"enemies":"Cultist and Chosen","floor":28.0,"turns":7.0},{"damage":1.0,"enemies":"Chosen and Byrds","floor":29.0,"turns":4.0},{"damage":17.0,"enemies":"Centurion and Healer","floor":30.0,"turns":7.0},{"damage":24,"enemies":"Slavers","floor":31,"turns":4},{"damage":0,"enemies":"Collector","floor":33,"turns":10},{"damage":36,"enemies":"3 Darklings","floor":35,"turns":6},{"damage":0,"enemies":"Orb Walker","floor":37,"turns":5},{"damage":26,"enemies":"Writhing Mass","floor":39,"turns":4}],"seed_played":"-285098274135925381","potions_obtained":[{"floor":2.0,"key":"Poison Potion"},{"floor":3.0,"key":"Block Potion"},{"floor":6.0,"key":"Regen Potion"},{"floor":8.0,"key":"FocusPotion"}],"is_trial":false,"path_per_floor":["M","M","M","M","?","E","R","E","T","R","E","?","?","M","R","B",null,"M","?","T","$","$","E","R","M","T","M","M","M","M","E","R","B",null,"M","$","M","?","M"],"character_chosen":"DEFECT","items_purchased":["Pear","Anchor","Defragment","Strange Spoon"],"campfire_rested":2,"item_purchase_floors":[21,22,22,36],"current_hp_per_floor":[68,68,68,67,52,46,46,31,31,31,30,30,17,15,37,25,63,53,37,37,47,47,45,45,47,47,47,47,46,30,8,22,31,43,16,16,18,18,0],"gold":12,"neow_bonus":"THREE_ENEMY_KILL","is_prod":false,"is_daily":false,"chose_seed":false,"campfire_upgraded":3,"win_rate":0,"timestamp":1561829901,"path_taken":["M","M","?","M","?","E","R","E","T","R","E","?","?","M","R","BOSS","M","?","?","?","$","E","R","M","T","M","M","?","M","E","R","BOSS","M","$","M","?","M"],"build_version":"2019-01-23","purchased_purges":1,"victory":false,"max_hp_per_floor":[75,75,75,75,75,75,75,75,75,75,75,75,75,75,75,75,75,75,37,37,47,47,47,47,47,47,47,47,47,47,47,47,47,47,47,47,47,47,47],"card_choices":[{"not_picked":["Gash","Scrape"],"picked":"Sweeping Beam","floor":1.0},{"not_picked":["Hologram","Rebound"],"picked":"Conserve Battery","floor":2.0},{"not_picked":["Steam","Barrage"],"picked":"Loop","floor":3.0},{"not_picked":["Stack","Sweeping Beam"],"picked":"Ball Lightning","floor":4.0},{"not_picked":["FTL","Amplify"],"picked":"Reinforced Body","floor":6.0},{"not_picked":["Steam Power","White Noise"],"picked":"Rainbow","floor":8.0},{"not_picked":["Barrage","Sweeping Beam"],"picked":"White Noise","floor":11.0},{"not_picked":["Steam","Conserve Battery"],"picked":"Go for the Eyes","floor":13.0},{"not_picked":["Hologram","Stack"],"picked":"Loop","floor":14.0},{"not_picked":["Multi-Cast","Buffer"],"picked":"Amplify","floor":16.0},{"not_picked":["Lockon","Chill"],"picked":"Compile Driver","floor":18.0},{"not_picked":["Redo+1","Stack"],"picked":"Steam Power+1","floor":23.0},{"not_picked":["Steam Power","Recycle"],"picked":"Gash+1","floor":25.0},{"not_picked":["Compile Driver","Ball Lightning"],"picked":"Turbo","floor":27.0},{"not_picked":["FTL","Coolheaded"],"picked":"Loop","floor":28.0},{"not_picked":["Lockon","Rebound"],"picked":"Barrage","floor":29.0},{"not_picked":["Recycle","Heatsinks","Conserve Battery"],"picked":"SKIP","floor":30.0},{"not_picked":["Barrage","Compile Driver"],"picked":"Self Repair","floor":31},{"not_picked":["Meteor Strike","Amplify"],"picked":"Buffer","floor":33},{"not_picked":["Force Field","Steam"],"picked":"Leap","floor":34},{"not_picked":["Ball Lightning","Streamline"],"picked":"Hologram","floor":34},{"not_picked":["Leap+1","BootSequence"],"picked":"White Noise","floor":34},{"not_picked":["Double Energy","Conserve Battery"],"picked":"Defragment","floor":34},{"not_picked":["Go for the Eyes","Streamline"],"picked":"Genetic Algorithm","floor":35},{"not_picked":["Darkness","Ball Lightning"],"picked":"Coolheaded","floor":37},{"not_picked":["Enlightenment","Trip"],"picked":"Finesse","floor":38}],"player_experience":308075,"relics_obtained":[{"floor":6.0,"key":"Centennial Puzzle"},{"floor":8.0,"key":"Smiling Mask"},{"floor":9.0,"key":"Omamori"},{"floor":11.0,"key":"War Paint"},{"floor":13.0,"key":"Blood Vial"},{"floor":20.0,"key":"Bronze Scales"},{"floor":23.0,"key":"StoneCalendar"},{"floor":26.0,"key":"Darkstone Periapt"},{"floor":31,"key":"DataDisk"}],"event_choices":[{"damage_healed":0.0,"max_hp_gain":0.0,"max_hp_loss":0.0,"gold_gain":0.0,"event_name":"Shining Light","player_choice":"Entered Light","floor":5.0,"gold_loss":0.0,"damage_taken":15.0,"cards_upgraded":["Sweeping Beam","Conserve Battery"]},{"cards_removed":["Strike_B"],"damage_healed":0.0,"max_hp_gain":0.0,"max_hp_loss":0.0,"gold_gain":0.0,"event_name":"Living Wall","player_choice":"Forget","floor":12.0,"gold_loss":0.0,"damage_taken":0.0},{"damage_healed":0.0,"max_hp_gain":0.0,"max_hp_loss":0.0,"gold_gain":0.0,"event_name":"Dead Adventurer","player_choice":"Searched \u00271\u0027 times","floor":13.0,"gold_loss":0.0,"damage_taken":0.0},{"damage_healed":0.0,"max_hp_gain":0.0,"max_hp_loss":38.0,"gold_gain":0.0,"event_name":"Ghosts","player_choice":"Became a Ghost","floor":19.0,"gold_loss":0.0,"damage_taken":0.0,"cards_obtained":["Ghostly","Ghostly","Ghostly","Ghostly","Ghostly"]},{"damage_healed":0,"gold_gain":0,"player_choice":"Memory 1","damage_taken":0,"max_hp_gain":0,"max_hp_loss":0,"event_name":"SensoryStone","floor":38,"gold_loss":0}],"is_beta":false,"boss_relics":[{"not_picked":["White Beast Statue","Runic Dome"],"picked":"Sozu"},{"not_picked":["Cursed Key","Empty Cage"],"picked":"Orrery"}],"items_purged_floors":[36],"is_endless":false,"potions_floor_spawned":[2,3,4,6,8,18,27,29,30,31,37],"killed_by":"Writhing Mass","ascension_level":12}