{"gold_per_floor":[117,117,117,136,152,152,170,170,222,241,253,253,273,300,300,405,405,420,420,420,520,530,530,530,543,597,597,617,637,637,648,648,648],"floor_reached":33,"playtime":11277,"items_purged":[],"score":251,"play_id":"e56295cd-13b2-4abb-886f-03500fe01f83","local_time":"20190617234109","is_ascension_mode":false,"campfire_choices":[{"data":"Bash","floor":6.0,"key":"SMITH"},{"data":"Cleave","floor":8.0,"key":"SMITH"},{"floor":15.0,"key":"REST"},{"floor":23,"key":"REST"},{"floor":27,"key":"REST"},{"data":"Pain","floor":30,"key":"PURGE"},{"floor":32,"key":"REST"}],"neow_cost":"","seed_source_timestamp":0,"circlet_count":0,"master_deck":["Strike_R+1","Strike_R+1","Strike_R+1","Strike_R+1","Strike_R+1","Defend_R+1","Defend_R+1","Defend_R+1","Bash+1","Clash","Cleave+1","Shockwave","Twin Strike","Burning Pact","Headbutt","Seeing Red","Searing Blow","Double Tap","Headbutt+1","RitualDagger+1","Armaments","Clash+1","Barricade","Whirlwind+1","Flex","Ghostly Armor+1"],"special_seed":0,"relics":["Burning Blood","Strawberry","WarpedTongs","Ancient Tea Set","White Beast Statue","Peace Pipe","Letter Opener","Whetstone","Centennial Puzzle"],"potions_floor_usage":[22,22,28,29,31,33,33],"damage_taken":[{"damage":11.0,"enemies":"Jaw Worm","floor":1.0,"turns":4.0},{"damage":0.0,"enemies":"2 Louse","floor":4.0,"turns":2.0},{"damage":6.0,"enemies":"Cultist","floor":5.0,"turns":3.0},{"damage":5.0,"enemies":"3 Louse","floor":7.0,"turns":2.0},{"damage":12.0,"enemies":"Exordium Thugs","floor":10.0,"turns":4.0},{"damage":23.0,"enemies":"Large Slime","floor":11.0,"turns":6.0},{"damage":2.0,"enemies":"Looter","floor":13.0,"turns":2.0},{"damage":11.0,"enemies":"3 Sentries","floor":14.0,"turns":4.0},{"damage":98.0,"enemies":"The Guardian","floor":16.0,"turns":10.0},{"damage":24,"enemies":"Spheric Guardian","floor":18,"turns":4},{"damage":15,"enemies":"Colosseum Slavers","floor":21,"turns":3},{"damage":31,"enemies":"Colosseum Nobs","floor":21,"turns":5},{"damage":9,"enemies":"Shell Parasite","floor":22,"turns":3},{"damage":28,"enemies":"Snake Plant","floor":25,"turns":5},{"damage":0,"enemies":"Cultist and Chosen","floor":28,"turns":4},{"damage":13,"enemies":"Shelled Parasite and Fungi","floor":29,"turns":4},{"damage":0,"enemies":"Centurion and Healer","floor":31,"turns":2},{"damage":129,"enemies":"Champ","floor":33,"turns":14}],"seed_played":"8246324711084234900","potions_obtained":[{"floor":4.0,"key":"Block Potion"},{"floor":5.0,"key":"Regen Potion"},{"floor":7.0,"key":"Ancient Potion"},{"floor":16.0,"key":"LiquidBronze"},{"floor":18,"key":"Fire Potion"},{"floor":21,"key":"GamblersBrew"},{"floor":22,"key":"Strength Potion"},{"floor":25,"key":"Energy Potion"},{"floor":28,"key":"SteroidPotion"},{"floor":29,"key":"Weak Potion"},{"floor":31,"key":"BloodPotion"}],"is_trial":false,"path_per_floor":["M","?","?","M","M","R","M","R","T","M","M","?","M","E","R","B",null,"M","?","?","?","M","R","T","M","T","R","M","M","R","M","R","B"],"character_chosen":"IRONCLAD","items_purchased":[],"campfire_rested":4,"item_purchase_floors":[],"current_hp_per_floor":[75,75,75,80,80,80,80,80,87,81,64,64,68,63,87,10,87,69,69,63,29,26,52,52,30,30,56,62,55,55,61,87,0],"gold":648,"neow_bonus":"","is_prod":false,"is_daily":false,"chose_seed":false,"campfire_upgraded":2,"win_rate":0.0,"timestamp":1560807669,"path_taken":["M","?","?","M","?","R","M","R","T","M","M","?","M","E","R","BOSS","M","?","?","?","M","R","?","?","T","R","M","M","R","M","R","BOSS"],"build_version":"2019-01-23","purchased_purges":0,"victory":false,"max_hp_per_floor":[80,80,80,80,80,80,80,80,87,87,87,87,87,87,87,87,87,87,87,87,87,87,87,87,87,87,87,87,87,87,87,87,87],"card_choices":[{"not_picked":["Feel No Pain","Pommel Strike"],"picked":"Clash","floor":1.0},{"not_picked":["Iron Wave","Rupture"],"picked":"Cleave","floor":4.0},{"not_picked":["Body Slam","Shrug It Off"],"picked":"Shockwave","floor":5.0},{"not_picked":["Cleave","Armaments"],"picked":"Twin Strike","floor":7.0},{"not_picked":["Metallicize","Pommel Strike"],"picked":"Burning Pact","floor":10.0},{"not_picked":["Sever Soul","Perfected Strike"],"picked":"Headbutt","floor":11.0},{"not_picked":["Fire Breathing","Metallicize"],"picked":"Seeing Red","floor":13.0},{"not_picked":["Armaments","Shrug It Off"],"picked":"Searing Blow","floor":14.0},{"not_picked":["Brutality","Feed"],"picked":"Double Tap","floor":16.0},{"not_picked":["Cleave","Pommel Strike+1"],"picked":"Headbutt+1","floor":18},{"not_picked":["Rampage","True Grit"],"picked":"Armaments","floor":21},{"not_picked":["Perfected Strike","Body Slam"],"picked":"Clash","floor":22},{"not_picked":["Clash","Warcry"],"picked":"Barricade","floor":25},{"not_picked":["Uppercut+1","Pommel Strike"],"picked":"Whirlwind+1","floor":28},{"not_picked":["Iron Wave","Seeing Red"],"picked":"Flex","floor":29},{"not_picked":["Anger+1","Headbutt+1"],"picked":"Ghostly Armor+1","floor":31}],"player_experience":0,"relics_obtained":[{"floor":9.0,"key":"Strawberry"},{"floor":14.0,"key":"Ancient Tea Set"},{"floor":21,"key":"Peace Pipe"},{"floor":21,"key":"Letter Opener"},{"floor":24,"key":"Whetstone"},{"floor":26,"key":"Centennial Puzzle"}],"event_choices":[{"damage_healed":0.0,"max_hp_gain":0.0,"max_hp_loss":0.0,"gold_gain":0.0,"event_name":"Liars Game","player_choice":"Ignored","floor":2.0,"gold_loss":0.0,"damage_taken":0.0},{"cards_removed":["Defend_R"],"damage_healed":0.0,"max_hp_gain":0.0,"max_hp_loss":0.0,"gold_gain":0.0,"event_name":"Purifier","player_choice":"Purged","floor":3.0,"gold_loss":0.0,"damage_taken":0.0},{"damage_healed":0.0,"max_hp_gain":0.0,"max_hp_loss":0.0,"gold_gain":0.0,"event_name":"Accursed Blacksmith","player_choice":"Rummage","floor":12.0,"gold_loss":0.0,"damage_taken":0.0,"relics_obtained":["WarpedTongs"],"cards_obtained":["Pain"]},{"damage_healed":0,"gold_gain":0,"player_choice":"Simplicity","damage_taken":0,"max_hp_gain":0,"max_hp_loss":0,"event_name":"Back to Basics","floor":19,"gold_loss":0,"cards_upgraded":["Strike_R","Strike_R","Strike_R","Strike_R","Strike_R","Defend_R","Defend_R","Defend_R"]},{"damage_healed":0,"gold_gain":0,"player_choice":"Joined the Cult","damage_taken":6,"max_hp_gain":0,"max_hp_loss":0,"event_name":"Nest","floor":20,"gold_loss":0,"cards_obtained":["RitualDagger"]},{"damage_healed":0,"gold_gain":0,"player_choice":"Fight","damage_taken":0,"max_hp_gain":0,"max_hp_loss":0,"event_name":"Colosseum","floor":21,"gold_loss":0},{"damage_healed":0,"gold_gain":0,"player_choice":"Fought Nobs","damage_taken":0,"max_hp_gain":0,"max_hp_loss":0,"event_name":"Colosseum","floor":21,"gold_loss":0}],"is_beta":false,"boss_relics":[{"not_picked":["Fusion Hammer","Tiny House"],"picked":"White Beast Statue"}],"items_purged_floors":[],"is_endless":false,"potions_floor_spawned":[4,5,7,16,18,21,21,22,25,28,29,31],"killed_by":"Champ","ascension_level":0}