{"gold_per_floor":[364,390,409,421,194,228,248,24,70,70,70,81,106,122,122,225,225,243,243,259,139,165,165,13,28,73,104,104,104,134,147,147,248,248,263,276,296,306,322,322,322,340,389,456,49,99,131,8,8,8],"floor_reached":50,"playtime":2848,"items_purged":["Strike_G","Setup"],"score":876,"play_id":"0e389ceb-25a7-429f-8419-1dd21e2d3b87","local_time":"20190622234656","is_ascension_mode":true,"campfire_choices":[{"floor":10.0,"key":"REST"},{"data":"Neutralize","floor":15.0,"key":"SMITH"},{"data":"Envenom","floor":23.0,"key":"SMITH"},{"floor":29.0,"key":"REST"},{"data":"Footwork","floor":32.0,"key":"SMITH"},{"floor":40,"key":"REST"},{"floor":49,"key":"REST"}],"neow_cost":"PERCENT_DAMAGE","seed_source_timestamp":182829545459542,"circlet_count":0,"master_deck":["AscendersBane","Survivor","Neutralize+1","Dagger Throw","Backstab+1","Choke","Crippling Poison","Well Laid Plans","Backflip","PiercingWail","Adrenaline","Deflect","Unload","Prepared","Predator+1","Storm of Steel","Poisoned Stab+1","Flying Knee","All Out Attack","Adrenaline","Envenom+1","RitualDagger","PiercingWail+1","Footwork+1","Cloak And Dagger","Bouncing Flask","Crippling Poison+1","Glass Knife","Prepared+1","Caltrops+1","Deflect+1","Backflip","Backflip"],"special_seed":0,"relics":["Ring of the Snake","Regal Pillow","Bronze Scales","Anchor","Lantern","Bag of Preparation","Turnip","Tingsha","Pandora\u0027s Box","Red Mask","Snake Skull","Ancient Tea Set","Ninja Scroll","Whetstone","Lizard Tail","SsserpentHead","Bag of Marbles","Vajra","Strange Spoon","Smiling Mask"],"potions_floor_usage":[39,50],"damage_taken":[{"damage":5.0,"enemies":"Cultist","floor":1.0,"turns":5.0},{"damage":8.0,"enemies":"Small Slimes","floor":3.0,"turns":5.0},{"damage":2.0,"enemies":"Jaw Worm","floor":4.0,"turns":4.0},{"damage":23.0,"enemies":"Lagavulin","floor":6.0,"turns":6.0},{"damage":1.0,"enemies":"Exordium Wildlife","floor":7.0,"turns":5.0},{"damage":0.0,"enemies":"3 Louse","floor":12.0,"turns":2.0},{"damage":8.0,"enemies":"3 Sentries","floor":13.0,"turns":7.0},{"damage":0.0,"enemies":"Gremlin Gang","floor":14.0,"turns":3.0},{"damage":14.0,"enemies":"Hexaghost","floor":16.0,"turns":11.0},{"damage":0.0,"enemies":"Shell Parasite","floor":18.0,"turns":2.0},{"damage":11.0,"enemies":"2 Thieves","floor":20.0,"turns":3.0},{"damage":0.0,"enemies":"Masked Bandits","floor":22.0,"turns":3.0},{"damage":0.0,"enemies":"Cultist and Chosen","floor":25.0,"turns":4.0},{"damage":9.0,"enemies":"Slavers","floor":27.0,"turns":4.0},{"damage":0.0,"enemies":"Gremlin Leader","floor":30.0,"turns":4.0},{"damage":0.0,"enemies":"Snake Plant","floor":31.0,"turns":1.0},{"damage":65.0,"enemies":"Champ","floor":33.0,"turns":12.0},{"damage":0.0,"enemies":"Orb Walker","floor":35.0,"turns":2.0},{"damage":13.0,"enemies":"3 Darklings","floor":36.0,"turns":6.0},{"damage":14.0,"enemies":"Sphere and 2 Shapes","floor":37.0,"turns":4.0},{"damage":4.0,"enemies":"4 Shapes","floor":38.0,"turns":5.0},{"damage":33,"enemies":"Spire Growth","floor":39,"turns":4},{"damage":11,"enemies":"Sphere and 2 Shapes","floor":42,"turns":4},{"damage":5,"enemies":"Jaw Worm Horde","floor":44,"turns":3},{"damage":33,"enemies":"Nemesis","floor":47,"turns":5},{"damage":66,"enemies":"Awakened One","floor":50,"turns":9}],"seed_played":"-3122320817072035459","potions_obtained":[{"floor":3.0,"key":"Block Potion"},{"floor":4.0,"key":"SteroidPotion"},{"floor":7.0,"key":"AttackPotion"},{"floor":12.0,"key":"Ancient Potion"},{"floor":22.0,"key":"SpeedPotion"},{"floor":31.0,"key":"GhostInAJar"},{"floor":33.0,"key":"SpeedPotion"},{"floor":38.0,"key":"SkillPotion"}],"is_trial":false,"path_per_floor":["M","T","M","M","$","E","M","$","T","R","?","M","E","M","R","B",null,"M","?","M","$","?","R","$","M","T","E","?","R","E","M","R","B",null,"M","M","M","M","M","R","?","M","T","M","$","?","E","$","R","B"],"character_chosen":"THE_SILENT","items_purchased":["Crippling Poison","Bronze Scales","Lantern","Footwork","Cloak And Dagger","Snake Skull","Backflip","Vajra","Strange Spoon","Regen Potion"],"campfire_rested":4,"item_purchase_floors":[5,5,8,21,21,24,45,45,45,48],"current_hp_per_floor":[40,40,32,30,30,7,6,6,6,42,35,35,27,27,27,13,56,56,50,39,39,39,39,39,39,39,30,30,66,66,66,66,1,53,53,40,26,22,25,61,61,50,50,45,45,45,12,12,48,0],"gold":8,"neow_bonus":"TWO_FIFTY_GOLD","is_prod":false,"is_daily":false,"chose_seed":false,"campfire_upgraded":3,"win_rate":0,"timestamp":1561265216,"path_taken":["M","?","M","M","$","E","M","?","T","R","?","M","E","M","R","BOSS","M","?","M","$","?","R","?","M","T","E","?","R","E","M","R","BOSS","M","?","M","M","?","R","?","M","T","?","$","?","E","$","R","BOSS"],"build_version":"2019-01-23","purchased_purges":2,"victory":false,"max_hp_per_floor":[70,70,70,70,70,70,70,70,70,70,70,70,70,70,70,70,70,70,70,70,70,70,70,70,70,70,70,70,70,70,70,70,70,70,70,70,70,70,70,70,70,70,70,70,70,70,70,70,70,70],"card_choices":[{"not_picked":["Riddle With Holes","Catalyst"],"picked":"Dagger Throw","floor":1.0},{"not_picked":["Dash","Slice"],"picked":"Backstab","floor":3.0},{"not_picked":["Blade Dance","Dagger Throw"],"picked":"Choke","floor":4.0},{"not_picked":["Poisoned Stab","PiercingWail"],"picked":"Well Laid Plans","floor":6.0},{"not_picked":["Escape Plan","Accuracy"],"picked":"Backflip","floor":7.0},{"not_picked":["Setup","Acrobatics"],"picked":"PiercingWail","floor":12.0},{"not_picked":["Deflect","Flying Knee"],"picked":"Adrenaline","floor":13.0},{"not_picked":["Eviscerate","Quick Slash"],"picked":"Deflect","floor":14.0},{"not_picked":["Tools of the Trade","Grand Finale"],"picked":"Unload","floor":16.0},{"not_picked":["Deflect","Prepared","Flying Knee"],"picked":"SKIP","floor":18.0},{"not_picked":["Deadly Poison","Dagger Throw"],"picked":"PiercingWail+1","floor":20.0},{"not_picked":["Dagger Throw","Underhanded Strike","Reflex+1"],"picked":"SKIP","floor":25.0},{"not_picked":["Bullet Time","Distraction+1"],"picked":"Bouncing Flask","floor":27.0},{"not_picked":["Deflect","Quick Slash"],"picked":"Crippling Poison+1","floor":30.0},{"not_picked":["Concentrate","Dagger Throw","Dodge and Roll"],"picked":"SKIP","floor":31.0},{"not_picked":["Tools of the Trade","Venomology"],"picked":"Glass Knife","floor":33.0},{"not_picked":["Reflex","Acrobatics","Deflect"],"picked":"SKIP","floor":35.0},{"not_picked":["Dagger Throw","PiercingWail"],"picked":"Prepared+1","floor":36.0},{"not_picked":["Concentrate","Deflect","Acrobatics"],"picked":"SKIP","floor":37.0},{"not_picked":["Eviscerate+1","Backflip"],"picked":"Caltrops+1","floor":38.0},{"not_picked":["Calculated Gamble","Underhanded Strike","Deflect"],"picked":"SKIP","floor":39},{"not_picked":["Accuracy+1","Riddle With Holes"],"picked":"Deflect+1","floor":42},{"not_picked":["Concentrate","Acrobatics+1","Well Laid Plans"],"picked":"SKIP","floor":44},{"not_picked":["Well Laid Plans+1","Caltrops","Bouncing Flask"],"picked":"SKIP","floor":47}],"player_experience":262973,"relics_obtained":[{"floor":2.0,"key":"Regal Pillow"},{"floor":6.0,"key":"Anchor"},{"floor":9.0,"key":"Bag of Preparation"},{"floor":13.0,"key":"Tingsha"},{"floor":22.0,"key":"Red Mask"},{"floor":26.0,"key":"Ancient Tea Set"},{"floor":27.0,"key":"Ninja Scroll"},{"floor":30.0,"key":"Whetstone"},{"floor":43,"key":"Bag of Marbles"},{"floor":47,"key":"Smiling Mask"}],"event_choices":[{"damage_healed":0.0,"max_hp_gain":0.0,"max_hp_loss":0.0,"gold_gain":0.0,"event_name":"Scrap Ooze","player_choice":"Success","floor":11.0,"gold_loss":0.0,"damage_taken":7.0,"relics_obtained":["Turnip"]},{"damage_healed":0.0,"max_hp_gain":0.0,"max_hp_loss":0.0,"gold_gain":0.0,"event_name":"Nest","player_choice":"Joined the Cult","floor":19.0,"gold_loss":0.0,"damage_taken":6.0,"cards_obtained":["RitualDagger"]},{"damage_healed":0.0,"max_hp_gain":0.0,"max_hp_loss":0.0,"gold_gain":0.0,"event_name":"Masked Bandits","player_choice":"Fought Bandits","floor":22.0,"gold_loss":0.0,"damage_taken":0.0},{"damage_healed":0.0,"max_hp_gain":0.0,"max_hp_loss":0.0,"gold_gain":0.0,"event_name":"Upgrade Shrine","player_choice":"Upgraded","floor":28.0,"gold_loss":0.0,"damage_taken":0.0,"cards_upgraded":["Backstab"]},{"damage_healed":0,"gold_gain":0,"player_choice":"Trade","damage_taken":0,"relics_obtained":["SsserpentHead"],"max_hp_gain":0,"max_hp_loss":0,"event_name":"FaceTrader","floor":41,"gold_loss":0},{"damage_healed":0,"gold_gain":0,"player_choice":"Copied","damage_taken":0,"max_hp_gain":0,"max_hp_loss":0,"event_name":"Duplicator","floor":46,"gold_loss":0,"cards_obtained":["Backflip"]}],"is_beta":false,"boss_relics":[{"not_picked":["Empty Cage","White Beast Statue"],"picked":"Pandora\u0027s Box"},{"not_picked":["Calling Bell","HoveringKite"],"picked":"Lizard Tail"}],"items_purged_floors":[8,48],"is_endless":false,"potions_floor_spawned":[3,4,7,12,22,27,31,33,38],"killed_by":"Awakened One","ascension_level":11}