{"gold_per_floor":[117,117,67,67,77,103,103,28,52,52,52,69,82,113,113,217,217,237,152,127,145,160,189,189,189,216,241,66,86,86,103,103,103],"floor_reached":33,"playtime":1057,"items_purged":["Strike_R"],"score":343,"play_id":"457b2e93-e013-4a7b-b067-44e447d3480b","local_time":"20181120230024","is_ascension_mode":false,"campfire_choices":[{"data":"Iron Wave","floor":7,"key":"SMITH"},{"data":"Pommel Strike","floor":10,"key":"SMITH"},{"data":"Armaments","floor":15,"key":"SMITH"},{"data":"Body Slam","floor":24,"key":"SMITH"},{"data":"Body Slam","floor":25,"key":"SMITH"},{"data":"Combust","floor":32,"key":"SMITH"}],"neow_cost":"NONE","seed_source_timestamp":596465861111127,"circlet_count":0,"master_deck":["Strike_R","Strike_R","Defend_R","Defend_R","Defend_R","Defend_R","Bash","Iron Wave+1","Armaments+1","Pommel Strike+1","Power Through","Rampage","Armaments+1","Body Slam+1","Shrug It Off","Feel No Pain","Pommel Strike+1","Body Slam+1","Clumsy","Wild Strike","Combust+1","Entrench","Intimidate","Twin Strike"],"relics":["Burning Blood","NeowsBlessing","Mercury Hourglass","Bag of Marbles","Bronze Scales","Cursed Key","WingedGreaves","Prayer Wheel","PreservedInsect","The Courier","Oddly Smooth Stone"],"potions_floor_usage":[23,33,33,33],"damage_taken":[{"damage":0,"enemies":"Jaw Worm","floor":1,"turns":1},{"damage":0,"enemies":"Small Slimes","floor":5,"turns":1},{"damage":0,"enemies":"Gremlin Nob","floor":6,"turns":1},{"damage":0,"enemies":"Cultist","floor":12,"turns":3},{"damage":10,"enemies":"Looter","floor":13,"turns":3},{"damage":0,"enemies":"Lagavulin","floor":14,"turns":5},{"damage":34,"enemies":"The Guardian","floor":16,"turns":10},{"damage":0,"enemies":"Chosen","floor":18,"turns":3},{"damage":12,"enemies":"3 Byrds","floor":21,"turns":3},{"damage":12,"enemies":"Centurion and Healer","floor":22,"turns":6},{"damage":15,"enemies":"Slavers","floor":23,"turns":6},{"damage":20,"enemies":"Gremlin Leader","floor":27,"turns":3},{"damage":4,"enemies":"Snecko","floor":29,"turns":4},{"damage":8,"enemies":"Sentry and Sphere","floor":31,"turns":5},{"damage":59,"enemies":"Champ","floor":33,"turns":11}],"seed_played":"-3741797108179134778","potions_obtained":[{"floor":13,"key":"PowerPotion"},{"floor":16,"key":"BloodPotion"},{"floor":27,"key":"EssenceOfSteel"},{"floor":29,"key":"EssenceOfSteel"}],"is_trial":false,"path_per_floor":["M","?","$","?","M","E","R","$","T","R","?","M","M","E","R","B",null,"M","?","$","M","M","E","R","R","T","E","$","M","?","M","R","B"],"character_chosen":"IRONCLAD","items_purchased":["Armaments","Shrug It Off","Combust","Oddly Smooth Stone"],"campfire_rested":0,"item_purchase_floors":[3,20,28,28],"current_hp_per_floor":[80,73,73,73,79,80,80,80,80,80,80,80,76,80,80,52,80,80,80,80,74,68,59,59,59,59,45,45,47,47,45,45,0],"gold":103,"neow_bonus":"THREE_ENEMY_KILL","is_prod":false,"is_daily":false,"chose_seed":false,"campfire_upgraded":6,"win_rate":0,"timestamp":1542772824,"path_taken":["M","?","$","?","?","E","R","$","T","R","?","M","M","E","R","BOSS","M","?","$","M","M","E","R","R","T","E","$","M","?","?","R","BOSS"],"build_version":"2018-11-15","purchased_purges":1,"victory":false,"max_hp_per_floor":[80,80,80,80,80,80,80,80,80,80,80,80,80,80,80,80,80,80,80,80,80,80,80,80,80,80,80,80,80,80,80,80,80],"card_choices":[{"not_picked":["Flame Barrier","Fire Breathing"],"picked":"Iron Wave","floor":1},{"not_picked":["Havoc","Fire Breathing"],"picked":"Pommel Strike","floor":5},{"not_picked":["Sword Boomerang","Infernal Blade"],"picked":"Power Through","floor":6},{"not_picked":["Fire Breathing","Rupture"],"picked":"Rampage","floor":12},{"not_picked":["Rupture","Twin Strike","Cleave"],"picked":"SKIP","floor":13},{"not_picked":["True Grit","Demon Form"],"picked":"Armaments","floor":14},{"not_picked":["Iron Wave+1","Sword Boomerang"],"picked":"Body Slam","floor":18},{"not_picked":["Hemokinesis","Headbutt"],"picked":"Feel No Pain","floor":21},{"not_picked":["Uppercut+1","Seeing Red"],"picked":"Pommel Strike+1","floor":22},{"not_picked":["Infernal Blade","Second Wind"],"picked":"Body Slam","floor":23},{"not_picked":["Armaments","Battle Trance"],"picked":"Wild Strike","floor":27},{"not_picked":["Blood for Blood+1","Twin Strike"],"picked":"Entrench","floor":29},{"not_picked":["Havoc","Heavy Blade"],"picked":"Intimidate","floor":29},{"not_picked":["Flex","Armaments","Corruption+1"],"picked":"SKIP","floor":31},{"not_picked":["Dual Wield","Armaments","Dark Embrace"],"picked":"SKIP","floor":31}],"player_experience":138666,"relics_obtained":[{"floor":6,"key":"Mercury Hourglass"},{"floor":9,"key":"Bag of Marbles"},{"floor":14,"key":"Bronze Scales"},{"floor":23,"key":"Prayer Wheel"},{"floor":26,"key":"PreservedInsect"},{"floor":27,"key":"The Courier"}],"event_choices":[{"cards_removed":["Strike_R"],"damage_healed":0,"gold_gain":0,"player_choice":"Card Removal","damage_taken":7,"max_hp_gain":0,"max_hp_loss":0,"event_name":"Golden Wing","floor":2,"gold_loss":0},{"damage_healed":0,"gold_gain":0,"player_choice":"Upgraded","damage_taken":0,"max_hp_gain":0,"max_hp_loss":0,"event_name":"Upgrade Shrine","floor":4,"gold_loss":0,"cards_upgraded":["Armaments"]},{"cards_removed":["Strike_R"],"damage_healed":0,"gold_gain":0,"player_choice":"Forget","damage_taken":0,"max_hp_gain":0,"max_hp_loss":0,"event_name":"Living Wall","floor":11,"gold_loss":0},{"damage_healed":0,"gold_gain":0,"player_choice":"Obtained Relic","damage_taken":0,"relics_obtained":["WingedGreaves"],"max_hp_gain":0,"max_hp_loss":0,"event_name":"Addict","floor":19,"gold_loss":85},{"damage_healed":0,"gold_gain":0,"player_choice":"1 cards matched","damage_taken":0,"max_hp_gain":0,"max_hp_loss":0,"event_name":"Match and Keep!","floor":30,"gold_loss":0,"cards_obtained":["Twin Strike"]}],"is_beta":false,"boss_relics":[{"not_picked":["Velvet Choker","Pandora\u0027s Box"],"picked":"Cursed Key"}],"items_purged_floors":[8],"is_endless":false,"potions_floor_spawned":[13,16,27,29,31],"killed_by":"Champ","ascension_level":0}