{"gold_per_floor":[112,112,77,93,105,105,134,147,147,15,15,43,59,94,94,166,166,185,235,249,174,99,99,128,128,128,159,173,173],"floor_reached":29,"playtime":1606,"items_purged":[],"score":562,"play_id":"Baalorlord-a3c16fd6","local_time":"20190715173917","is_ascension_mode":true,"campfire_choices":[{"data":"Twin Strike","floor":6,"key":"SMITH"},{"floor":11,"key":"REST"},{"data":"Armaments","floor":15,"key":"SMITH"},{"floor":23,"key":"REST"},{"floor":25,"key":"REST"}],"neow_cost":"NONE","seed_source_timestamp":636234811378500,"circlet_count":0,"master_deck":["AscendersBane","Defend_R","Defend_R","Defend_R","Defend_R","Bash","Disarm","Headbutt","Twin Strike+1","Armaments+1","Inflame","Uppercut","Feel No Pain","Pommel Strike","Intimidate","Pummel","Immolate","Whirlwind","Shrug It Off+1","Entrench","Rage","Ghostly Armor+1","Shrug It Off","Headbutt","Body Slam","Ghostly Armor"],"relics":["Philosopher\u0027s Stone","Regal Pillow","Mercury Hourglass","Omamori","Pear","Dream Catcher","Empty Cage","Juzu Bracelet","Pantograph","Happy Flower"],"potions_floor_usage":[7,14,24,28],"damage_taken":[{"damage":4,"enemies":"2 Louse","floor":1,"turns":3},{"damage":12,"enemies":"Small Slimes","floor":4,"turns":4},{"damage":0,"enemies":"Cultist","floor":5,"turns":2},{"damage":25,"enemies":"3 Sentries","floor":7,"turns":8},{"damage":7,"enemies":"Large Slime","floor":8,"turns":5},{"damage":22,"enemies":"Gremlin Nob","floor":12,"turns":4},{"damage":15,"enemies":"Red Slaver","floor":13,"turns":2},{"damage":19,"enemies":"Lagavulin","floor":14,"turns":5},{"damage":16,"enemies":"Hexaghost","floor":16,"turns":7},{"damage":32,"enemies":"3 Byrds","floor":18,"turns":4},{"damage":20,"enemies":"2 Thieves","floor":20,"turns":3},{"damage":40,"enemies":"Book of Stabbing","floor":24,"turns":6},{"damage":32,"enemies":"Slavers","floor":27,"turns":4},{"damage":11,"enemies":"Snecko","floor":28,"turns":4},{"damage":15,"enemies":"Cultist and Chosen","floor":29,"turns":3}],"seed_played":"-8043972187104783394","potions_obtained":[{"floor":1,"key":"FearPotion"},{"floor":4,"key":"Ancient Potion"},{"floor":5,"key":"Block Potion"},{"floor":13,"key":"Regen Potion"},{"floor":20,"key":"FearPotion"},{"floor":27,"key":"LiquidBronze"}],"is_trial":false,"path_per_floor":["M","?","?","M","M","R","E","M","T","$","R","E","M","E","R","B",null,"M","?","M","?","?","R","E","R","T","E","M","M"],"character_chosen":"IRONCLAD","items_purchased":["Uppercut","Feel No Pain"],"campfire_rested":3,"item_purchase_floors":[10,10],"current_hp_per_floor":[64,59,75,63,63,63,38,31,31,31,68,56,41,36,36,20,69,37,37,17,17,17,57,17,57,57,25,14,0],"gold":173,"neow_bonus":"BOSS_RELIC","is_prod":false,"is_daily":false,"chose_seed":false,"campfire_upgraded":2,"win_rate":0,"timestamp":1563226757,"path_taken":["M","?","?","M","M","R","E","M","T","$","R","E","M","E","R","BOSS","M","?","M","?","?","R","E","R","T","E","M","M"],"build_version":"2019-07-05","purchased_purges":0,"victory":false,"max_hp_per_floor":[75,75,75,75,75,75,75,75,75,75,75,85,85,85,85,85,85,85,85,85,85,85,85,85,85,85,85,85,85],"card_choices":[{"not_picked":["Ghostly Armor","Perfected Strike"],"picked":"Disarm","floor":1},{"not_picked":["Searing Blow","Second Wind"],"picked":"Headbutt","floor":4},{"not_picked":["Sword Boomerang","Body Slam"],"picked":"Twin Strike","floor":5},{"not_picked":["Havoc","Headbutt"],"picked":"Armaments","floor":7},{"not_picked":["Iron Wave","Clothesline"],"picked":"Inflame","floor":8},{"not_picked":["Reckless Charge","Havoc"],"picked":"Pommel Strike","floor":12},{"not_picked":["Headbutt","Havoc"],"picked":"Intimidate","floor":13},{"not_picked":["Carnage","Pommel Strike"],"picked":"Pummel","floor":14},{"not_picked":["Impervious","Bludgeon"],"picked":"Immolate","floor":16},{"not_picked":["Warcry","Anger"],"picked":"Whirlwind","floor":18},{"not_picked":["Thunderclap+1","Headbutt+1"],"picked":"Shrug It Off+1","floor":20},{"not_picked":["Perfected Strike","Seeing Red"],"picked":"Ghostly Armor+1","floor":23},{"not_picked":["Perfected Strike","Sentinel+1"],"picked":"Shrug It Off","floor":24},{"not_picked":["Wild Strike","Flex"],"picked":"Headbutt","floor":25},{"not_picked":["Iron Wave","Intimidate"],"picked":"Body Slam","floor":27},{"not_picked":["Bloodletting","Combust"],"picked":"Ghostly Armor","floor":28}],"player_experience":2288554,"relics_obtained":[{"floor":7,"key":"Mercury Hourglass"},{"floor":9,"key":"Omamori"},{"floor":12,"key":"Pear"},{"floor":14,"key":"Dream Catcher"},{"floor":24,"key":"Juzu Bracelet"},{"floor":26,"key":"Pantograph"},{"floor":27,"key":"Happy Flower"}],"event_choices":[{"damage_healed":0,"gold_gain":0,"player_choice":"Success","damage_taken":5,"relics_obtained":["Regal Pillow"],"max_hp_gain":0,"max_hp_loss":0,"event_name":"Scrap Ooze","floor":2,"gold_loss":0},{"damage_healed":18,"gold_gain":0,"player_choice":"Healed","damage_taken":0,"max_hp_gain":0,"max_hp_loss":0,"event_name":"The Cleric","floor":3,"gold_loss":35},{"damage_healed":0,"gold_gain":50,"player_choice":"Stole From Cult","damage_taken":0,"max_hp_gain":0,"max_hp_loss":0,"event_name":"Nest","floor":19,"gold_loss":0},{"cards_removed":["Strike_R"],"damage_healed":0,"gold_gain":0,"player_choice":"Gave Gold","damage_taken":0,"max_hp_gain":0,"max_hp_loss":0,"event_name":"Beggar","floor":21,"gold_loss":75},{"damage_healed":0,"gold_gain":0,"cards_transformed":["Strike_R","Strike_R"],"player_choice":"Transformed Cards","damage_taken":0,"max_hp_gain":0,"max_hp_loss":0,"event_name":"Designer","floor":22,"gold_loss":75,"cards_obtained":["Entrench","Rage"]}],"is_beta":false,"boss_relics":[{"not_picked":["Tiny House","Velvet Choker"],"picked":"Empty Cage"}],"items_purged_floors":[],"is_endless":false,"potions_floor_spawned":[1,4,5,13,20,27],"killed_by":"Cultist and Chosen","ascension_level":20}