{"gold_per_floor":[110,110,11,31,31,31,56,21,71,43,43,60,78,111,111,183,183,194,194,194,244,244,244,13,43,43,74,87,107,107,157,157,229,229,242,242,88,99,117,117,117],"floor_reached":41,"playtime":2979,"items_purged":["Strike_R"],"score":945,"play_id":"Baalorlord-1f264364","local_time":"20190608150753","is_ascension_mode":true,"campfire_choices":[{"data":"Bash","floor":6,"key":"SMITH"},{"data":"Battle Trance","floor":11,"key":"SMITH"},{"data":"Heavy Blade","floor":15,"key":"SMITH"},{"floor":23,"key":"REST"},{"data":"Strike_R","floor":30,"key":"PURGE"},{"data":"Strike_R","floor":32,"key":"PURGE"},{"floor":40,"key":"RECALL"}],"neow_cost":"TEN_PERCENT_HP_LOSS","seed_source_timestamp":9719633903800,"circlet_count":0,"master_deck":["AscendersBane","Strike_R","Defend_R","Defend_R","Defend_R","Defend_R","Bash+1","Battle Trance+1","Panacea","Inflame+1","Second Wind","Anger","Spot Weakness","Heavy Blade+1","Shrug It Off","Feed","Whirlwind","Shrug It Off","Clothesline","Battle Trance","Offering","Warcry+1","Inflame+1","Cleave","Armaments"],"relics":["Burning Blood","Incense Burner","Kunai","Blood Vial","Pantograph","Fusion Hammer","MutagenicStrength","OrangePellets","Bag of Preparation","Peace Pipe","Coffee Dripper"],"potions_floor_usage":[18,25,27,28,38],"damage_taken":[{"damage":6,"enemies":"Cultist","floor":1,"turns":3},{"damage":0,"enemies":"2 Louse","floor":4,"turns":6},{"damage":51,"enemies":"3 Sentries","floor":7,"turns":12},{"damage":0,"enemies":"Small Slimes","floor":12,"turns":4},{"damage":11,"enemies":"Looter","floor":13,"turns":3},{"damage":10,"enemies":"Lagavulin","floor":14,"turns":5},{"damage":3,"enemies":"The Guardian","floor":16,"turns":8},{"damage":11,"enemies":"2 Thieves","floor":18,"turns":5},{"damage":24,"enemies":"Book of Stabbing","floor":25,"turns":4},{"damage":16,"enemies":"Gremlin Leader","floor":27,"turns":5},{"damage":3,"enemies":"Chosen","floor":28,"turns":3},{"damage":13,"enemies":"Centurion and Healer","floor":29,"turns":6},{"damage":64,"enemies":"Automaton","floor":33,"turns":8},{"damage":0,"enemies":"Orb Walker","floor":35,"turns":3},{"damage":19,"enemies":"3 Darklings","floor":38,"turns":4},{"damage":33,"enemies":"4 Shapes","floor":39,"turns":4},{"damage":56,"enemies":"Nemesis","floor":41,"turns":4}],"seed_played":"-837177640279038115","potions_obtained":[{"floor":1,"key":"SteroidPotion"},{"floor":7,"key":"SkillPotion"},{"floor":12,"key":"Strength Potion"},{"floor":18,"key":"GamblersBrew"},{"floor":25,"key":"Block Potion"},{"floor":27,"key":"Poison Potion"},{"floor":33,"key":"AttackPotion"}],"is_trial":false,"path_per_floor":["M","?","$","M","?","R","E","?","T","$","R","M","M","E","R","B",null,"M","?","?","?","?","R","$","E","T","E","M","M","R","?","R","B",null,"M","?","$","M","M","R","E"],"character_chosen":"IRONCLAD","items_purchased":["Panacea","Anger","OrangePellets","Cleave","Armaments"],"campfire_rested":1,"item_purchase_floors":[3,10,24,37,37],"current_hp_per_floor":[68,61,61,67,67,67,22,39,39,39,39,47,44,42,42,68,68,66,66,46,46,46,68,68,55,55,50,58,56,56,48,48,17,70,81,81,81,74,52,52,0],"gold":117,"neow_bonus":"ONE_RARE_RELIC","is_prod":false,"is_daily":false,"chose_seed":false,"campfire_upgraded":3,"win_rate":0,"timestamp":1560020873,"path_taken":["M","?","$","M","?","R","E","?","T","$","R","M","M","E","R","BOSS","M","?","?","?","?","R","?","E","T","E","?","?","R","?","R","BOSS","M","?","?","M","M","R","E"],"build_version":"2019-01-23","purchased_purges":1,"victory":false,"max_hp_per_floor":[68,68,68,68,68,68,68,68,68,68,68,68,68,68,68,68,68,71,71,76,76,76,76,76,79,79,82,85,88,88,88,88,88,88,91,91,91,95,98,98,98],"card_choices":[{"not_picked":["Armaments","Blood for Blood"],"picked":"Battle Trance","floor":1},{"not_picked":["Clothesline","Infernal Blade"],"picked":"Inflame","floor":4},{"not_picked":["Heavy Blade","Corruption"],"picked":"Second Wind","floor":7},{"not_picked":["Searing Blow","Warcry"],"picked":"Spot Weakness","floor":12},{"not_picked":["Cleave","True Grit"],"picked":"Heavy Blade","floor":13},{"not_picked":["True Grit","Twin Strike"],"picked":"Shrug It Off","floor":14},{"not_picked":["Bludgeon","Impervious"],"picked":"Feed","floor":16},{"not_picked":["Cleave","Clash+1"],"picked":"Whirlwind","floor":18},{"not_picked":["Body Slam","Perfected Strike"],"picked":"Clothesline","floor":25},{"not_picked":["Whirlwind","Iron Wave"],"picked":"Battle Trance","floor":27},{"not_picked":["Warcry","Body Slam","Sentinel"],"picked":"SKIP","floor":28},{"not_picked":["Warcry","Body Slam","Sentinel"],"picked":"SKIP","floor":28},{"not_picked":["Warcry","Body Slam","Sentinel"],"picked":"SKIP","floor":28},{"not_picked":["Twin Strike","Pommel Strike","Bludgeon"],"picked":"SKIP","floor":29},{"not_picked":["Immolate","Dark Embrace"],"picked":"Offering","floor":33},{"not_picked":["Sever Soul+1","Body Slam"],"picked":"Warcry+1","floor":35},{"not_picked":["Havoc+1","Hemokinesis","Clash"],"picked":"SKIP","floor":38},{"not_picked":["Havoc+1","Hemokinesis","Clash"],"picked":"SKIP","floor":38},{"not_picked":["Searing Blow","Body Slam","Intimidate"],"picked":"SKIP","floor":39}],"player_experience":2088827,"relics_obtained":[{"floor":7,"key":"Kunai"},{"floor":9,"key":"Blood Vial"},{"floor":14,"key":"Pantograph"},{"floor":25,"key":"Bag of Preparation"},{"floor":27,"key":"Peace Pipe"}],"event_choices":[{"cards_removed":["Strike_R"],"damage_healed":0,"gold_gain":0,"player_choice":"Card Removal","damage_taken":7,"max_hp_gain":0,"max_hp_loss":0,"event_name":"Golden Wing","floor":2,"gold_loss":0},{"damage_healed":0,"gold_gain":0,"player_choice":"Grow","damage_taken":0,"max_hp_gain":0,"max_hp_loss":0,"event_name":"Living Wall","floor":5,"gold_loss":0,"cards_upgraded":["Inflame"]},{"damage_healed":17,"gold_gain":0,"player_choice":"Healed","damage_taken":0,"max_hp_gain":0,"max_hp_loss":0,"event_name":"The Cleric","floor":8,"gold_loss":35},{"damage_healed":0,"gold_gain":0,"player_choice":"Read","damage_taken":0,"max_hp_gain":0,"max_hp_loss":0,"event_name":"The Library","floor":19,"gold_loss":0,"cards_obtained":["Shrug It Off"]},{"damage_healed":0,"gold_gain":0,"player_choice":"Shed Blood","damage_taken":25,"max_hp_gain":5,"max_hp_loss":0,"event_name":"Forgotten Altar","floor":20,"gold_loss":0},{"damage_healed":0,"gold_gain":50,"player_choice":"Stole From Cult","damage_taken":0,"max_hp_gain":0,"max_hp_loss":0,"event_name":"Nest","floor":21,"gold_loss":0},{"damage_healed":0,"gold_gain":0,"player_choice":"Inject Mutagens","damage_taken":0,"relics_obtained":["MutagenicStrength"],"max_hp_gain":0,"max_hp_loss":0,"event_name":"Drug Dealer","floor":22,"gold_loss":0},{"damage_healed":0,"gold_gain":50,"player_choice":"Touch","damage_taken":8,"max_hp_gain":0,"max_hp_loss":0,"event_name":"FaceTrader","floor":31,"gold_loss":0},{"damage_healed":0,"gold_gain":0,"player_choice":"Copied","damage_taken":0,"max_hp_gain":0,"max_hp_loss":0,"event_name":"Duplicator","floor":36,"gold_loss":0,"cards_obtained":["Inflame"]}],"is_beta":false,"boss_relics":[{"not_picked":["Eternal Feather","Tiny House"],"picked":"Fusion Hammer"},{"not_picked":["Philosopher\u0027s Stone","Sozu"],"picked":"Coffee Dripper"}],"items_purged_floors":[37],"is_endless":false,"potions_floor_spawned":[1,7,12,13,18,25,27,33],"killed_by":"Nemesis","ascension_level":20}