{"gold_per_floor":[109,119,130,130,143,143,176,101,131,166,166,180,208,226,226,226],"floor_reached":16,"playtime":520,"items_purged":["Strike_B"],"score":128,"play_id":"7f602e1c-c13d-4cab-81de-ddd70b217c47","local_time":"20190816165134","is_ascension_mode":true,"campfire_choices":[{"data":"Tempest","floor":6.0,"key":"SMITH"},{"floor":11.0,"key":"REST"},{"data":"Defend_B","floor":15.0,"key":"SMITH"}],"neow_cost":"NONE","seed_source_timestamp":1398695248250913,"circlet_count":0,"master_deck":["Strike_B","Strike_B","Defend_B","Defend_B","Defend_B+1","Defend_B","Zap","Dualcast","Ball Lightning","Tempest+1","Loop","Capacitor","Multi-Cast","Genetic Algorithm","Genetic Algorithm","Gash"],"special_seed":0,"relics":["Cracked Core","NeowsBlessing","Lantern","Tiny Chest","Bottled Tornado","Dodecahedron"],"potions_floor_usage":[16],"damage_taken":[{"damage":0.0,"enemies":"Small Slimes","floor":1.0,"turns":1.0},{"damage":0.0,"enemies":"Cultist","floor":2.0,"turns":1.0},{"damage":0.0,"enemies":"Jaw Worm","floor":3.0,"turns":1.0},{"damage":21.0,"enemies":"Large Slime","floor":5.0,"turns":4.0},{"damage":21.0,"enemies":"Lagavulin","floor":7.0,"turns":6.0},{"damage":24.0,"enemies":"3 Sentries","floor":10.0,"turns":7.0},{"damage":12.0,"enemies":"Exordium Wildlife","floor":12.0,"turns":3.0},{"damage":6.0,"enemies":"Gremlin Nob","floor":13.0,"turns":3.0},{"damage":8.0,"enemies":"Blue Slaver","floor":14.0,"turns":4.0},{"damage":9,"enemies":"Hexaghost","floor":16,"turns":7}],"seed_played":"6006245155134119907","potions_obtained":[{"floor":2.0,"key":"SpeedPotion"},{"floor":7.0,"key":"Weak Potion"},{"floor":12.0,"key":"Poison Potion"}],"is_trial":false,"path_per_floor":["M","M","M","?","M","R","E","$","T","E","R","M","E","M","R","B"],"character_chosen":"DEFECT","items_purchased":[],"campfire_rested":1,"item_purchase_floors":[],"current_hp_per_floor":[75,75,75,75,54,54,33,33,33,9,31,19,13,5,5,0],"gold":226,"neow_bonus":"THREE_ENEMY_KILL","is_prod":false,"is_daily":false,"chose_seed":false,"campfire_upgraded":2,"win_rate":0,"timestamp":1565952694,"path_taken":["M","M","M","?","?","R","E","?","T","E","R","M","E","M","R","BOSS"],"build_version":"2019-07-17","purchased_purges":1,"victory":false,"max_hp_per_floor":[75,75,75,75,75,75,75,75,75,75,75,75,75,75,75,75],"card_choices":[{"not_picked":["Go for the Eyes","Redo"],"picked":"Ball Lightning","floor":1.0},{"not_picked":["Beam Cell","Chaos","Conserve Battery"],"picked":"SKIP","floor":2.0},{"not_picked":["Beam Cell","Turbo"],"picked":"Tempest","floor":3.0},{"not_picked":["Compile Driver","Beam Cell"],"picked":"Capacitor","floor":5.0},{"not_picked":["Capacitor","FTL"],"picked":"Multi-Cast","floor":7.0},{"not_picked":["Steam Power","Rebound","Stack"],"picked":"SKIP","floor":10.0},{"not_picked":["Leap","Stack"],"picked":"Genetic Algorithm","floor":12.0},{"not_picked":["Rebound","Reprogram"],"picked":"Genetic Algorithm","floor":13.0},{"not_picked":["Barrage","Hologram"],"picked":"Gash","floor":14.0}],"player_experience":1650939,"relics_obtained":[{"floor":7.0,"key":"Lantern"},{"floor":9.0,"key":"Tiny Chest"},{"floor":10.0,"key":"Bottled Tornado"},{"floor":13.0,"key":"Dodecahedron"}],"event_choices":[{"damage_healed":0.0,"max_hp_gain":0.0,"max_hp_loss":0.0,"gold_gain":0.0,"cards_transformed":["Strike_B"],"event_name":"Transmorgrifier","player_choice":"Transformed","floor":4.0,"gold_loss":0.0,"damage_taken":0.0,"cards_obtained":["Loop"]}],"is_beta":false,"boss_relics":[],"items_purged_floors":[8],"is_endless":false,"potions_floor_spawned":[2,7,12],"killed_by":"Hexaghost","ascension_level":1}