{"gold_per_floor":[110,110,124,138,38,38,58,70,116,41,53,53,66,66,66,162,162,175,175,25,38,38,38,38,38,38,54,154,172,182,209,209,308,308,328,346,364,380,280,297,312,312,312,329,11,11,26,43,43,43,43,43,43,75,75],"floor_reached":55,"playtime":11890,"items_purged":["Strike_G","Strike_G","Injury"],"score":662,"play_id":"4417b7c2-478e-4e44-8dca-3bb0af404c5d","local_time":"20190726005054","is_ascension_mode":false,"campfire_choices":[{"data":"Infinite Blades","floor":6.0,"key":"SMITH"},{"data":"Noxious Fumes","floor":12.0,"key":"SMITH"},{"floor":15.0,"key":"REST"},{"data":"Catalyst","floor":23.0,"key":"SMITH"},{"floor":25.0,"key":"REST"},{"floor":32.0,"key":"REST"},{"floor":42.0,"key":"REST"},{"data":"Bullet Time","floor":46.0,"key":"SMITH"},{"floor":49.0,"key":"RECALL"},{"data":"Envenom","floor":52.0,"key":"SMITH"}],"neow_cost":"NONE","seed_source_timestamp":0,"circlet_count":0,"master_deck":["Defend_G","Defend_G","Defend_G","Defend_G","Defend_G","Strike_G","Survivor","Neutralize+1","Crippling Poison","Terror","Infinite Blades+1","Acrobatics","Backflip","Noxious Fumes+1","Envenom+1","Infinite Blades","Corpse Explosion","Catalyst+1","Blur+1","Backflip","Sucker Punch","Bane","Bullet Time+1","Caltrops+1","Accuracy","Outmaneuver+1","Backflip+1","Accuracy+1","Deflect+1"],"special_seed":0,"relics":["Ring of the Snake","Oddly Smooth Stone","HoveringKite","Blood Vial","Nilry\u0027s Codex","Darkstone Periapt","Cursed Key","Pantograph","Lee\u0027s Waffle","Boot"],"potions_floor_usage":[55],"damage_taken":[{"damage":0.0,"enemies":"Small Slimes","floor":1.0,"turns":3.0},{"damage":0.0,"enemies":"Cultist","floor":3.0,"turns":5.0},{"damage":0.0,"enemies":"2 Louse","floor":4.0,"turns":3.0},{"damage":3.0,"enemies":"Exordium Wildlife","floor":7.0,"turns":8.0},{"damage":6.0,"enemies":"2 Fungi Beasts","floor":8.0,"turns":4.0},{"damage":4.0,"enemies":"Large Slime","floor":11.0,"turns":7.0},{"damage":10.0,"enemies":"Lots of Slimes","floor":13.0,"turns":5.0},{"damage":18.0,"enemies":"Hexaghost","floor":16.0,"turns":8.0},{"damage":2.0,"enemies":"Chosen","floor":18.0,"turns":4.0},{"damage":15.0,"enemies":"Spheric Guardian","floor":21.0,"turns":6.0},{"damage":5.0,"enemies":"Centurion and Healer","floor":27.0,"turns":8.0},{"damage":0.0,"enemies":"Snecko","floor":29.0,"turns":5.0},{"damage":12.0,"enemies":"Snake Plant","floor":30.0,"turns":7.0},{"damage":42.0,"enemies":"Slavers","floor":31.0,"turns":8.0},{"damage":13.0,"enemies":"Champ","floor":33.0,"turns":10.0},{"damage":1.0,"enemies":"3 Darklings","floor":35.0,"turns":3.0},{"damage":7.0,"enemies":"Orb Walker","floor":36.0,"turns":5.0},{"damage":5.0,"enemies":"Jaw Worm Horde","floor":37.0,"turns":4.0},{"damage":13.0,"enemies":"3 Darklings","floor":38.0,"turns":4.0},{"damage":41.0,"enemies":"Transient","floor":40.0,"turns":5.0},{"damage":0.0,"enemies":"Jaw Worm Horde","floor":41.0,"turns":4.0},{"damage":5.0,"enemies":"4 Shapes","floor":44.0,"turns":4.0},{"damage":15.0,"enemies":"Spire Growth","floor":47.0,"turns":5.0},{"damage":14.0,"enemies":"Sphere and 2 Shapes","floor":48.0,"turns":6.0},{"damage":51.0,"enemies":"Awakened One","floor":50.0,"turns":16.0},{"damage":82.0,"enemies":"Shield and Spear","floor":54.0,"turns":7.0},{"damage":67,"enemies":"The Heart","floor":55,"turns":3}],"seed_played":"416536909090769296","potions_obtained":[{"floor":8.0,"key":"Energy Potion"},{"floor":13.0,"key":"GhostInAJar"},{"floor":16.0,"key":"Energy Potion"},{"floor":18.0,"key":"Block Potion"},{"floor":29.0,"key":"FearPotion"},{"floor":31.0,"key":"SpeedPotion"},{"floor":40.0,"key":"Block Potion"},{"floor":41.0,"key":"Explosive Potion"},{"floor":47.0,"key":"Dexterity Potion"},{"floor":48.0,"key":"Block Potion"}],"is_trial":false,"path_per_floor":["M","?","M","M","$","R","M","M","T","$","M","R","M","$","R","B",null,"M","?","$","M","?","R","?","R","T","M","?","M","M","E","R","B",null,"M","M","M","M","$","M","M","R","T","M","$","R","M","M","R","B",null,"R","$","E","B"],"character_chosen":"THE_SILENT","items_purchased":["Acrobatics","Envenom","Blood Vial","Lee\u0027s Waffle"],"campfire_rested":4,"item_purchase_floors":[5,10,20,45],"current_hp_per_floor":[70,70,70,70,70,70,67,61,61,61,57,57,47,47,68,50,70,68,68,68,55,55,55,39,60,60,57,57,59,49,9,30,19,70,69,63,60,49,49,10,12,33,39,36,83,83,68,56,56,32,83,83,83,1,0],"gold":75,"neow_bonus":"UPGRADE_CARD","is_prod":false,"is_daily":false,"chose_seed":false,"campfire_upgraded":5,"win_rate":0,"timestamp":1564095054,"path_taken":["M","?","M","M","$","R","M","M","T","$","M","R","?","?","R","BOSS","M","?","$","M","?","R","?","R","T","M","?","?","M","E","R","BOSS","M","M","M","M","$","M","M","R","T","M","$","R","M","M","R","BOSS","R","$","E","BOSS"],"build_version":"2019-01-23","purchased_purges":3,"victory":false,"max_hp_per_floor":[70,70,70,70,70,70,70,70,70,70,70,70,70,70,70,70,70,70,70,70,70,70,70,70,70,70,70,70,70,70,70,70,70,70,70,70,70,70,70,70,70,70,76,76,83,83,83,83,83,83,83,83,83,83,83],"card_choices":[{"not_picked":["Slice","Deflect"],"picked":"Crippling Poison","floor":1.0},{"not_picked":["Riddle With Holes","Dagger Throw"],"picked":"Terror","floor":3.0},{"not_picked":["Acrobatics","Backflip"],"picked":"Infinite Blades","floor":4.0},{"not_picked":["Masterful Stab","Flechettes"],"picked":"Backflip","floor":7.0},{"not_picked":["Dagger Spray","Crippling Poison"],"picked":"Noxious Fumes","floor":8.0},{"not_picked":["Blade Dance","Prepared","Dodge and Roll"],"picked":"SKIP","floor":11.0},{"not_picked":["Calculated Gamble","Slice"],"picked":"Infinite Blades","floor":13.0},{"not_picked":["Glass Knife","Bullet Time"],"picked":"Corpse Explosion","floor":16.0},{"not_picked":["Flechettes","Dodge and Roll","Blade Dance"],"picked":"SKIP","floor":18.0},{"not_picked":["Flying Knee","Dash"],"picked":"Blur+1","floor":21.0},{"not_picked":["Distraction","Acrobatics"],"picked":"Bane","floor":27.0},{"not_picked":["Blur+1","Bane"],"picked":"Bullet Time","floor":29.0},{"not_picked":["Blur","Prepared+1"],"picked":"Caltrops+1","floor":30.0},{"not_picked":["Slice","Venomology"],"picked":"Accuracy","floor":31.0},{"not_picked":["Cloak And Dagger","Bane+1"],"picked":"Outmaneuver+1","floor":35.0},{"not_picked":["Cloak And Dagger","Outmaneuver+1"],"picked":"Backflip+1","floor":36.0},{"not_picked":["Endless Agony+1","Reflex+1"],"picked":"Accuracy+1","floor":37.0},{"not_picked":["Doppelganger","Cloak And Dagger","Acrobatics"],"picked":"SKIP","floor":38.0},{"not_picked":["Poisoned Stab+1","Skewer+1","Calculated Gamble+1"],"picked":"SKIP","floor":40.0},{"not_picked":["Slice","Deadly Poison","Infinite Blades+1"],"picked":"SKIP","floor":41.0},{"not_picked":["Predator","Dagger Throw","Caltrops+1"],"picked":"SKIP","floor":44.0},{"not_picked":["Slice+1","Prepared","Terror"],"picked":"SKIP","floor":47.0},{"not_picked":["Outmaneuver+1","Sucker Punch"],"picked":"Deflect+1","floor":48.0},{"not_picked":["Adrenaline","Terror+1","Acrobatics"],"picked":"SKIP","floor":54.0}],"player_experience":144571,"relics_obtained":[{"floor":9.0,"key":"Oddly Smooth Stone"},{"floor":24.0,"key":"Nilry\u0027s Codex"},{"floor":31.0,"key":"Darkstone Periapt"},{"floor":43.0,"key":"Pantograph"},{"floor":54.0,"key":"Boot"}],"event_choices":[{"damage_healed":0.0,"max_hp_gain":0.0,"max_hp_loss":0.0,"gold_gain":0.0,"event_name":"NoteForYourself","player_choice":"Ignored","floor":2.0,"gold_loss":0.0,"damage_taken":0.0},{"damage_healed":0.0,"max_hp_gain":0.0,"max_hp_loss":0.0,"gold_gain":0.0,"event_name":"The Library","player_choice":"Read","floor":19.0,"gold_loss":0.0,"damage_taken":0.0,"cards_obtained":["Catalyst"]},{"damage_healed":0.0,"max_hp_gain":0.0,"max_hp_loss":0.0,"gold_gain":0.0,"cards_transformed":["Strike_G","Strike_G"],"event_name":"Drug Dealer","player_choice":"Became Test Subject","floor":22.0,"gold_loss":0.0,"damage_taken":0.0,"cards_obtained":["Backflip","Sucker Punch"]},{"damage_healed":0.0,"max_hp_gain":0.0,"max_hp_loss":0.0,"gold_gain":0.0,"event_name":"Cursed Tome","player_choice":"Obtained Book","floor":24.0,"gold_loss":0.0,"damage_taken":16.0},{"damage_healed":0.0,"max_hp_gain":0.0,"max_hp_loss":0.0,"gold_gain":100.0,"event_name":"Golden Shrine","player_choice":"Pray","floor":28.0,"gold_loss":0.0,"damage_taken":0.0}],"is_beta":false,"boss_relics":[{"not_picked":["Tiny House","Coffee Dripper"],"picked":"HoveringKite"},{"not_picked":["White Beast Statue","Orrery"],"picked":"Cursed Key"}],"items_purged_floors":[5,39,45],"is_endless":false,"potions_floor_spawned":[8,13,16,18,29,31,40,41,47,48],"killed_by":"The Heart","ascension_level":0}