{"gold_per_floor":[109,34,51,67,67,81,81,100,100,128,128,78,153,185,185,283,283,300,48,60,70,83,83,83],"floor_reached":24,"playtime":2294,"items_purged":["Strike_B","Regret"],"score":233,"play_id":"3b9f5ee3-6f0c-4f7a-9bf1-e323756afcfd","local_time":"20190814042833","is_ascension_mode":false,"campfire_choices":[{"data":"FTL","floor":7,"key":"SMITH"},{"data":"Chill","floor":11,"key":"SMITH"},{"data":"Go for the Eyes","floor":15,"key":"SMITH"},{"data":"Fission","floor":23,"key":"SMITH"}],"neow_cost":"NONE","seed_source_timestamp":1091186586931200,"circlet_count":0,"master_deck":["Strike_B","Defend_B","Defend_B","Defend_B+1","Defend_B+1","Zap","Dualcast","Go for the Eyes+1","Gash","FTL+1","Self Repair","Chill+1","Barrage","Fission+1","Regret","Clumsy","Sunder","Hologram+1","Skim+1"],"relics":["Cracked Core","NeowsBlessing","Mummified Hand","War Paint","Ginger","Calling Bell","Anchor","Cables","Bird Faced Urn","Vajra"],"potions_floor_usage":[10,16],"damage_taken":[{"damage":0,"enemies":"Small Slimes","floor":1,"turns":1},{"damage":0,"enemies":"Jaw Worm","floor":3,"turns":1},{"damage":0,"enemies":"2 Louse","floor":4,"turns":1},{"damage":12,"enemies":"Large Slime","floor":6,"turns":5},{"damage":2,"enemies":"Looter","floor":8,"turns":3},{"damage":34,"enemies":"Gremlin Nob","floor":10,"turns":5},{"damage":0,"enemies":"Lagavulin","floor":14,"turns":7},{"damage":38,"enemies":"Slime Boss","floor":16,"turns":11},{"damage":41,"enemies":"Chosen","floor":18,"turns":7},{"damage":24,"enemies":"Spheric Guardian","floor":20,"turns":6},{"damage":12,"enemies":"Snake Plant","floor":21,"turns":5},{"damage":18,"enemies":"Shelled Parasite and Fungi","floor":22,"turns":10},{"damage":30,"enemies":"3 Cultists","floor":24,"turns":5}],"seed_played":"7507070719633067418","potions_obtained":[{"floor":1,"key":"Weak Potion"},{"floor":4,"key":"GamblersBrew"},{"floor":6,"key":"Regen Potion"},{"floor":20,"key":"SkillPotion"},{"floor":21,"key":"GamblersBrew"}],"is_trial":false,"path_per_floor":["M","$","M","M","?","M","R","M","T","E","R","?","?","E","R","B",null,"M","$","M","M","M","R","M"],"character_chosen":"DEFECT","items_purchased":["Vajra"],"campfire_rested":0,"item_purchase_floors":[19],"current_hp_per_floor":[75,75,75,75,75,63,63,61,61,34,34,34,23,30,30,14,75,41,41,26,23,14,14,0],"gold":83,"neow_bonus":"THREE_ENEMY_KILL","is_prod":false,"is_daily":false,"chose_seed":false,"campfire_upgraded":4,"win_rate":0.0,"timestamp":1565782113,"path_taken":["M","$","M","M","?","M","R","M","T","E","R","?","?","E","R","BOSS","M","$","M","M","M","R","M"],"build_version":"2019-07-17","purchased_purges":2,"victory":false,"max_hp_per_floor":[75,75,75,75,75,75,75,75,75,75,75,75,75,75,75,75,75,75,75,75,75,75,75,75],"card_choices":[{"not_picked":["Steam Power","Rebound","Ball Lightning"],"picked":"SKIP","floor":1},{"not_picked":["Steam","Doom and Gloom"],"picked":"Go for the Eyes","floor":3},{"not_picked":["Undo","Core Surge"],"picked":"Gash","floor":4},{"not_picked":["Sweeping Beam","Go for the Eyes"],"picked":"FTL","floor":6},{"not_picked":["Sweeping Beam","FTL"],"picked":"Self Repair","floor":8},{"not_picked":["Redo","Stack"],"picked":"Chill","floor":10},{"not_picked":["Consume","Leap"],"picked":"Barrage","floor":14},{"not_picked":["Meteor Strike","Machine Learning"],"picked":"Fission","floor":16},{"not_picked":["Steam","Auto Shields"],"picked":"Sunder","floor":18},{"not_picked":["Blizzard","Stack"],"picked":"Hologram+1","floor":20},{"not_picked":["Double Energy","Hologram"],"picked":"Skim+1","floor":21},{"not_picked":["Leap","Conserve Battery","Redo"],"picked":"SKIP","floor":22}],"player_experience":98304,"relics_obtained":[{"floor":9,"key":"Mummified Hand"},{"floor":10,"key":"War Paint"},{"floor":14,"key":"Ginger"},{"floor":17,"key":"Anchor"},{"floor":17,"key":"Cables"},{"floor":17,"key":"Bird Faced Urn"}],"event_choices":[{"cards_removed":["Strike_B"],"damage_healed":0,"gold_gain":0,"player_choice":"Forget","damage_taken":0,"max_hp_gain":0,"max_hp_loss":0,"event_name":"Living Wall","floor":5,"gold_loss":0},{"cards_removed":["Strike_B"],"damage_healed":0,"gold_gain":0,"player_choice":"Card Removal","damage_taken":0,"max_hp_gain":0,"max_hp_loss":0,"event_name":"The Cleric","floor":12,"gold_loss":50},{"damage_healed":0,"gold_gain":75,"player_choice":"Gather Gold","damage_taken":11,"max_hp_gain":0,"max_hp_loss":0,"event_name":"World of Goop","floor":13,"gold_loss":0}],"is_beta":false,"boss_relics":[{"not_picked":["Lizard Tail","Eternal Feather"],"picked":"Calling Bell"}],"items_purged_floors":[2,19],"is_endless":false,"potions_floor_spawned":[1,4,6,8,10,20,21],"killed_by":"3 Cultists","ascension_level":0}