{"gold_per_floor":[119,119,194,194,79,79,105,105,160,175,189,224,224,71,71,145,145,155,168,168,187,206,206,29,61,61,61],"floor_reached":27,"playtime":1339,"items_purged":["Strike_G","Strike_G"],"score":502,"play_id":"bae23a69-a59c-4b99-9539-c752360b130a","local_time":"20190810143328","is_ascension_mode":true,"campfire_choices":[{"data":"Skewer","floor":6.0,"key":"SMITH"},{"data":"Poisoned Stab","floor":8.0,"key":"SMITH"},{"floor":13.0,"key":"REST"},{"data":"Noxious Fumes","floor":15.0,"key":"SMITH"},{"floor":23,"key":"REST"}],"neow_cost":"NONE","seed_source_timestamp":2732503224294958,"circlet_count":0,"master_deck":["AscendersBane","Strike_G","Strike_G","Defend_G","Defend_G","Defend_G","Defend_G","Defend_G","Survivor","Neutralize","Well Laid Plans","Skewer+1","Poisoned Stab+1","Dagger Spray","Noxious Fumes+1","Leg Sweep","Cloak And Dagger","Wraith Form v2","Catalyst","Cloak And Dagger+1","Adrenaline","Finisher"],"special_seed":0,"relics":["Ring of the Serpent","NeowsBlessing","GremlinMask","Bronze Scales","Tiny Chest","Oddly Smooth Stone","Ninja Scroll","Frozen Egg 2"],"potions_floor_usage":[25,25],"damage_taken":[{"damage":0.0,"enemies":"Jaw Worm","floor":1.0,"turns":1.0},{"damage":0.0,"enemies":"Gremlin Nob","floor":7.0,"turns":1.0},{"damage":0.0,"enemies":"2 Louse","floor":10.0,"turns":1.0},{"damage":0.0,"enemies":"Cultist","floor":11.0,"turns":3.0},{"damage":36.0,"enemies":"Lagavulin","floor":12.0,"turns":6.0},{"damage":9,"enemies":"Slime Boss","floor":16,"turns":10},{"damage":5,"enemies":"3 Byrds","floor":18,"turns":3},{"damage":8,"enemies":"Spheric Guardian","floor":19,"turns":7},{"damage":28,"enemies":"Shelled Parasite and Fungi","floor":21,"turns":8},{"damage":1,"enemies":"Cultist and Chosen","floor":22,"turns":7},{"damage":26,"enemies":"Slavers","floor":25,"turns":6},{"damage":4,"enemies":"Sentry and Sphere","floor":27,"turns":4}],"seed_played":"-5194216253560083158","potions_obtained":[{"floor":11.0,"key":"LiquidBronze"},{"floor":16,"key":"GamblersBrew"},{"floor":18,"key":"Dexterity Potion"},{"floor":22,"key":"Fire Potion"}],"is_trial":false,"path_per_floor":["M","?","?","?","$","R","E","R","T","M","M","E","R","$","R","B",null,"M","M","?","M","M","R","$","E","T","M"],"character_chosen":"THE_SILENT","items_purchased":["Skewer","Cloak And Dagger","Adrenaline"],"campfire_rested":2,"item_purchase_floors":[5,14,24],"current_hp_per_floor":[59,52,41,41,41,41,41,41,41,41,41,5,24,24,24,15,53,48,40,40,12,11,30,30,4,4,0],"gold":61,"neow_bonus":"THREE_ENEMY_KILL","is_prod":false,"is_daily":false,"chose_seed":false,"campfire_upgraded":3,"win_rate":0,"timestamp":1565465608,"path_taken":["M","?","?","?","$","R","E","R","T","M","?","E","R","$","R","BOSS","M","M","?","M","M","R","$","E","T","M"],"build_version":"2019-07-17","purchased_purges":2,"victory":false,"max_hp_per_floor":[66,66,66,66,66,66,66,66,66,66,66,66,66,66,66,66,66,66,66,66,66,66,66,66,66,66,66],"card_choices":[{"not_picked":["Acrobatics","Choke"],"picked":"Well Laid Plans","floor":1.0},{"not_picked":["Sucker Punch","Heel Hook"],"picked":"Poisoned Stab","floor":7.0},{"not_picked":["Blade Dance","Blur"],"picked":"Dagger Spray","floor":10.0},{"not_picked":["Dagger Throw","Masterful Stab"],"picked":"Noxious Fumes","floor":11.0},{"not_picked":["Distraction","Outmaneuver"],"picked":"Leg Sweep","floor":12.0},{"not_picked":["Malaise","Glass Knife"],"picked":"Wraith Form v2","floor":16},{"not_picked":["Underhanded Strike","Prepared","Slice"],"picked":"SKIP","floor":18},{"not_picked":["Sucker Punch","Underhanded Strike","Reflex"],"picked":"SKIP","floor":19},{"not_picked":["Dodge and Roll","Prepared"],"picked":"Cloak And Dagger+1","floor":21},{"not_picked":["Expertise","Acrobatics","Envenom"],"picked":"SKIP","floor":22},{"not_picked":["Underhanded Strike","Bane"],"picked":"Finisher","floor":25}],"player_experience":422893,"relics_obtained":[{"floor":7.0,"key":"Bronze Scales"},{"floor":9.0,"key":"Tiny Chest"},{"floor":12.0,"key":"Oddly Smooth Stone"},{"floor":25,"key":"Ninja Scroll"},{"floor":26,"key":"Frozen Egg 2"}],"event_choices":[{"cards_removed":["Strike_G"],"damage_healed":0.0,"max_hp_gain":0.0,"max_hp_loss":0.0,"gold_gain":0.0,"event_name":"Golden Wing","player_choice":"Card Removal","floor":2.0,"gold_loss":0.0,"damage_taken":7.0},{"damage_healed":0.0,"max_hp_gain":0.0,"max_hp_loss":0.0,"gold_gain":75.0,"event_name":"World of Goop","player_choice":"Gather Gold","floor":3.0,"gold_loss":0.0,"damage_taken":11.0},{"damage_healed":0.0,"max_hp_gain":0.0,"max_hp_loss":0.0,"gold_gain":0.0,"event_name":"FaceTrader","player_choice":"Trade","floor":4.0,"gold_loss":0.0,"damage_taken":0.0,"relics_obtained":["GremlinMask"]},{"damage_healed":0,"gold_gain":0,"player_choice":"Read","damage_taken":0,"max_hp_gain":0,"max_hp_loss":0,"event_name":"The Library","floor":20,"gold_loss":0,"cards_obtained":["Catalyst"]}],"is_beta":false,"boss_relics":[{"not_picked":["Ectoplasm","White Beast Statue"],"picked":"Ring of the Serpent"}],"items_purged_floors":[5,14],"is_endless":false,"potions_floor_spawned":[11,16,18,22],"killed_by":"Sentry and Sphere","ascension_level":18}