{"gold_per_floor":[109,122,71,89,89,119,119,137,190,207,207,221,64,90,90,90],"floor_reached":16,"playtime":1191,"items_purged":["Pain"],"score":112,"play_id":"72b56e01-ee52-478a-a962-b74feab27b56","local_time":"20181214134743","is_ascension_mode":false,"campfire_choices":[{"floor":7,"key":"REST"},{"floor":15,"key":"REST"}],"neow_cost":"TEN_PERCENT_HP_LOSS","seed_source_timestamp":1794013071130800,"circlet_count":0,"master_deck":["Strike_R","Strike_R","Strike_R","Strike_R","Strike_R","Defend_R","Defend_R+1","Defend_R","Defend_R+1","Bash","Demon Form","Iron Wave","Warcry","Havoc","Havoc","Pommel Strike","Heavy Blade","Shockwave","Double Tap","Twin Strike"],"relics":["Burning Blood","Letter Opener","PreservedInsect","WarpedTongs","Centennial Puzzle"],"potions_floor_usage":[6,6,14],"damage_taken":[{"damage":10,"enemies":"Cultist","floor":1,"turns":4},{"damage":6,"enemies":"Jaw Worm","floor":2,"turns":5},{"damage":1,"enemies":"2 Louse","floor":4,"turns":3},{"damage":41,"enemies":"Lagavulin","floor":6,"turns":8},{"damage":8,"enemies":"Lots of Slimes","floor":8,"turns":4},{"damage":22,"enemies":"Large Slime","floor":10,"turns":10},{"damage":8,"enemies":"2 Fungi Beasts","floor":12,"turns":3},{"damage":23,"enemies":"3 Sentries","floor":14,"turns":8},{"damage":32,"enemies":"The Guardian","floor":16,"turns":6}],"seed_played":"8275091816623428766","potions_obtained":[{"floor":2,"key":"FearPotion"},{"floor":4,"key":"Weak Potion"},{"floor":10,"key":"SpeedPotion"}],"is_trial":false,"path_per_floor":["M","M","$","M","?","E","R","M","T","M","?","M","$","E","R","B"],"character_chosen":"IRONCLAD","items_purchased":["Havoc","Double Tap"],"campfire_rested":2,"item_purchase_floors":[3,13],"current_hp_per_floor":[68,68,68,72,58,23,44,42,42,26,26,24,24,7,28,0],"gold":90,"neow_bonus":"THREE_RARE_CARDS","is_prod":false,"is_daily":false,"chose_seed":false,"campfire_upgraded":0,"win_rate":0,"timestamp":1544773663,"path_taken":["M","M","$","?","?","E","R","M","T","M","?","?","$","E","R","BOSS"],"build_version":"2018-12-13","purchased_purges":1,"victory":false,"max_hp_per_floor":[72,72,72,72,72,72,72,72,72,72,72,72,72,72,72,72],"card_choices":[{"not_picked":["Double Tap","Offering"],"picked":"Demon Form","floor":0},{"not_picked":["Havoc","Feel No Pain"],"picked":"Iron Wave","floor":1},{"not_picked":["Pommel Strike","Corruption"],"picked":"Warcry","floor":2},{"not_picked":["Flex","Clash"],"picked":"Havoc","floor":4},{"not_picked":["Clash","Body Slam","True Grit"],"picked":"SKIP","floor":6},{"not_picked":["Perfected Strike","Pummel"],"picked":"Pommel Strike","floor":8},{"not_picked":["Havoc","Perfected Strike"],"picked":"Heavy Blade","floor":10},{"not_picked":["Headbutt","Clothesline"],"picked":"Shockwave","floor":12},{"not_picked":["Combust","Corruption"],"picked":"Twin Strike","floor":14}],"player_experience":243497,"relics_obtained":[{"floor":6,"key":"Letter Opener"},{"floor":9,"key":"PreservedInsect"},{"floor":14,"key":"Centennial Puzzle"}],"event_choices":[{"damage_healed":0,"gold_gain":0,"player_choice":"Entered Light","damage_taken":14,"max_hp_gain":0,"max_hp_loss":0,"event_name":"Shining Light","floor":5,"gold_loss":0,"cards_upgraded":["Defend_R","Defend_R"]},{"damage_healed":0,"gold_gain":0,"player_choice":"Rummage","damage_taken":0,"relics_obtained":["WarpedTongs"],"max_hp_gain":0,"max_hp_loss":0,"event_name":"Accursed Blacksmith","floor":11,"gold_loss":0,"cards_obtained":["Pain"]}],"is_beta":false,"boss_relics":[],"items_purged_floors":[13],"is_endless":false,"potions_floor_spawned":[2,4,10],"killed_by":"The Guardian","ascension_level":0}