{"gold_per_floor":[15,15,15,35,48,48,75,87,87,87,102,131,131,150,150,150],"floor_reached":16,"playtime":1432,"items_purged":[],"score":224,"play_id":"67e67d5b-6060-44d8-8805-bcbce817fad4","local_time":"20190626141648","is_ascension_mode":true,"campfire_choices":[{"data":"Cleave","floor":6,"key":"SMITH"},{"data":"Armaments","floor":10,"key":"SMITH"},{"data":"Battle Trance","floor":13,"key":"SMITH"},{"data":"True Grit","floor":15,"key":"SMITH"}],"neow_cost":"NO_GOLD","seed_source_timestamp":190212280368500,"circlet_count":0,"master_deck":["AscendersBane","Strike_R","Strike_R","Strike_R","Strike_R","Defend_R","Defend_R","Defend_R+1","Defend_R+1","Bash","Cleave+1","Flex","True Grit+1","Anger","Battle Trance+1","Armaments+1","Pommel Strike","Dual Wield","Body Slam"],"relics":["Burning Blood","Lantern","War Paint","Mummified Hand"],"potions_floor_usage":[7,7,16,16],"damage_taken":[{"damage":2,"enemies":"2 Louse","floor":1,"turns":4},{"damage":7,"enemies":"Small Slimes","floor":4,"turns":3},{"damage":1,"enemies":"Cultist","floor":5,"turns":3},{"damage":48,"enemies":"3 Sentries","floor":7,"turns":8},{"damage":9,"enemies":"2 Fungi Beasts","floor":8,"turns":3},{"damage":0,"enemies":"3 Louse","floor":11,"turns":3},{"damage":32,"enemies":"Gremlin Nob","floor":12,"turns":4},{"damage":3,"enemies":"Looter","floor":14,"turns":3},{"damage":49,"enemies":"The Guardian","floor":16,"turns":12}],"seed_played":"1826441533496746039","potions_obtained":[{"floor":4,"key":"FearPotion"},{"floor":5,"key":"LiquidBronze"},{"floor":8,"key":"SpeedPotion"},{"floor":12,"key":"Weak Potion"}],"is_trial":false,"path_per_floor":["M","?","?","M","M","R","E","M","T","R","M","E","R","M","R","B"],"character_chosen":"IRONCLAD","items_purchased":[],"campfire_rested":0,"item_purchase_floors":[],"current_hp_per_floor":[86,86,86,85,89,89,47,44,44,44,50,24,24,27,27,0],"gold":150,"neow_bonus":"TWENTY_PERCENT_HP_BONUS","is_prod":false,"is_daily":false,"chose_seed":false,"campfire_upgraded":4,"win_rate":0,"timestamp":1561573008,"path_taken":["M","?","?","M","M","R","E","?","T","R","M","E","R","M","R","BOSS"],"build_version":"2019-01-23","purchased_purges":0,"victory":false,"max_hp_per_floor":[89,89,89,89,89,89,89,89,89,89,89,89,89,89,89,89],"card_choices":[{"not_picked":["Sword Boomerang","Entrench"],"picked":"Cleave","floor":1},{"not_picked":["Warcry","Seeing Red"],"picked":"True Grit","floor":4},{"not_picked":["Clash","Dual Wield"],"picked":"Anger","floor":5},{"not_picked":["Burning Pact","Rampage"],"picked":"Battle Trance","floor":7},{"not_picked":["Iron Wave","Cleave"],"picked":"Armaments","floor":8},{"not_picked":["Havoc","Double Tap"],"picked":"Pommel Strike","floor":11},{"not_picked":["Clothesline","Twin Strike"],"picked":"Dual Wield","floor":12},{"not_picked":["Flex","Blood for Blood"],"picked":"Body Slam","floor":14}],"player_experience":2166304,"relics_obtained":[{"floor":7,"key":"Lantern"},{"floor":9,"key":"War Paint"},{"floor":12,"key":"Mummified Hand"}],"event_choices":[{"damage_healed":0,"gold_gain":0,"cards_transformed":["Strike_R"],"player_choice":"Change","damage_taken":0,"max_hp_gain":0,"max_hp_loss":0,"event_name":"Living Wall","floor":2,"gold_loss":0,"cards_obtained":["Fire Breathing"]},{"damage_healed":0,"gold_gain":0,"cards_transformed":["Fire Breathing"],"player_choice":"Transformed","damage_taken":0,"max_hp_gain":0,"max_hp_loss":0,"event_name":"Transmorgrifier","floor":3,"gold_loss":0,"cards_obtained":["Flex"]}],"is_beta":false,"boss_relics":[],"items_purged_floors":[],"is_endless":false,"potions_floor_spawned":[4,5,8,12],"killed_by":"The Guardian","ascension_level":20}