{"gold_per_floor":[114,114,127,139,155,155,180,192,492,492,510,13,27,40,40,116,116,133,133,150,150,150,150,181,231,313,328,328,346,372,390,390,390],"floor_reached":33,"playtime":1890,"items_purged":["Strike_G"],"score":567,"play_id":"2f40953e-ceca-4f08-b53f-e466ee5328af","local_time":"20190819172713","is_ascension_mode":true,"campfire_choices":[{"data":"Poisoned Stab","floor":6.0,"key":"SMITH"},{"floor":10,"key":"REST"},{"data":"Caltrops","floor":15,"key":"SMITH"},{"data":"Corpse Explosion","floor":23,"key":"SMITH"},{"data":"Riddle With Holes","floor":28,"key":"SMITH"},{"data":"Burst","floor":32,"key":"SMITH"}],"neow_cost":"NONE","seed_source_timestamp":495716979744438,"circlet_count":0,"master_deck":["AscendersBane","Strike_G","Strike_G","Strike_G","Defend_G","Defend_G","Defend_G","Defend_G","Defend_G","Survivor","Neutralize","Burst+1","Quick Slash","PiercingWail","Poisoned Stab+1","Dash","Blur","Backstab","Caltrops+1","Well Laid Plans","Predator","PiercingWail","Corpse Explosion+1","Riddle With Holes+1","Predator+1","Backflip"],"special_seed":0,"relics":["Ring of the Snake","Meat on the Bone","Old Coin","Thread and Needle","Snecko Eye","Enchiridion","Ornamental Fan","Molten Egg 2","Girya"],"potions_floor_usage":[7,30,33],"damage_taken":[{"damage":25.0,"enemies":"Jaw Worm","floor":1.0,"turns":7.0},{"damage":0.0,"enemies":"Cultist","floor":3.0,"turns":4.0},{"damage":0.0,"enemies":"2 Louse","floor":4.0,"turns":2.0},{"damage":1.0,"enemies":"Blue Slaver","floor":5.0,"turns":5.0},{"damage":31,"enemies":"3 Sentries","floor":7,"turns":12},{"damage":1,"enemies":"2 Fungi Beasts","floor":8,"turns":3},{"damage":0,"enemies":"3 Louse","floor":11,"turns":4},{"damage":0,"enemies":"Blue Slaver","floor":13,"turns":4},{"damage":0,"enemies":"Large Slime","floor":14,"turns":6},{"damage":8,"enemies":"The Guardian","floor":16,"turns":12},{"damage":5,"enemies":"Shell Parasite","floor":18,"turns":5},{"damage":16,"enemies":"Chosen","floor":20,"turns":5},{"damage":9,"enemies":"Book of Stabbing","floor":24,"turns":4},{"damage":7,"enemies":"Snake Plant","floor":27,"turns":5},{"damage":0,"enemies":"3 Cultists","floor":29,"turns":2},{"damage":21,"enemies":"Slavers","floor":30,"turns":4},{"damage":14,"enemies":"Shelled Parasite and Fungi","floor":31,"turns":6},{"damage":47,"enemies":"Automaton","floor":33,"turns":6}],"seed_played":"8635882071647292419","potions_obtained":[{"floor":1.0,"key":"EssenceOfSteel"},{"floor":5.0,"key":"LiquidBronze"},{"floor":7,"key":"Block Potion"},{"floor":8,"key":"Regen Potion"},{"floor":13,"key":"Fire Potion"},{"floor":30,"key":"Regen Potion"}],"is_trial":false,"path_per_floor":["M","?","M","M","M","R","E","M","T","R","M","$","M","M","R","B",null,"M","?","M","?","?","R","E","?","T","M","R","M","E","M","R","B"],"character_chosen":"THE_SILENT","items_purchased":["Well Laid Plans","Thread and Needle"],"campfire_rested":1,"item_purchase_floors":[12,12],"current_hp_per_floor":[34,34,34,34,33,33,2,13,13,32,44,44,44,44,44,36,59,54,54,38,17,30,30,33,33,33,38,38,38,41,39,39,0],"gold":390,"neow_bonus":"ONE_RANDOM_RARE_CARD","is_prod":false,"is_daily":false,"chose_seed":false,"campfire_upgraded":5,"win_rate":0,"timestamp":1566253633,"path_taken":["M","?","M","M","M","R","E","M","T","R","?","$","?","?","R","BOSS","M","?","M","?","?","R","E","?","T","M","R","M","E","M","R","BOSS"],"build_version":"2019-07-17","purchased_purges":1,"victory":false,"max_hp_per_floor":[66,66,66,66,66,66,66,66,66,66,66,66,66,66,66,66,66,66,66,66,66,66,66,66,66,66,66,66,66,66,66,66,66],"card_choices":[{"not_picked":["Flying Knee","Heel Hook"],"picked":"Quick Slash","floor":1.0},{"not_picked":["Bane","Slice"],"picked":"PiercingWail","floor":3.0},{"not_picked":["Deflect","Blade Dance"],"picked":"Poisoned Stab","floor":4.0},{"not_picked":["Outmaneuver","Acrobatics"],"picked":"Dash","floor":5.0},{"not_picked":["Tools of the Trade","Bane"],"picked":"Blur","floor":7},{"not_picked":["Heel Hook","Prepared"],"picked":"Backstab","floor":8},{"not_picked":["Distraction","Finisher"],"picked":"Caltrops","floor":11},{"not_picked":["Prepared","Underhanded Strike"],"picked":"Predator","floor":13},{"not_picked":["Concentrate","Outmaneuver"],"picked":"PiercingWail","floor":14},{"not_picked":["Night Terror","Phantasmal Killer"],"picked":"Corpse Explosion","floor":16},{"not_picked":["Outmaneuver","Flying Knee"],"picked":"Riddle With Holes","floor":18},{"not_picked":["Acrobatics","Outmaneuver","Poisoned Stab+1"],"picked":"SKIP","floor":20},{"not_picked":["Deadly Poison","Sucker Punch","Dagger Throw+1"],"picked":"SKIP","floor":24},{"not_picked":["Dash+1","PiercingWail"],"picked":"Predator+1","floor":27},{"not_picked":["Sucker Punch+1","PiercingWail","Deadly Poison"],"picked":"SKIP","floor":29},{"not_picked":["Caltrops","Quick Slash+1","Underhanded Strike+1"],"picked":"SKIP","floor":30},{"not_picked":["Acrobatics","Flying Knee+1"],"picked":"Backflip","floor":31}],"player_experience":437923,"relics_obtained":[{"floor":7,"key":"Meat on the Bone"},{"floor":9,"key":"Old Coin"},{"floor":21,"key":"Enchiridion"},{"floor":24,"key":"Ornamental Fan"},{"floor":26,"key":"Molten Egg 2"},{"floor":30,"key":"Girya"}],"event_choices":[{"cards_removed":["Strike_G"],"damage_healed":0.0,"max_hp_gain":0.0,"max_hp_loss":0.0,"gold_gain":0.0,"event_name":"Purifier","player_choice":"Purged","floor":2.0,"gold_loss":0.0,"damage_taken":0.0},{"damage_healed":0,"gold_gain":0,"player_choice":"Ignored","damage_taken":0,"max_hp_gain":0,"max_hp_loss":0,"event_name":"Ghosts","floor":19,"gold_loss":0},{"damage_healed":0,"gold_gain":0,"player_choice":"Obtained Book","damage_taken":21,"max_hp_gain":0,"max_hp_loss":0,"event_name":"Cursed Tome","floor":21,"gold_loss":0},{"damage_healed":13,"gold_gain":0,"player_choice":"Heal","damage_taken":0,"max_hp_gain":0,"max_hp_loss":0,"event_name":"The Library","floor":22,"gold_loss":0},{"damage_healed":0,"gold_gain":50,"player_choice":"Stole From Cult","damage_taken":0,"max_hp_gain":0,"max_hp_loss":0,"event_name":"Nest","floor":25,"gold_loss":0}],"is_beta":false,"boss_relics":[{"not_picked":["WristBlade","HoveringKite"],"picked":"Snecko Eye"}],"items_purged_floors":[12],"is_endless":false,"potions_floor_spawned":[1,5,7,8,13,24,30],"killed_by":"Automaton","ascension_level":19}