{"gold_per_floor":[112,112,158,6,26,26,38,66,66,66,82,82,82,111,111,206,206,224,139,195,205,222,257,269,269,315,315,331,331],"floor_reached":29,"playtime":9277,"items_purged":["Strike_G"],"score":332,"play_id":"1ed8b626-f4ea-4ceb-8985-ba0b62de16dc","local_time":"20190527212808","is_ascension_mode":true,"campfire_choices":[{"data":"Neutralize","floor":6,"key":"SMITH"},{"floor":13,"key":"REST"},{"data":"Caltrops","floor":15,"key":"SMITH"},{"floor":25,"key":"REST"},{"floor":27,"key":"RECALL"}],"neow_cost":"NONE","seed_source_timestamp":1111238874804688,"circlet_count":0,"master_deck":["Defend_G","Defend_G","Defend_G","Defend_G+1","Defend_G","Strike_G","Strike_G","Strike_G+1","Survivor","Neutralize+1","Deadly Poison","Caltrops+1","Leg Sweep","Deflect","PiercingWail","A Thousand Cuts","Poisoned Stab","Envenom","Backflip+1","Caltrops+1","Blade Dance+1","Escape Plan+1","Well Laid Plans","Noxious Fumes"],"relics":["Ring of the Snake","Pen Nib","Art of War","Question Card","Vajra","Fusion Hammer","Toxic Egg 2","Tiny Chest","Paper Crane"],"potions_floor_usage":[11,12,14,23,29],"damage_taken":[{"damage":2,"enemies":"2 Louse","floor":1,"turns":4},{"damage":12,"enemies":"Jaw Worm","floor":5,"turns":4},{"damage":0,"enemies":"Small Slimes","floor":7,"turns":5},{"damage":28,"enemies":"3 Sentries","floor":8,"turns":11},{"damage":0,"enemies":"Gremlin Gang","floor":11,"turns":9},{"damage":2,"enemies":"Large Slime","floor":12,"turns":4},{"damage":2,"enemies":"Lagavulin","floor":14,"turns":8},{"damage":6,"enemies":"Hexaghost","floor":16,"turns":9},{"damage":17,"enemies":"Spheric Guardian","floor":18,"turns":6},{"damage":0,"enemies":"3 Byrds","floor":21,"turns":2},{"damage":2,"enemies":"Shelled Parasite and Fungi","floor":22,"turns":5},{"damage":12,"enemies":"Book of Stabbing","floor":23,"turns":5},{"damage":10,"enemies":"Snecko","floor":24,"turns":5},{"damage":7,"enemies":"Centurion and Healer","floor":28,"turns":7},{"damage":36,"enemies":"Gremlin Leader","floor":29,"turns":5}],"seed_played":"4301282811875694556","potions_obtained":[{"floor":5,"key":"SmokeBomb"},{"floor":7,"key":"Poison Potion"},{"floor":8,"key":"Dexterity Potion"},{"floor":16,"key":"FearPotion"},{"floor":18,"key":"Strength Potion"},{"floor":23,"key":"EssenceOfSteel"},{"floor":24,"key":"Explosive Potion"}],"is_trial":false,"path_per_floor":["M","?","T","$","M","R","M","E","T","?","M","M","R","E","R","B",null,"M","?","T","M","M","E","M","R","T","R","M","E"],"character_chosen":"THE_SILENT","items_purchased":["Caltrops"],"campfire_rested":2,"item_purchase_floors":[4],"current_hp_per_floor":[61,47,47,47,35,35,35,7,7,7,7,5,26,24,24,18,57,40,40,40,40,38,26,16,37,37,37,30,0],"gold":331,"neow_bonus":"THREE_CARDS","is_prod":false,"is_daily":false,"chose_seed":false,"campfire_upgraded":2,"win_rate":0,"timestamp":1559006888,"path_taken":["M","?","?","$","M","R","M","E","T","?","?","M","R","E","R","BOSS","M","?","?","M","M","E","M","R","T","R","?","E"],"build_version":"2019-01-23","purchased_purges":1,"victory":false,"max_hp_per_floor":[70,70,70,70,70,70,70,70,70,70,70,70,70,70,70,70,70,70,70,70,70,70,70,70,70,70,70,70,70],"card_choices":[{"not_picked":["Blur","Flying Knee"],"picked":"Deadly Poison","floor":1},{"not_picked":["Deadly Poison","Quick Slash"],"picked":"Leg Sweep","floor":5},{"not_picked":["Sucker Punch","Eviscerate"],"picked":"Deflect","floor":7},{"not_picked":["Leg Sweep","Calculated Gamble"],"picked":"PiercingWail","floor":8},{"not_picked":["Bane","Sucker Punch","Quick Slash"],"picked":"A Thousand Cuts","floor":11},{"not_picked":["Dodge and Roll","Backflip","Grand Finale"],"picked":"Poisoned Stab","floor":14},{"not_picked":["Unload","Malaise","Adrenaline"],"picked":"Envenom","floor":16},{"not_picked":["Blur","Dagger Spray","Underhanded Strike"],"picked":"Backflip+1","floor":18},{"not_picked":["Dagger Spray","Blade Dance+1","Deadly Poison+1"],"picked":"Caltrops+1","floor":21},{"not_picked":["Flying Knee","Eviscerate","Choke"],"picked":"Blade Dance+1","floor":22},{"not_picked":["Sucker Punch","Distraction+1","Caltrops"],"picked":"Escape Plan+1","floor":23},{"not_picked":["Blade Dance+1","Poisoned Stab+1","Dagger Throw"],"picked":"Well Laid Plans","floor":24},{"not_picked":["Finisher+1","Dodge and Roll+1","Accuracy"],"picked":"Noxious Fumes","floor":28}],"player_experience":523428,"relics_obtained":[{"floor":3,"key":"Pen Nib"},{"floor":8,"key":"Art of War"},{"floor":9,"key":"Question Card"},{"floor":14,"key":"Vajra"},{"floor":20,"key":"Tiny Chest"},{"floor":23,"key":"Paper Crane"}],"event_choices":[{"damage_healed":0,"gold_gain":0,"player_choice":"Entered Light","damage_taken":14,"max_hp_gain":0,"max_hp_loss":0,"event_name":"Shining Light","floor":2,"gold_loss":0,"cards_upgraded":["Defend_G","Strike_G"]},{"cards_removed":["Strike_G"],"damage_healed":0,"gold_gain":0,"player_choice":"Purged","damage_taken":0,"max_hp_gain":0,"max_hp_loss":0,"event_name":"Purifier","floor":10,"gold_loss":0},{"damage_healed":0,"gold_gain":0,"player_choice":"Obtained Relic","damage_taken":0,"relics_obtained":["Toxic Egg 2"],"max_hp_gain":0,"max_hp_loss":0,"event_name":"Addict","floor":19,"gold_loss":85}],"is_beta":false,"boss_relics":[{"not_picked":["Philosopher\u0027s Stone","White Beast Statue"],"picked":"Fusion Hammer"}],"items_purged_floors":[4],"is_endless":false,"potions_floor_spawned":[5,7,8,16,18,23,24,28],"killed_by":"Gremlin Leader","ascension_level":6}