{"gold_per_floor":[118,138,154,154,28,28,60,60,85,14,34,13,13,31,31,127,127,142,19,19,32,32,32,42,55,55,69,69,69],"floor_reached":29,"playtime":2045,"items_purged":["Defend_B","Defend_B"],"score":227,"play_id":"f4521a2b-d9c1-4cbc-819e-887268206a47","local_time":"20190716165853","is_ascension_mode":false,"campfire_choices":[{"data":"Glacier","floor":6,"key":"SMITH"},{"floor":8,"key":"REST"},{"floor":13,"key":"REST"},{"floor":15,"key":"REST"},{"data":"Chill","floor":23,"key":"SMITH"}],"neow_cost":"NONE","seed_source_timestamp":670524624841638,"circlet_count":0,"master_deck":["Strike_B","Strike_B","Defend_B","Defend_B","Zap","Dualcast","Glacier+1","Turbo","Coolheaded","Chill+1","Capacitor","Steam","Seek","Coolheaded","FTL","Beam Cell","Coolheaded+1","White Noise+1"],"relics":["Cracked Core","Pen Nib","Happy Flower","Inserter","Toxic Egg 2"],"potions_floor_usage":[16],"damage_taken":[{"damage":5,"enemies":"Cultist","floor":1,"turns":4},{"damage":5,"enemies":"Jaw Worm","floor":2,"turns":5},{"damage":0,"enemies":"2 Louse","floor":3,"turns":3},{"damage":53,"enemies":"Gremlin Nob","floor":7,"turns":7},{"damage":1,"enemies":"Large Slime","floor":11,"turns":9},{"damage":1,"enemies":"Exordium Thugs","floor":12,"turns":5},{"damage":8,"enemies":"Blue Slaver","floor":14,"turns":5},{"damage":42,"enemies":"The Guardian","floor":16,"turns":22},{"damage":10,"enemies":"Chosen","floor":18,"turns":8},{"damage":5,"enemies":"Spheric Guardian","floor":21,"turns":10},{"damage":50,"enemies":"Cultist and Chosen","floor":24,"turns":14},{"damage":13,"enemies":"Snecko","floor":25,"turns":8},{"damage":4,"enemies":"Snake Plant","floor":27,"turns":10},{"damage":10,"enemies":"Cultist and Chosen","floor":29,"turns":10}],"seed_played":"2451720452734346307","potions_obtained":[{"floor":1,"key":"Strength Potion"},{"floor":12,"key":"FairyPotion"},{"floor":14,"key":"FocusPotion"},{"floor":21,"key":"SkillPotion"},{"floor":24,"key":"PowerPotion"}],"is_trial":false,"path_per_floor":["M","M","M","?","$","R","E","R","T","$","M","M","R","M","R","B",null,"M","$","?","M","?","R","M","M","T","M","?","M"],"character_chosen":"DEFECT","items_purchased":["Coolheaded","Chill","Coolheaded"],"campfire_rested":3,"item_purchase_floors":[5,10,19],"current_hp_per_floor":[77,72,72,65,65,65,12,36,36,36,35,34,58,50,74,32,82,72,72,72,67,67,67,17,4,4,8,8,0],"gold":69,"neow_bonus":"TEN_PERCENT_HP_BONUS","is_prod":false,"is_daily":false,"chose_seed":false,"campfire_upgraded":2,"win_rate":0.0,"timestamp":1563321533,"path_taken":["M","M","?","?","$","R","E","R","T","$","M","M","R","M","R","BOSS","M","$","?","M","?","R","M","M","T","M","?","?"],"build_version":"2019-07-05","purchased_purges":2,"victory":false,"max_hp_per_floor":[82,82,82,82,82,82,82,82,82,82,82,82,82,82,82,82,82,82,82,82,82,82,82,82,82,82,82,82,82],"card_choices":[{"not_picked":["Static Discharge","Redo"],"picked":"Glacier","floor":1},{"not_picked":["Cold Snap","Double Energy"],"picked":"Turbo","floor":2},{"not_picked":["Conserve Battery","Darkness","Hello World"],"picked":"SKIP","floor":3},{"not_picked":["Double Energy","Turbo","Thunder Strike"],"picked":"SKIP","floor":7},{"not_picked":["Turbo","Gash","Static Discharge"],"picked":"SKIP","floor":11},{"not_picked":["Loop","Leap"],"picked":"Capacitor","floor":12},{"not_picked":["Go for the Eyes","Hologram"],"picked":"Steam","floor":14},{"not_picked":["All For One","Rainbow"],"picked":"Seek","floor":16},{"not_picked":["Consume+1","Hologram","Sweeping Beam"],"picked":"SKIP","floor":18},{"not_picked":["Ball Lightning","Recycle+1","Steam"],"picked":"SKIP","floor":21},{"not_picked":["Stack","Gash"],"picked":"Beam Cell","floor":24},{"not_picked":["Loop+1","Stack"],"picked":"Coolheaded+1","floor":25},{"not_picked":["Gash","Undo+1"],"picked":"White Noise+1","floor":27}],"player_experience":132181,"relics_obtained":[{"floor":7,"key":"Pen Nib"},{"floor":9,"key":"Happy Flower"},{"floor":26,"key":"Toxic Egg 2"}],"event_choices":[{"cards_removed":["Strike_B"],"damage_healed":0,"gold_gain":0,"player_choice":"Card Removal","damage_taken":7,"max_hp_gain":0,"max_hp_loss":0,"event_name":"Golden Wing","floor":4,"gold_loss":0},{"cards_removed":["Strike_B"],"damage_healed":0,"gold_gain":0,"player_choice":"Elegance","damage_taken":0,"max_hp_gain":0,"max_hp_loss":0,"event_name":"Back to Basics","floor":20,"gold_loss":0},{"damage_healed":0,"gold_gain":0,"player_choice":"Read","damage_taken":0,"max_hp_gain":0,"max_hp_loss":0,"event_name":"The Library","floor":22,"gold_loss":0,"cards_obtained":["FTL"]},{"damage_healed":0,"gold_gain":0,"player_choice":"Ignored","damage_taken":0,"max_hp_gain":0,"max_hp_loss":0,"event_name":"N\u0027loth","floor":28,"gold_loss":0}],"is_beta":false,"boss_relics":[{"not_picked":["Astrolabe","Snecko Eye"],"picked":"Inserter"}],"items_purged_floors":[5,19],"is_endless":false,"potions_floor_spawned":[1,12,14,21,24,25],"killed_by":"Cultist and Chosen","ascension_level":0}