{"gold_per_floor":[111,91,108,108,118,118,136,170,218,232,246,246,66,66,66,139,139,150,168,168,168,187,187,206,206],"floor_reached":25,"playtime":1173,"items_purged":[],"score":369,"play_id":"d1f0f07b-0325-4fdd-be83-70995d3a9bf3","local_time":"20190709173744","is_ascension_mode":true,"campfire_choices":[{"data":"Deadly Poison","floor":6,"key":"SMITH"},{"floor":12,"key":"REST"},{"data":"Doppelganger","floor":15,"key":"SMITH"},{"data":"Burst","floor":23,"key":"SMITH"}],"neow_cost":"PERCENT_DAMAGE","seed_source_timestamp":1631223680465434,"circlet_count":0,"master_deck":["AscendersBane","Strike_G","Strike_G","Defend_G","Defend_G","Defend_G","Defend_G","Defend_G","Survivor","Neutralize","Adrenaline","Deadly Poison+1","PiercingWail","Quick Slash","Dagger Spray","Dash","Doppelganger+1","Deadly Poison","A Thousand Cuts","Burst+1","Tools of the Trade+1","Concentrate+1","Glass Knife+1","Deflect","RitualDagger","Backstab","Footwork"],"relics":["Ring of the Snake","Letter Opener","Bag of Preparation","Pear","Astrolabe"],"potions_floor_usage":[8,25],"damage_taken":[{"damage":0,"enemies":"Jaw Worm","floor":1,"turns":5},{"damage":1,"enemies":"Cultist","floor":3,"turns":5},{"damage":8,"enemies":"2 Louse","floor":5,"turns":3},{"damage":10,"enemies":"Exordium Thugs","floor":7,"turns":3},{"damage":11,"enemies":"Lagavulin","floor":8,"turns":5},{"damage":0,"enemies":"2 Fungi Beasts","floor":10,"turns":2},{"damage":0,"enemies":"Blue Slaver","floor":11,"turns":4},{"damage":36,"enemies":"The Guardian","floor":16,"turns":9},{"damage":0,"enemies":"Spheric Guardian","floor":18,"turns":3},{"damage":11,"enemies":"Shell Parasite","floor":19,"turns":4},{"damage":0,"enemies":"Cultist and Chosen","floor":22,"turns":4},{"damage":1,"enemies":"Centurion and Healer","floor":24,"turns":5},{"damage":48,"enemies":"Gremlin Leader","floor":25,"turns":4}],"seed_played":"-3782618798332408241","potions_obtained":[{"floor":2,"key":"Ancient Potion"},{"floor":4,"key":"LiquidBronze"},{"floor":4,"key":"Strength Potion"},{"floor":8,"key":"SmokeBomb"},{"floor":10,"key":"Dexterity Potion"},{"floor":19,"key":"Swift Potion"}],"is_trial":false,"path_per_floor":["M","?","M","?","M","R","M","E","T","M","M","R","$","T","R","B",null,"M","M","?","?","M","R","M","E"],"character_chosen":"THE_SILENT","items_purchased":["A Thousand Cuts"],"campfire_rested":1,"item_purchase_floors":[13],"current_hp_per_floor":[44,44,43,43,35,35,25,14,14,14,14,33,33,43,43,7,59,59,48,48,42,42,42,41,0],"gold":206,"neow_bonus":"THREE_RARE_CARDS","is_prod":false,"is_daily":false,"chose_seed":false,"campfire_upgraded":3,"win_rate":0,"timestamp":1562711864,"path_taken":["M","?","?","?","M","R","M","E","T","M","M","R","$","?","R","BOSS","M","M","?","?","M","R","M","E"],"build_version":"2019-07-05","purchased_purges":0,"victory":false,"max_hp_per_floor":[66,66,66,66,66,66,66,66,66,66,66,66,66,76,76,76,76,76,76,76,76,76,76,76,76],"card_choices":[{"not_picked":["Venomology","Phantasmal Killer"],"picked":"Adrenaline","floor":0},{"not_picked":["Sucker Punch","Slice"],"picked":"Deadly Poison","floor":1},{"not_picked":["Cloak And Dagger","Quick Slash"],"picked":"PiercingWail","floor":3},{"not_picked":["Underhanded Strike","Prepared"],"picked":"Quick Slash","floor":5},{"not_picked":["Dagger Throw","Reflex"],"picked":"Dagger Spray","floor":7},{"not_picked":["Eviscerate","PiercingWail"],"picked":"Dash","floor":8},{"not_picked":["Heel Hook","Dagger Spray"],"picked":"Doppelganger","floor":10},{"not_picked":["Slice","Flying Knee"],"picked":"Deadly Poison","floor":11},{"not_picked":["Bullet Time","Phantasmal Killer"],"picked":"Burst","floor":16},{"not_picked":["Dagger Throw","Eviscerate"],"picked":"Deflect","floor":18},{"not_picked":["Masterful Stab","Bane","Sucker Punch"],"picked":"SKIP","floor":19},{"not_picked":["Deflect","Acrobatics"],"picked":"Backstab","floor":22},{"not_picked":["Slice","Prepared"],"picked":"Footwork","floor":24}],"player_experience":358506,"relics_obtained":[{"floor":8,"key":"Letter Opener"},{"floor":9,"key":"Bag of Preparation"},{"floor":14,"key":"Pear"}],"event_choices":[{"damage_healed":0,"gold_gain":0,"player_choice":"Bought 1 Potion","damage_taken":0,"max_hp_gain":0,"max_hp_loss":0,"event_name":"The Woman in Blue","floor":2,"gold_loss":0},{"damage_healed":0,"gold_gain":0,"player_choice":"Got Potions","damage_taken":0,"max_hp_gain":0,"max_hp_loss":0,"event_name":"Lab","floor":4,"gold_loss":0},{"damage_healed":0,"gold_gain":0,"player_choice":"Ignored","damage_taken":0,"max_hp_gain":0,"max_hp_loss":0,"event_name":"Vampires","floor":20,"gold_loss":0},{"damage_healed":0,"gold_gain":0,"player_choice":"Joined the Cult","damage_taken":6,"max_hp_gain":0,"max_hp_loss":0,"event_name":"Nest","floor":21,"gold_loss":0,"cards_obtained":["RitualDagger"]}],"is_beta":false,"boss_relics":[{"not_picked":["Ectoplasm","Orrery"],"picked":"Astrolabe"}],"items_purged_floors":[],"is_endless":false,"potions_floor_spawned":[7,8,10,11,19,24],"killed_by":"Gremlin Leader","ascension_level":16}