{"gold_per_floor":[113,123,123,133,233,258,273,303,303,303],"floor_reached":10,"playtime":290,"items_purged":[],"score":78,"play_id":"804d3080-fd00-4126-ad78-bd786a51c8a3","local_time":"20181120234814","is_ascension_mode":false,"campfire_choices":[],"neow_cost":"NONE","seed_source_timestamp":600102945195975,"circlet_count":0,"master_deck":["Strike_R","Strike_R","Strike_R","Strike_R","Strike_R","Defend_R","Defend_R","Defend_R","Bash+1","Havoc","Havoc","Disarm","Seeing Red","Hemokinesis+1","Reaper"],"relics":["Burning Blood","NeowsBlessing","Gremlin Horn","Whetstone","Smiling Mask"],"potions_floor_usage":[7,8,8],"damage_taken":[{"damage":0,"enemies":"Small Slimes","floor":1,"turns":1},{"damage":0,"enemies":"2 Louse","floor":2,"turns":1},{"damage":0,"enemies":"Cultist","floor":4,"turns":1},{"damage":34,"enemies":"Gremlin Nob","floor":6,"turns":6},{"damage":0,"enemies":"2 Fungi Beasts","floor":7,"turns":4},{"damage":28,"enemies":"Lagavulin","floor":8,"turns":5},{"damage":46,"enemies":"3 Sentries","floor":10,"turns":8}],"seed_played":"1506445824988046594","potions_obtained":[{"floor":1,"key":"LiquidBronze"},{"floor":2,"key":"AttackPotion"},{"floor":7,"key":"Block Potion"}],"is_trial":false,"path_per_floor":["M","M","?","M","?","E","M","E","T","E"],"character_chosen":"IRONCLAD","items_purchased":[],"campfire_rested":0,"item_purchase_floors":[],"current_hp_per_floor":[80,80,73,79,79,51,57,35,35,0],"gold":303,"neow_bonus":"THREE_ENEMY_KILL","is_prod":false,"is_daily":false,"chose_seed":false,"campfire_upgraded":0,"win_rate":0,"timestamp":1542775694,"path_taken":["M","M","?","M","?","E","?","E","T","E"],"build_version":"2018-11-15","purchased_purges":0,"victory":false,"max_hp_per_floor":[80,80,80,80,80,80,80,80,80,80],"card_choices":[{"not_picked":["Intimidate","Entrench"],"picked":"Havoc","floor":1},{"not_picked":["Carnage","Anger"],"picked":"Havoc","floor":2},{"not_picked":["Pummel","Ghostly Armor"],"picked":"Disarm","floor":4},{"not_picked":["Searing Blow","Combust"],"picked":"Seeing Red","floor":6},{"not_picked":["Thunderclap","Clothesline"],"picked":"Hemokinesis","floor":7},{"not_picked":["Seeing Red","Pommel Strike"],"picked":"Reaper","floor":8}],"player_experience":140935,"relics_obtained":[{"floor":6,"key":"Gremlin Horn"},{"floor":8,"key":"Whetstone"},{"floor":9,"key":"Smiling Mask"}],"event_choices":[{"cards_removed":["Defend_R"],"damage_healed":0,"gold_gain":0,"player_choice":"Card Removal","damage_taken":7,"max_hp_gain":0,"max_hp_loss":0,"event_name":"Golden Wing","floor":3,"gold_loss":0},{"damage_healed":0,"gold_gain":100,"player_choice":"Gold","damage_taken":0,"max_hp_gain":0,"max_hp_loss":0,"event_name":"Wheel of Change","floor":5,"gold_loss":0}],"is_beta":false,"boss_relics":[],"items_purged_floors":[],"is_endless":false,"potions_floor_spawned":[1,2,7],"killed_by":"3 Sentries","ascension_level":0}