{"gold_per_floor":[118,132,144,194,208,208,50,50,73,98,373,389,389,419,419,497,497,517,2,21,36,36,36,56,89,112,112,138,138,148,168,168,244,244,255,273,273,292,305,321,321,355,379,409,409,409,43,76,76,76,76],"floor_reached":51,"playtime":5077,"items_purged":["Regret","Writhe"],"score":1574,"play_id":"e4dd3fb5-9843-4cfa-a9bf-c4427405d50c","local_time":"20190816225037","is_ascension_mode":true,"campfire_choices":[{"data":"Crippling Poison","floor":6.0,"key":"SMITH"},{"floor":8.0,"key":"REST"},{"data":"Bouncing Flask","floor":13.0,"key":"SMITH"},{"data":"1","floor":15.0,"key":"LIFT"},{"data":"A Thousand Cuts","floor":23.0,"key":"SMITH"},{"floor":27.0,"key":"REST"},{"floor":32.0,"key":"REST"},{"data":"Well Laid Plans","floor":41,"key":"SMITH"},{"floor":49,"key":"RECALL"}],"neow_cost":"NONE","seed_source_timestamp":112502019960000,"circlet_count":0,"master_deck":["AscendersBane","Survivor","Neutralize","Backstab","Bouncing Flask+1","Infinite Blades","Crippling Poison+1","Backstab","Caltrops","Dagger Throw","Adrenaline","Blur","Slice","Cloak And Dagger+1","Masterful Stab","Envenom","Terror+1","Outmaneuver","Bouncing Flask","Dash+1","A Thousand Cuts+1","Adrenaline","Dodge and Roll","Escape Plan","Bane","Crippling Poison","Well Laid Plans+1","PiercingWail","Cloak And Dagger+1","Backflip","Bullet Time","Backflip+1","PiercingWail","Catalyst","Blur+1","Noxious Fumes","Acrobatics+1"],"special_seed":0,"relics":["Ring of the Snake","NeowsBlessing","Orichalcum","Smiling Mask","Potion Belt","Girya","Pandora\u0027s Box","War Paint","Oddly Smooth Stone","Pen Nib","Snake Skull","Mummified Hand","Runic Dome","Singing Bowl","Mango","Paper Crane","Bag of Marbles"],"potions_floor_usage":[40,44,51],"damage_taken":[{"damage":0.0,"enemies":"Cultist","floor":1.0,"turns":1.0},{"damage":0.0,"enemies":"2 Louse","floor":2.0,"turns":1.0},{"damage":0.0,"enemies":"Small Slimes","floor":3.0,"turns":1.0},{"damage":19.0,"enemies":"Gremlin Gang","floor":5.0,"turns":6.0},{"damage":13.0,"enemies":"3 Sentries","floor":10.0,"turns":8.0},{"damage":13.0,"enemies":"Exordium Thugs","floor":12.0,"turns":5.0},{"damage":2.0,"enemies":"Gremlin Nob","floor":14.0,"turns":3.0},{"damage":24.0,"enemies":"Hexaghost","floor":16.0,"turns":9.0},{"damage":11.0,"enemies":"2 Thieves","floor":18.0,"turns":3.0},{"damage":2.0,"enemies":"Spheric Guardian","floor":20.0,"turns":3.0},{"damage":5.0,"enemies":"Snake Plant","floor":21.0,"turns":3.0},{"damage":0.0,"enemies":"Chosen and Byrds","floor":24.0,"turns":3.0},{"damage":21.0,"enemies":"Book of Stabbing","floor":25.0,"turns":4.0},{"damage":11.0,"enemies":"Slavers","floor":28.0,"turns":5.0},{"damage":2.0,"enemies":"Snecko","floor":30.0,"turns":4.0},{"damage":8.0,"enemies":"Centurion and Healer","floor":31.0,"turns":2.0},{"damage":20.0,"enemies":"Collector","floor":33.0,"turns":5.0},{"damage":5.0,"enemies":"3 Darklings","floor":35.0,"turns":3.0},{"damage":5.0,"enemies":"3 Shapes","floor":36.0,"turns":3.0},{"damage":5,"enemies":"Sphere and 2 Shapes","floor":38,"turns":4},{"damage":1,"enemies":"4 Shapes","floor":39,"turns":5},{"damage":3,"enemies":"Maw","floor":40,"turns":5},{"damage":9,"enemies":"Nemesis","floor":42,"turns":5},{"damage":3,"enemies":"Reptomancer","floor":44,"turns":4},{"damage":21,"enemies":"Nemesis","floor":48,"turns":5},{"damage":31,"enemies":"Donu and Deca","floor":50,"turns":8},{"damage":21,"enemies":"Time Eater","floor":51,"turns":1}],"seed_played":"-2267920992594981417","potions_obtained":[{"floor":1.0,"key":"FairyPotion"},{"floor":5.0,"key":"Regen Potion"},{"floor":12.0,"key":"Fire Potion"},{"floor":18.0,"key":"AttackPotion"},{"floor":21.0,"key":"LiquidBronze"},{"floor":25.0,"key":"Block Potion"},{"floor":30.0,"key":"Poison Potion"},{"floor":35.0,"key":"Regen Potion"},{"floor":40,"key":"SteroidPotion"},{"floor":42,"key":"AttackPotion"}],"is_trial":false,"path_per_floor":["M","M","M","?","M","R","$","R","T","E","?","M","R","E","R","B",null,"M","$","M","M","?","R","M","E","T","R","E","?","M","M","R","B",null,"M","M","?","M","M","M","R","E","T","E","?","?","$","E","R","B","B"],"character_chosen":"THE_SILENT","items_purchased":["Orichalcum","A Thousand Cuts","Adrenaline","War Paint","Dodge and Roll","Paper Crane","Noxious Fumes"],"campfire_rested":3,"item_purchase_floors":[7,19,19,19,19,47,47],"current_hp_per_floor":[59,59,59,53,34,34,34,53,53,55,55,42,42,40,40,16,54,43,43,41,36,36,36,36,15,15,34,23,23,21,13,32,12,53,48,43,43,38,37,49,49,42,42,53,53,69,69,48,48,17,0],"gold":76,"neow_bonus":"THREE_ENEMY_KILL","is_prod":false,"is_daily":false,"chose_seed":false,"campfire_upgraded":4,"win_rate":0,"timestamp":1565988637,"path_taken":["M","?","M","?","?","R","?","R","T","E","?","M","R","E","R","BOSS","M","?","?","M","?","R","M","E","T","R","E","?","?","M","R","BOSS","M","M","?","M","M","?","R","E","T","E","?","?","$","E","R","BOSS","BOSS"],"build_version":"2019-07-17","purchased_purges":2,"victory":false,"max_hp_per_floor":[66,66,66,66,66,66,66,66,66,66,66,66,66,66,66,66,66,66,66,66,66,66,66,66,66,66,66,66,66,66,66,66,66,66,66,66,66,66,66,66,66,68,68,82,82,82,82,82,82,82,82],"card_choices":[{"not_picked":["Flechettes","Expertise"],"picked":"Backstab","floor":1.0},{"not_picked":["Deadly Poison","Outmaneuver"],"picked":"Bouncing Flask","floor":2.0},{"not_picked":["Riddle With Holes","Tactician"],"picked":"Infinite Blades","floor":3.0},{"not_picked":["Accuracy","Flying Knee"],"picked":"Crippling Poison","floor":5.0},{"not_picked":["Cloak And Dagger","Endless Agony"],"picked":"Backstab","floor":10.0},{"not_picked":["Slice","Dagger Throw"],"picked":"Caltrops","floor":12.0},{"not_picked":["Calculated Gamble","Dash"],"picked":"Dagger Throw","floor":14.0},{"not_picked":["Envenom","Night Terror"],"picked":"Adrenaline","floor":16.0},{"not_picked":["Deflect","Quick Slash"],"picked":"Dash+1","floor":18.0},{"not_picked":["Heel Hook+1","Blur"],"picked":"Escape Plan","floor":20.0},{"not_picked":["Dash+1","Dagger Spray"],"picked":"Bane","floor":21.0},{"not_picked":["Underhanded Strike","Blade Dance"],"picked":"Crippling Poison","floor":24.0},{"not_picked":["Blur","Backflip"],"picked":"Well Laid Plans","floor":25.0},{"not_picked":["Glass Knife","Flechettes"],"picked":"PiercingWail","floor":28.0},{"not_picked":["Blade Dance","Dodge and Roll"],"picked":"Cloak And Dagger+1","floor":30.0},{"not_picked":["Prepared","Predator"],"picked":"Backflip","floor":31.0},{"not_picked":["Doppelganger","A Thousand Cuts"],"picked":"Bullet Time","floor":33.0},{"not_picked":["Dodge and Roll","Calculated Gamble+1"],"picked":"Backflip+1","floor":35.0},{"not_picked":["Blade Dance","Bouncing Flask","Prepared"],"picked":"SKIP","floor":36.0},{"not_picked":["Dodge and Roll","Slice"],"picked":"PiercingWail","floor":38},{"not_picked":["Terror+1","Reflex+1","Expertise"],"picked":"SKIP","floor":39},{"not_picked":["Underhanded Strike","Poisoned Stab"],"picked":"Catalyst","floor":40},{"not_picked":["Slice+1","Sucker Punch","Deflect+1"],"picked":"Singing Bowl","floor":42},{"not_picked":["Cloak And Dagger","Escape Plan"],"picked":"Blur+1","floor":44},{"not_picked":["Storm of Steel","Choke"],"picked":"Acrobatics+1","floor":48}],"player_experience":1061902,"relics_obtained":[{"floor":9.0,"key":"Smiling Mask"},{"floor":10.0,"key":"Potion Belt"},{"floor":14.0,"key":"Girya"},{"floor":25.0,"key":"Oddly Smooth Stone"},{"floor":26.0,"key":"Pen Nib"},{"floor":28.0,"key":"Snake Skull"},{"floor":42,"key":"Singing Bowl"},{"floor":44,"key":"Mango"},{"floor":48,"key":"Bag of Marbles"}],"event_choices":[{"damage_healed":0.0,"max_hp_gain":0.0,"max_hp_loss":0.0,"gold_gain":50.0,"event_name":"FaceTrader","player_choice":"Touch","floor":4.0,"gold_loss":0.0,"damage_taken":6.0},{"damage_healed":0.0,"max_hp_gain":0.0,"max_hp_loss":0.0,"gold_gain":275.0,"event_name":"Golden Shrine","player_choice":"Desecrate","floor":11.0,"gold_loss":0.0,"damage_taken":0.0,"cards_obtained":["Regret"]},{"damage_healed":0.0,"max_hp_gain":0.0,"max_hp_loss":0.0,"gold_gain":0.0,"event_name":"Ghosts","player_choice":"Ignored","floor":22.0,"gold_loss":0.0,"damage_taken":0.0},{"damage_healed":0.0,"max_hp_gain":0.0,"max_hp_loss":0.0,"gold_gain":0.0,"event_name":"WeMeetAgain","player_choice":"Gave Potion","floor":29.0,"gold_loss":0.0,"damage_taken":0.0,"relics_obtained":["Mummified Hand"]},{"cards_removed":["Reflex"],"damage_healed":0.0,"max_hp_gain":0.0,"max_hp_loss":0.0,"gold_gain":0.0,"event_name":"Purifier","player_choice":"Purged","floor":37.0,"gold_loss":0.0,"damage_taken":0.0},{"cards_removed":["Infinite Blades"],"damage_healed":0,"gold_gain":0,"player_choice":"Removed Power","damage_taken":0,"max_hp_gain":0,"max_hp_loss":0,"event_name":"Falling","floor":45,"gold_loss":0},{"damage_healed":16,"gold_gain":0,"player_choice":"Writhe","damage_taken":0,"max_hp_gain":0,"max_hp_loss":0,"event_name":"Winding Halls","floor":46,"gold_loss":0,"cards_obtained":["Writhe"]}],"is_beta":false,"boss_relics":[{"not_picked":["Empty Cage","White Beast Statue"],"picked":"Pandora\u0027s Box"},{"not_picked":["Orrery","Velvet Choker"],"picked":"Runic Dome"}],"items_purged_floors":[19,47],"is_endless":false,"potions_floor_spawned":[1,5,12,18,21,25,30,35,40,42],"killed_by":"Time Eater","ascension_level":20}