{"gold_per_floor":[219,239,5,180,193,193,36,50,50,84,84,114,126,187,187,286,286,306,317,327,242,142,176,176,209,209,209,225,244,244],"floor_reached":30,"playtime":2344,"items_purged":["Doubt","Brutality"],"score":348,"play_id":"4d4a1230-e3fe-4993-ab21-28a49a59ef0d","local_time":"20190816195011","is_ascension_mode":true,"campfire_choices":[{"data":"Bash","floor":6,"key":"SMITH"},{"data":"Sadistic Nature","floor":11,"key":"SMITH"},{"data":"Shrug It Off","floor":15,"key":"SMITH"},{"data":"Flame Barrier","floor":24,"key":"SMITH"}],"neow_cost":"NONE","seed_source_timestamp":386123977319155,"circlet_count":0,"master_deck":["Bash+1","Iron Wave","Sword Boomerang","Sadistic Nature+1","Cleave","Dropkick","Dark Shackles","Shrug It Off+1","Shrug It Off","Clothesline","Flame Barrier+1","Immolate","Iron Wave","Entrench","Feed","Offering","Fire Breathing","Thunderclap","Intimidate","Blood for Blood","Sword Boomerang+1","Uppercut","Exhume"],"relics":["Burning Blood","Gambling Chip","Torii","Ancient Tea Set","Tiny Chest","Pandora\u0027s Box","Kunai","Incense Burner","Smiling Mask","PreservedInsect","Charon\u0027s Ashes"],"potions_floor_usage":[10,12,16,25,25,25,29],"damage_taken":[{"damage":5,"enemies":"Small Slimes","floor":1,"turns":3},{"damage":6,"enemies":"2 Louse","floor":2,"turns":3},{"damage":4,"enemies":"Jaw Worm","floor":5,"turns":4},{"damage":14,"enemies":"Red Slaver","floor":8,"turns":3},{"damage":22,"enemies":"3 Sentries","floor":10,"turns":9},{"damage":22,"enemies":"Lagavulin","floor":12,"turns":7},{"damage":7,"enemies":"Exordium Wildlife","floor":13,"turns":4},{"damage":17,"enemies":"Gremlin Nob","floor":14,"turns":4},{"damage":34,"enemies":"Slime Boss","floor":16,"turns":8},{"damage":6,"enemies":"2 Thieves","floor":18,"turns":3},{"damage":0,"enemies":"Chosen","floor":19,"turns":3},{"damage":48,"enemies":"Sentry and Sphere","floor":20,"turns":5},{"damage":33,"enemies":"Gremlin Leader","floor":23,"turns":6},{"damage":3,"enemies":"Book of Stabbing","floor":25,"turns":7},{"damage":7,"enemies":"Snecko","floor":28,"turns":5},{"damage":25,"enemies":"Centurion and Healer","floor":29,"turns":5},{"damage":23,"enemies":"Gremlin Leader","floor":30,"turns":2}],"seed_played":"-5624764330279421629","potions_obtained":[{"floor":1,"key":"Regen Potion"},{"floor":5,"key":"Poison Potion"},{"floor":10,"key":"SmokeBomb"},{"floor":14,"key":"Explosive Potion"},{"floor":18,"key":"EssenceOfSteel"},{"floor":20,"key":"Swift Potion"},{"floor":23,"key":"Poison Potion"},{"floor":25,"key":"Regen Potion"}],"is_trial":false,"path_per_floor":["M","M","$","?","M","R","$","M","T","E","R","E","M","E","R","B",null,"M","M","M","?","$","E","R","E","T","T","M","M","E"],"character_chosen":"IRONCLAD","items_purchased":["Sadistic Nature","Cleave","Dark Shackles"],"campfire_rested":0,"item_purchase_floors":[3,3,7],"current_hp_per_floor":[80,80,80,80,80,80,80,72,72,56,56,54,53,42,42,14,80,80,83,41,41,41,14,14,20,20,20,22,18,0],"gold":244,"neow_bonus":"HUNDRED_GOLD","is_prod":false,"is_daily":false,"chose_seed":false,"campfire_upgraded":4,"win_rate":0,"timestamp":1566003011,"path_taken":["M","M","$","?","M","R","$","M","T","E","R","E","M","E","R","BOSS","M","M","M","?","$","E","R","E","T","?","M","M","E"],"build_version":"2019-07-17","purchased_purges":2,"victory":false,"max_hp_per_floor":[80,80,80,80,80,80,80,80,80,80,80,80,80,80,80,80,80,80,83,83,83,83,83,83,86,86,86,89,92,92],"card_choices":[{"not_picked":["Metallicize","Body Slam"],"picked":"Iron Wave","floor":1},{"not_picked":["Wild Strike","Dual Wield"],"picked":"Sword Boomerang","floor":2},{"not_picked":["Bloodletting","Cleave"],"picked":"Dropkick","floor":5},{"not_picked":["Rupture","Clash"],"picked":"Shrug It Off","floor":8},{"not_picked":["Dual Wield","Anger"],"picked":"Shrug It Off","floor":10},{"not_picked":["Warcry","Bloodletting"],"picked":"Clothesline","floor":12},{"not_picked":["Infernal Blade","Hemokinesis"],"picked":"Flame Barrier","floor":13},{"not_picked":["Cleave","Dropkick","Pommel Strike"],"picked":"SKIP","floor":14},{"not_picked":["Reaper","Offering"],"picked":"Immolate","floor":16},{"not_picked":["Flex+1","Clash+1"],"picked":"Sword Boomerang+1","floor":18},{"not_picked":["Shrug It Off+1","Combust+1","Warcry+1"],"picked":"SKIP","floor":19},{"not_picked":["Pommel Strike","Limit Break"],"picked":"Uppercut","floor":20},{"not_picked":["Clash","Burning Pact","Perfected Strike"],"picked":"SKIP","floor":23},{"not_picked":["Armaments","Bloodletting"],"picked":"Exhume","floor":25},{"not_picked":["Entrench","Shrug It Off+1","Anger"],"picked":"SKIP","floor":28},{"not_picked":["Sword Boomerang","Cleave","Juggernaut"],"picked":"SKIP","floor":29}],"player_experience":150846,"relics_obtained":[{"floor":9,"key":"Gambling Chip"},{"floor":10,"key":"Torii"},{"floor":12,"key":"Ancient Tea Set"},{"floor":14,"key":"Tiny Chest"},{"floor":23,"key":"Incense Burner"},{"floor":25,"key":"Smiling Mask"},{"floor":26,"key":"PreservedInsect"},{"floor":27,"key":"Charon\u0027s Ashes"}],"event_choices":[{"damage_healed":0,"gold_gain":175,"player_choice":"AGREE","damage_taken":0,"max_hp_gain":0,"max_hp_loss":0,"event_name":"Liars Game","floor":4,"gold_loss":0,"cards_obtained":["Doubt"]},{"damage_healed":0,"gold_gain":0,"player_choice":"Obtained Relic","damage_taken":0,"relics_obtained":["Kunai"],"max_hp_gain":0,"max_hp_loss":0,"event_name":"Addict","floor":21,"gold_loss":85}],"is_beta":false,"boss_relics":[{"not_picked":["Sozu","Philosopher\u0027s Stone"],"picked":"Pandora\u0027s Box"}],"items_purged_floors":[7,22],"is_endless":false,"potions_floor_spawned":[1,5,10,14,18,20,23,25],"killed_by":"Gremlin Leader","ascension_level":4}