{"gold_per_floor":[115,115,80,6,6,25,59,72,72,98,98,132,142,162,162,262,262,275,285,9,9,9],"floor_reached":22,"playtime":2531,"items_purged":["Doubt"],"score":229,"play_id":"bf90d9cb-da55-46e1-8ef1-7b6d5009a1f2","local_time":"20190104144139","is_ascension_mode":false,"campfire_choices":[{"floor":15,"key":"REST"}],"neow_cost":"CURSE","seed_source_timestamp":1040457619163163,"circlet_count":0,"master_deck":["Defend_G","Defend_G","Defend_G","Defend_G","Defend_G","Strike_G","Strike_G","Strike_G+1","Strike_G","Strike_G","Survivor+1","Neutralize","Writhe","Storm of Steel","Masterful Stab","Caltrops","Flechettes","Noxious Fumes","Sucker Punch","Footwork","Deflect+1","After Image","Quick Slash","Deflect+1","Malaise+1","Injury","Shame","Cloak And Dagger+1","Panacea+1"],"relics":["Ring of the Snake","Toxic Egg 2","Meat on the Bone","Strawberry","Regal Pillow","Calling Bell","Centennial Puzzle","Blue Candle","Gambling Chip","Strange Spoon"],"potions_floor_usage":[5,6,7,7,7,7,7,7,12,14,19],"damage_taken":[{"damage":0,"enemies":"2 Louse","floor":1,"turns":2},{"damage":0,"enemies":"Cultist","floor":6,"turns":1},{"damage":7,"enemies":"3 Sentries","floor":7,"turns":6},{"damage":1,"enemies":"Jaw Worm","floor":8,"turns":4},{"damage":17,"enemies":"Lagavulin","floor":10,"turns":8},{"damage":25,"enemies":"Gremlin Nob","floor":12,"turns":5},{"damage":16,"enemies":"Exordium Wildlife","floor":13,"turns":5},{"damage":0,"enemies":"Gremlin Gang","floor":14,"turns":6},{"damage":44,"enemies":"Slime Boss","floor":16,"turns":14},{"damage":22,"enemies":"Spheric Guardian","floor":18,"turns":8},{"damage":8,"enemies":"Chosen","floor":19,"turns":6},{"damage":43,"enemies":"3 Cultists","floor":22,"turns":7}],"seed_played":"8613793644206032947","potions_obtained":[{"floor":1,"key":"Dexterity Potion"},{"floor":5,"key":"SteroidPotion"},{"floor":5,"key":"Fruit Juice"},{"floor":5,"key":"EntropicBrew"},{"floor":6,"key":"Explosive Potion"},{"floor":10,"key":"SpeedPotion"},{"floor":13,"key":"Weak Potion"},{"floor":18,"key":"LiquidBronze"}],"is_trial":false,"path_per_floor":["M","?","?","$","?","M","E","M","T","E","?","E","M","M","R","B",null,"M","M","$","?","M"],"character_chosen":"THE_SILENT","items_purchased":["Caltrops","Strange Spoon"],"campfire_rested":1,"item_purchase_floors":[4,20],"current_hp_per_floor":[70,56,70,70,75,75,68,67,67,57,62,49,45,45,86,54,87,65,57,57,41,0],"gold":9,"neow_bonus":"THREE_RARE_CARDS","is_prod":false,"is_daily":false,"chose_seed":false,"campfire_upgraded":0,"win_rate":0,"timestamp":1546591299,"path_taken":["M","?","?","$","?","M","E","?","T","E","?","E","M","M","R","BOSS","M","M","$","?","?"],"build_version":"2019-01-03v3","purchased_purges":1,"victory":false,"max_hp_per_floor":[70,70,70,70,75,75,75,75,75,82,87,87,87,87,87,87,87,87,87,87,87,87],"card_choices":[{"not_picked":["Envenom","Burst"],"picked":"Storm of Steel","floor":0},{"not_picked":["Flying Knee","Backflip"],"picked":"Masterful Stab","floor":1},{"not_picked":["Dagger Throw","Setup"],"picked":"Flechettes","floor":6},{"not_picked":["Sucker Punch","Predator"],"picked":"Noxious Fumes","floor":7},{"not_picked":["Predator","Noxious Fumes"],"picked":"Sucker Punch","floor":7},{"not_picked":["Dagger Throw","Choke"],"picked":"Footwork","floor":8},{"not_picked":["Expertise+1","Infinite Blades"],"picked":"Deflect+1","floor":10},{"not_picked":["Dodge and Roll+1","Leg Sweep+1"],"picked":"After Image","floor":12},{"not_picked":["Dagger Spray","Catalyst+1"],"picked":"Quick Slash","floor":13},{"not_picked":["Dagger Spray","Expertise+1"],"picked":"Deflect+1","floor":14},{"not_picked":["Tools of the Trade","Grand Finale"],"picked":"Malaise+1","floor":16},{"not_picked":["Outmaneuver+1","Eviscerate+1","Expertise+1"],"picked":"SKIP","floor":18},{"not_picked":["Sucker Punch","Malaise+1"],"picked":"Cloak And Dagger+1","floor":19}],"player_experience":488868,"relics_obtained":[{"floor":7,"key":"Toxic Egg 2"},{"floor":9,"key":"Meat on the Bone"},{"floor":10,"key":"Strawberry"},{"floor":12,"key":"Regal Pillow"},{"floor":17,"key":"Centennial Puzzle"},{"floor":17,"key":"Blue Candle"},{"floor":17,"key":"Gambling Chip"}],"event_choices":[{"damage_healed":0,"gold_gain":0,"player_choice":"Entered Light","damage_taken":14,"max_hp_gain":0,"max_hp_loss":0,"event_name":"Shining Light","floor":2,"gold_loss":0,"cards_upgraded":["Strike_G","Survivor"]},{"damage_healed":17,"gold_gain":0,"player_choice":"Healed","damage_taken":0,"max_hp_gain":0,"max_hp_loss":0,"event_name":"The Cleric","floor":3,"gold_loss":35},{"damage_healed":0,"gold_gain":0,"player_choice":"Got Potions","damage_taken":0,"max_hp_gain":0,"max_hp_loss":0,"event_name":"Lab","floor":5,"gold_loss":0},{"damage_healed":0,"gold_gain":0,"player_choice":"Donut","damage_taken":0,"max_hp_gain":5,"max_hp_loss":0,"event_name":"Big Fish","floor":11,"gold_loss":0},{"damage_healed":0,"gold_gain":0,"player_choice":"CARD ","damage_taken":16,"max_hp_gain":0,"max_hp_loss":0,"event_name":"Knowing Skull","floor":21,"potions_obtained":[],"gold_loss":0,"cards_obtained":["Panacea"]}],"is_beta":false,"boss_relics":[{"not_picked":["Philosopher\u0027s Stone","Fusion Hammer"],"picked":"Calling Bell"}],"items_purged_floors":[20],"is_endless":false,"potions_floor_spawned":[1,6,10,13,18],"killed_by":"3 Cultists","ascension_level":0}