{"gold_per_floor":[365,385,69,69,69,97,112,130,157,175,175,210,210,225,225,300,300,319,337,63,63,81,116,116,132,159,159,159,339,356,386,386,460,460,471,183,183,97,97,128,128,128,128,128],"floor_reached":44,"playtime":1780,"items_purged":["Strike_R"],"score":941,"play_id":"e6bf72bb-d463-402f-b279-de1ff6ccc072","local_time":"20190715182452","is_ascension_mode":true,"campfire_choices":[{"data":"Limit Break","floor":11,"key":"SMITH"},{"data":"Barricade","floor":13,"key":"SMITH"},{"floor":15,"key":"REST"},{"floor":27,"key":"REST"},{"data":"Corruption","floor":32,"key":"SMITH"}],"neow_cost":"TEN_PERCENT_HP_LOSS","seed_source_timestamp":499565697701389,"circlet_count":0,"master_deck":["AscendersBane","Defend_R","Defend_R","Defend_R","Defend_R","Bash","Clothesline+1","Blood for Blood","Inflame+1","Limit Break+1","Shrug It Off","Iron Wave","Barricade+1","Sword Boomerang","Reaper","Brutality+1","Pommel Strike+1","Fire Breathing+1","Battle Trance","The Bomb","Corruption+1","Demon Form","Sentinel","Juggernaut","Shrug It Off","Writhe","Decay","Decay"],"relics":["Burning Blood","Mummified Hand","Regal Pillow","Orichalcum","Lantern","Astrolabe","Whetstone","Strawberry","Gremlin Horn","Singing Bowl","Cursed Key","Meat on the Bone","Pen Nib","Paper Frog","Dream Catcher"],"potions_floor_usage":[16,18,23,25,30,31,40,40,44],"damage_taken":[{"damage":7,"enemies":"2 Louse","floor":1,"turns":3},{"damage":0,"enemies":"Small Slimes","floor":2,"turns":3},{"damage":30,"enemies":"Lagavulin","floor":6,"turns":7},{"damage":11,"enemies":"Cultist","floor":7,"turns":4},{"damage":1,"enemies":"Exordium Thugs","floor":8,"turns":4},{"damage":12,"enemies":"Lots of Slimes","floor":10,"turns":3},{"damage":16,"enemies":"Gremlin Nob","floor":12,"turns":4},{"damage":15,"enemies":"2 Fungi Beasts","floor":14,"turns":4},{"damage":35,"enemies":"Slime Boss","floor":16,"turns":11},{"damage":18,"enemies":"2 Thieves","floor":18,"turns":3},{"damage":39,"enemies":"Shell Parasite","floor":19,"turns":5},{"damage":31,"enemies":"Shelled Parasite and Fungi","floor":22,"turns":4},{"damage":29,"enemies":"Book of Stabbing","floor":23,"turns":4},{"damage":16,"enemies":"3 Cultists","floor":25,"turns":4},{"damage":15,"enemies":"Snake Plant","floor":30,"turns":3},{"damage":49,"enemies":"Gremlin Leader","floor":31,"turns":5},{"damage":80,"enemies":"Collector","floor":33,"turns":6},{"damage":24,"enemies":"3 Darklings","floor":35,"turns":4},{"damage":78,"enemies":"Nemesis","floor":40,"turns":7},{"damage":77,"enemies":"Reptomancer","floor":44,"turns":2}],"seed_played":"-1668483977471289165","potions_obtained":[{"floor":7,"key":"BloodPotion"},{"floor":10,"key":"Energy Potion"},{"floor":12,"key":"FearPotion"},{"floor":14,"key":"Weak Potion"},{"floor":16,"key":"SkillPotion"},{"floor":22,"key":"Fire Potion"},{"floor":25,"key":"Swift Potion"},{"floor":30,"key":"Energy Potion"},{"floor":31,"key":"SteroidPotion"},{"floor":40,"key":"Energy Potion"}],"is_trial":false,"path_per_floor":["M","M","$","?","?","E","M","M","T","M","R","E","R","M","R","B",null,"M","M","$","?","M","E","?","M","T","R","T","?","M","E","R","B",null,"M","$","?","$","?","E","?","T","T","E"],"character_chosen":"IRONCLAD","items_purchased":["Mummified Hand","Inflame","The Bomb","Meat on the Bone","BloodPotion"],"campfire_rested":2,"item_purchase_floors":[3,3,20,36,38],"current_hp_per_floor":[67,68,68,68,68,44,39,44,44,38,38,28,28,19,54,25,57,60,37,37,37,20,18,18,32,39,75,75,54,52,51,51,14,61,58,58,58,58,58,30,46,46,46,0],"gold":128,"neow_bonus":"TWO_FIFTY_GOLD","is_prod":false,"is_daily":false,"chose_seed":false,"campfire_upgraded":3,"win_rate":0,"timestamp":1563233092,"path_taken":["M","M","$","?","?","E","M","?","T","M","R","E","R","M","R","BOSS","M","M","$","?","?","E","?","M","T","R","?","?","?","E","R","BOSS","M","$","?","?","?","E","?","?","T","E"],"build_version":"2019-07-05","purchased_purges":1,"victory":false,"max_hp_per_floor":[68,68,68,68,68,68,68,68,68,68,68,68,68,68,68,68,68,68,68,68,68,68,68,68,68,75,75,75,75,75,77,77,77,77,77,77,77,77,77,79,79,79,79,79],"card_choices":[{"not_picked":["Wild Strike","Thunderclap"],"picked":"Clothesline","floor":1},{"not_picked":["Wild Strike","Sword Boomerang"],"picked":"Blood for Blood","floor":2},{"not_picked":["Sentinel","Bloodletting"],"picked":"Limit Break","floor":6},{"not_picked":["Entrench","Thunderclap"],"picked":"Shrug It Off","floor":7},{"not_picked":["Warcry","Clash"],"picked":"Iron Wave","floor":8},{"not_picked":["Wild Strike","Inflame"],"picked":"Heavy Blade","floor":10},{"not_picked":["Berserk","Clash"],"picked":"Barricade","floor":12},{"not_picked":["Shrug It Off","Anger"],"picked":"Sword Boomerang","floor":14},{"not_picked":["Berserk","Barricade"],"picked":"Reaper","floor":16},{"not_picked":["Anger","Body Slam+1"],"picked":"Battle Trance","floor":18},{"not_picked":["Havoc","Thunderclap","Heavy Blade"],"picked":"SKIP","floor":19},{"not_picked":["Body Slam","Twin Strike+1"],"picked":"Corruption","floor":22},{"not_picked":["Battle Trance","Clash"],"picked":"Demon Form","floor":23},{"not_picked":["Battle Trance","Power Through"],"picked":"Sentinel","floor":25},{"not_picked":["Heavy Blade","Havoc","Wild Strike"],"picked":"SKIP","floor":30},{"not_picked":["Hemokinesis","Heavy Blade","Armaments"],"picked":"Singing Bowl","floor":31},{"not_picked":["Offering","Impervious"],"picked":"Juggernaut","floor":33},{"not_picked":["Havoc","Sentinel"],"picked":"Shrug It Off","floor":35},{"not_picked":["Battle Trance+1","Sword Boomerang","Reckless Charge+1"],"picked":"Singing Bowl","floor":40}],"player_experience":373743,"relics_obtained":[{"floor":6,"key":"Regal Pillow"},{"floor":9,"key":"Orichalcum"},{"floor":12,"key":"Lantern"},{"floor":23,"key":"Whetstone"},{"floor":26,"key":"Strawberry"},{"floor":28,"key":"Gremlin Horn"},{"floor":31,"key":"Singing Bowl"},{"floor":40,"key":"Pen Nib"},{"floor":42,"key":"Paper Frog"},{"floor":43,"key":"Dream Catcher"}],"event_choices":[{"damage_healed":0,"gold_gain":0,"player_choice":"Ignored","damage_taken":0,"max_hp_gain":0,"max_hp_loss":0,"event_name":"Liars Game","floor":4,"gold_loss":0},{"damage_healed":0,"gold_gain":0,"player_choice":"Upgraded","damage_taken":0,"max_hp_gain":0,"max_hp_loss":0,"event_name":"Upgrade Shrine","floor":5,"gold_loss":0,"cards_upgraded":["Inflame"]},{"damage_healed":0,"gold_gain":0,"player_choice":"Upgraded","damage_taken":0,"max_hp_gain":0,"max_hp_loss":0,"event_name":"Upgrade Shrine","floor":21,"gold_loss":0,"cards_upgraded":["Heavy Blade"]},{"damage_healed":0,"gold_gain":0,"player_choice":"Ignored","damage_taken":0,"max_hp_gain":0,"max_hp_loss":0,"event_name":"Ghosts","floor":24,"gold_loss":0},{"damage_healed":0,"gold_gain":180,"player_choice":"GOLD GOLD ","damage_taken":21,"max_hp_gain":0,"max_hp_loss":0,"event_name":"Knowing Skull","floor":29,"potions_obtained":[],"gold_loss":0,"cards_obtained":[]},{"cards_removed":["Strike_R"],"damage_healed":0,"gold_gain":0,"player_choice":"Purged","damage_taken":0,"max_hp_gain":0,"max_hp_loss":0,"event_name":"Purifier","floor":37,"gold_loss":0},{"cards_removed":["Heavy Blade"],"damage_healed":0,"gold_gain":0,"player_choice":"Removed Attack","damage_taken":0,"max_hp_gain":0,"max_hp_loss":0,"event_name":"Falling","floor":39,"gold_loss":0},{"damage_healed":16,"gold_gain":0,"player_choice":"Writhe","damage_taken":0,"max_hp_gain":0,"max_hp_loss":0,"event_name":"Winding Halls","floor":41,"gold_loss":0,"cards_obtained":["Writhe"]}],"is_beta":false,"boss_relics":[{"not_picked":["Calling Bell","Philosopher\u0027s Stone"],"picked":"Astrolabe"},{"not_picked":["Lizard Tail","Black Star"],"picked":"Cursed Key"}],"items_purged_floors":[20],"is_endless":false,"potions_floor_spawned":[7,10,12,14,16,22,25,30,31,40],"killed_by":"Reptomancer","ascension_level":16}