{"gold_per_floor":[110,122,7,18,18,57,57,95,95,95,95,120,120,139,139,258,258,278,203,216,19,34,34,77,77,77,101,119,19,39,39,39,165,165,184,209,227,248,123,123,137,157,157,172,172,172,195,45,45,45],"floor_reached":50,"playtime":3461,"items_purged":["Decay","Strike_B","Strike_B","Shame"],"score":603,"play_id":"dd64e3a1-9e70-4e39-a63e-c8be1d1f2d36","local_time":"20190529202112","is_ascension_mode":false,"campfire_choices":[{"data":"Tempest","floor":7,"key":"SMITH"},{"data":"Streamline","floor":10,"key":"SMITH"},{"data":"Buffer","floor":15,"key":"SMITH"},{"data":"Creative AI","floor":23,"key":"SMITH"},{"data":"Apotheosis","floor":25,"key":"SMITH"},{"data":"Zap","floor":32,"key":"SMITH"},{"data":"FTL","floor":40,"key":"SMITH"},{"floor":45,"key":"REST"},{"floor":49,"key":"REST"}],"neow_cost":"CURSE","seed_source_timestamp":904003132785254,"circlet_count":0,"master_deck":["Strike_B","Strike_B","Defend_B","Defend_B","Defend_B","Zap+1","Dualcast","Streamline+1","Tempest+1","FTL+1","Rip and Tear","Buffer+1","Reinforced Body","Capacitor","Creative AI+1","Self Repair+1","Apotheosis+1","Gash+1","Sweeping Beam+1","Hologram+1","Leap+1","Machine Learning","Glacier+1","Redo+1","Compile Driver+1","Parasite","Barrage+1","Tempest+1"],"relics":["FrozenCore","FossilizedHelix","Golden Idol","Meat on the Bone","Mercury Hourglass","Pantograph","Boot","FaceOfCleric","Strawberry","Ornamental Fan","Darkstone Periapt","Runic Pyramid","Shuriken"],"potions_floor_usage":[16,18,24,27,28,33,38,50,50,50],"damage_taken":[{"damage":4,"enemies":"Small Slimes","floor":1,"turns":3},{"damage":0,"enemies":"2 Louse","floor":2,"turns":3},{"damage":0,"enemies":"Cultist","floor":4,"turns":2},{"damage":8,"enemies":"Lagavulin","floor":6,"turns":6},{"damage":0,"enemies":"Gremlin Nob","floor":8,"turns":4},{"damage":0,"enemies":"2 Fungi Beasts","floor":12,"turns":2},{"damage":0,"enemies":"Red Slaver","floor":14,"turns":3},{"damage":0,"enemies":"Slime Boss","floor":16,"turns":6},{"damage":3,"enemies":"3 Byrds","floor":18,"turns":4},{"damage":0,"enemies":"Chosen","floor":20,"turns":4},{"damage":8,"enemies":"Snecko","floor":22,"turns":5},{"damage":18,"enemies":"Gremlin Leader","floor":24,"turns":6},{"damage":9,"enemies":"3 Cultists","floor":27,"turns":5},{"damage":0,"enemies":"Centurion and Healer","floor":28,"turns":7},{"damage":13,"enemies":"Sentry and Sphere","floor":30,"turns":4},{"damage":39,"enemies":"Collector","floor":33,"turns":10},{"damage":49,"enemies":"3 Darklings","floor":35,"turns":6},{"damage":10,"enemies":"Orb Walker","floor":36,"turns":6},{"damage":25,"enemies":"4 Shapes","floor":37,"turns":7},{"damage":11,"enemies":"Writhing Mass","floor":38,"turns":7},{"damage":22,"enemies":"Maw","floor":41,"turns":14},{"damage":48,"enemies":"Transient","floor":42,"turns":5},{"damage":5,"enemies":"4 Shapes","floor":44,"turns":4},{"damage":22,"enemies":"3 Darklings","floor":47,"turns":8},{"damage":114,"enemies":"Time Eater","floor":50,"turns":13}],"seed_played":"-2738879997062042573","potions_obtained":[{"floor":1,"key":"Explosive Potion"},{"floor":4,"key":"AttackPotion"},{"floor":12,"key":"Dexterity Potion"},{"floor":16,"key":"PowerPotion"},{"floor":22,"key":"Poison Potion"},{"floor":24,"key":"Swift Potion"},{"floor":28,"key":"Dexterity Potion"},{"floor":35,"key":"FocusPotion"},{"floor":36,"key":"SpeedPotion"},{"floor":42,"key":"Block Potion"}],"is_trial":false,"path_per_floor":["M","M","$","M","?","E","R","E","T","R","?","M","?","M","R","B",null,"M","?","M","$","M","R","E","R","T","M","M","$","M","?","R","B",null,"M","M","M","M","$","R","M","M","T","M","R","?","M","$","R","B"],"character_chosen":"DEFECT","items_purchased":["FTL","Apotheosis"],"campfire_rested":2,"item_purchase_floors":[3,21],"current_hp_per_floor":[71,71,71,71,53,45,45,45,45,45,45,45,45,46,46,72,77,75,75,76,76,69,69,59,59,59,61,72,72,60,66,66,53,98,72,73,71,77,77,77,66,41,41,59,92,92,81,81,112,0],"gold":45,"neow_bonus":"ONE_RARE_RELIC","is_prod":false,"is_daily":false,"chose_seed":false,"campfire_upgraded":7,"win_rate":0.0,"timestamp":1559179272,"path_taken":["M","M","$","M","?","E","R","E","T","R","?","?","?","?","R","BOSS","M","?","M","$","M","R","E","R","T","M","M","$","M","?","R","BOSS","M","M","M","M","$","R","M","M","T","M","R","?","?","$","R","BOSS"],"build_version":"2019-01-23","purchased_purges":4,"victory":false,"max_hp_per_floor":[75,75,75,75,75,75,75,75,75,75,75,75,75,76,76,77,77,78,78,79,79,80,80,88,88,88,89,90,90,91,97,97,98,98,99,100,101,108,108,108,109,110,110,111,111,111,112,112,112,112],"card_choices":[{"not_picked":["BootSequence","Stack"],"picked":"Streamline","floor":1},{"not_picked":["Streamline","Steam"],"picked":"Tempest","floor":2},{"not_picked":["Scrape","Stack"],"picked":"Rip and Tear","floor":4},{"not_picked":["Consume","Redo"],"picked":"Buffer","floor":6},{"not_picked":["Consume","Coolheaded"],"picked":"Reinforced Body","floor":8},{"not_picked":["Stack","Reinforced Body","Compile Driver"],"picked":"SKIP","floor":12},{"not_picked":["Cold Snap","Hello World"],"picked":"Capacitor","floor":14},{"not_picked":["All For One","Machine Learning"],"picked":"Creative AI","floor":16},{"not_picked":["Gash","Go for the Eyes+1"],"picked":"Self Repair+1","floor":18},{"not_picked":["Rebound","FTL","Hologram"],"picked":"SKIP","floor":20},{"not_picked":["Compile Driver+1","Beam Cell"],"picked":"Gash+1","floor":22},{"not_picked":["Barrage","Skim+1"],"picked":"Sweeping Beam+1","floor":24},{"not_picked":["Compile Driver+1","Reinforced Body"],"picked":"Hologram+1","floor":27},{"not_picked":["Rebound","Fusion","Fission"],"picked":"SKIP","floor":28},{"not_picked":["Turbo","Streamline"],"picked":"Leap+1","floor":30},{"not_picked":["Thunder Strike","Creative AI"],"picked":"Machine Learning","floor":33},{"not_picked":["Sweeping Beam+1","Reprogram"],"picked":"Glacier+1","floor":35},{"not_picked":["Go for the Eyes+1","Gash+1"],"picked":"Redo+1","floor":36},{"not_picked":["Sweeping Beam","Streamline"],"picked":"Compile Driver+1","floor":37},{"not_picked":["Genetic Algorithm+1","Streamline","BootSequence"],"picked":"SKIP","floor":38},{"not_picked":["Rebound","Coolheaded","Steam"],"picked":"SKIP","floor":41},{"not_picked":["Hologram","Gash"],"picked":"Barrage+1","floor":42},{"not_picked":["Gash","Meteor Strike","Conserve Battery+1"],"picked":"SKIP","floor":44},{"not_picked":["Glacier+1","Stack+1"],"picked":"Tempest+1","floor":47}],"player_experience":25875,"relics_obtained":[{"floor":6,"key":"Meat on the Bone"},{"floor":8,"key":"Mercury Hourglass"},{"floor":9,"key":"Pantograph"},{"floor":11,"key":"Boot"},{"floor":24,"key":"Strawberry"},{"floor":26,"key":"Ornamental Fan"},{"floor":43,"key":"Shuriken"}],"event_choices":[{"damage_healed":0,"gold_gain":0,"player_choice":"Take Damage","damage_taken":18,"relics_obtained":["Golden Idol"],"max_hp_gain":0,"max_hp_loss":0,"event_name":"Golden Idol","floor":5,"gold_loss":0},{"damage_healed":0,"gold_gain":0,"player_choice":"Relic","damage_taken":0,"max_hp_gain":0,"max_hp_loss":0,"event_name":"Wheel of Change","floor":11,"gold_loss":0},{"damage_healed":0,"gold_gain":0,"player_choice":"Trade","damage_taken":0,"relics_obtained":["FaceOfCleric"],"max_hp_gain":0,"max_hp_loss":0,"event_name":"FaceTrader","floor":13,"gold_loss":0},{"cards_removed":["Defend_B"],"damage_healed":0,"gold_gain":0,"player_choice":"Gave Gold","damage_taken":0,"max_hp_gain":0,"max_hp_loss":0,"event_name":"Beggar","floor":19,"gold_loss":75},{"damage_healed":0,"gold_gain":0,"player_choice":"Stole Relic","damage_taken":0,"relics_obtained":["Darkstone Periapt"],"max_hp_gain":0,"max_hp_loss":0,"event_name":"Addict","floor":31,"gold_loss":0,"cards_obtained":["Shame"]},{"damage_healed":0,"gold_gain":0,"player_choice":"Ignored","damage_taken":0,"max_hp_gain":0,"max_hp_loss":0,"event_name":"NoteForYourself","floor":46,"gold_loss":0}],"is_beta":false,"boss_relics":[{"not_picked":["Fusion Hammer","Runic Dome"],"picked":"FrozenCore"},{"not_picked":["Lizard Tail","Sozu"],"picked":"Runic Pyramid"}],"items_purged_floors":[3,29,39,48],"is_endless":false,"potions_floor_spawned":[1,4,12,16,22,24,28,35,36,42,44],"killed_by":"Time Eater","ascension_level":0}