{"path_per_floor":["M","?","M","M","$","?","R","E","T","M","E","M","$","M","R","B",null,"M","M","?","M","?","R","M","M","T","R","M","R","E","M","R"],"character_chosen":"IRONCLAD","items_purchased":["Offering","Seeing Red"],"gold_per_floor":[112,212,225,241,10,10,10,44,44,55,82,99,25,38,38,139,139,151,167,67,84,84,84,96,107,107,107,122,122,151,168,168],"floor_reached":33,"campfire_rested":6,"playtime":2357,"current_hp_per_floor":[76,76,69,75,75,59,80,74,74,65,53,55,55,56,80,40,80,50,55,55,25,25,51,31,19,33,63,50,80,21,25,56],"items_purged":["Defend_R"],"gold":168,"play_id":"c2ad8f70-c11c-498a-a0f1-645272ce0655","is_prod":false,"is_daily":false,"campfire_rituals":0,"campfire_upgraded":0,"is_hardmode":false,"path_taken":["M","?","M","M","$","?","R","E","T","M","E","?","?","M","R","BOSS","M","?","?","M","?","R","M","M","T","R","?","R","E","M","R","BOSS"],"build_version":"2018-01-11-PROD2","purchased_purges":1,"victory":false,"master_deck":["Strike_R","Strike_R","Strike_R","Strike_R","Strike_R","Defend_R","Defend_R","Defend_R","Bash","Brutality","Feel No Pain","Iron Wave","Warcry","Offering","Sever Soul","Reckless Charge","Feed","Headbutt","Seeing Red","Dual Wield","Juggernaut","Corruption","Pommel Strike","J.A.X.","Armaments","Seeing Red","Armaments","Shrug It Off","Pommel Strike","Fire Breathing"],"max_hp_per_floor":[80,80,80,80,80,80,80,80,80,80,80,80,80,80,80,80,80,83,86,86,89,89,89,89,89,103,103,103,103,106,106,106],"relics":["Burning Blood","Anchor","Lantern","Mercury Hourglass","Runic Dome","Mango","Molten Egg"],"campfire_meditates":0,"card_choices":[{"not_picked":["Power Through","Second Wind"],"picked":"Feel No Pain"},{"not_picked":["Hemokinesis","Feel No Pain"],"picked":"Iron Wave"},{"not_picked":["Dual Wield","Clash"],"picked":"Warcry"},{"not_picked":["Clothesline","Blood for Blood"],"picked":"Sever Soul"},{"not_picked":["Heavy Blade","Uppercut"],"picked":"Reckless Charge"},{"not_picked":["Heavy Blade","Headbutt"],"picked":"Feed"},{"not_picked":["Heavy Blade","Rupture"],"picked":"Headbutt"},{"not_picked":["Rampage","Body Slam"],"picked":"Dual Wield"},{"not_picked":["Double Tap","Limit Break"],"picked":"Juggernaut"},{"not_picked":["Thunderclap","Bloodletting"],"picked":"Corruption"},{"not_picked":["Body Slam","Corruption"],"picked":"Pommel Strike"},{"not_picked":["Shrug It Off","Rage"],"picked":"Armaments"},{"not_picked":["Sever Soul","Dual Wield"],"picked":"Seeing Red"},{"not_picked":["Dual Wield","Clash"],"picked":"Armaments"},{"not_picked":["Rage","Clash"],"picked":"Shrug It Off"},{"not_picked":["Dual Wield","Twin Strike"],"picked":"Pommel Strike"},{"not_picked":["Shrug It Off","Flame Barrier"],"picked":"Fire Breathing"}],"player_experience":10089,"potions_floor_usage":[25,30,33],"damage_taken":[{"damage":10.0,"enemies":"Cultist","floor":1.0,"turns":4.0},{"damage":13.0,"enemies":"Blue Slaver","floor":3.0,"turns":5.0},{"damage":0.0,"enemies":"2 Louse","floor":4.0,"turns":3.0},{"damage":12.0,"enemies":"Gremlin Nob","floor":8.0,"turns":3.0},{"damage":15.0,"enemies":"Exordium Wildlife","floor":10.0,"turns":4.0},{"damage":18.0,"enemies":"Lagavulin","floor":11.0,"turns":4.0},{"damage":4.0,"enemies":"2 Fungi Beasts","floor":12.0,"turns":2.0},{"damage":5.0,"enemies":"Red Slaver","floor":14.0,"turns":2.0},{"damage":46.0,"enemies":"The Guardian","floor":16.0,"turns":8.0},{"damage":39.0,"enemies":"2 Thieves","floor":18.0,"turns":4.0},{"damage":4,"enemies":"3 Byrds","floor":19,"turns":4},{"damage":39,"enemies":"Slaver and Parasite","floor":21,"turns":6},{"damage":26,"enemies":"Snake Plant","floor":24,"turns":4},{"damage":18,"enemies":"Centurion and Healer","floor":25,"turns":5},{"damage":19,"enemies":"Slaver and Parasite","floor":28,"turns":5},{"damage":68,"enemies":"Slavers","floor":30,"turns":5},{"damage":2,"enemies":"Snake Plant","floor":31,"turns":4},{"damage":85,"enemies":"Automaton","floor":33,"turns":6}],"event_choices":[{"event_name":"Golden Shrine","player_choice":"Pray","floor":2.0,"damage_taken":0.0},{"event_name":"Shining Light","player_choice":"Entered Light","floor":6.0,"damage_taken":0.0},{"event_name":"Drug Dealer","player_choice":"Got JAXXED","floor":20,"damage_taken":0},{"event_name":"Vampires","player_choice":"Ignored","floor":22,"damage_taken":0}],"boss_relics":[],"potions_floor_spawned":[1,10,12,14,18,24,30],"seed_played":"-2090487201583131655","killed_by":"Automaton","is_trial":false}