{"gold_per_floor":[118,136,24,41,51,51,51,66,66,66,81,81,81,81,81,211,211,230,230,230,230,249,249,249,249,249,267,267],"floor_reached":28,"playtime":839,"items_purged":["Strike_R"],"score":250,"play_id":"2a31aceb-b5c7-45be-a2f5-76aaa41fb658","local_time":"20190813194355","is_ascension_mode":true,"campfire_choices":[{"data":"Armaments","floor":6,"key":"SMITH"},{"floor":10,"key":"REST"},{"data":"Bash","floor":12,"key":"SMITH"},{"data":"Iron Wave","floor":15,"key":"SMITH"},{"floor":23,"key":"REST"}],"neow_cost":"NONE","seed_source_timestamp":35194854944231,"circlet_count":0,"master_deck":["Strike_R","Strike_R","Defend_R","Defend_R","Bash+1","Armaments+1","Spot Weakness","Seeing Red","Clothesline","Iron Wave+1","True Grit","Berserk","Heavy Blade","Reckless Charge","Spot Weakness","Dual Wield","Ghostly Armor"],"relics":["Burning Blood","Bag of Marbles","Bloody Idol","Philosopher\u0027s Stone","Dream Catcher"],"potions_floor_usage":[18],"damage_taken":[{"damage":6,"enemies":"Cultist","floor":1,"turns":4},{"damage":9,"enemies":"Jaw Worm","floor":2,"turns":5},{"damage":14,"enemies":"Small Slimes","floor":4,"turns":4},{"damage":12,"enemies":"Looter","floor":5,"turns":4},{"damage":5,"enemies":"Blue Slaver","floor":8,"turns":4},{"damage":12,"enemies":"2 Fungi Beasts","floor":11,"turns":5},{"damage":47,"enemies":"The Guardian","floor":16,"turns":9},{"damage":31,"enemies":"Spheric Guardian","floor":18,"turns":4},{"damage":27,"enemies":"Chosen","floor":22,"turns":5},{"damage":35,"enemies":"Snecko","floor":27,"turns":5},{"damage":48,"enemies":"Sentry and Sphere","floor":28,"turns":3}],"seed_played":"2011695380432564333","potions_obtained":[{"floor":1,"key":"Ancient Potion"},{"floor":2,"key":"LiquidBronze"},{"floor":11,"key":"FearPotion"},{"floor":27,"key":"SneckoOil"}],"is_trial":false,"path_per_floor":["M","M","$","M","M","R","?","M","T","R","M","R","?","?","R","B",null,"M","?","?","?","M","R","$","?","T","M","M"],"character_chosen":"IRONCLAD","items_purchased":["Spot Weakness"],"campfire_rested":2,"item_purchase_floors":[3],"current_hp_per_floor":[88,85,85,77,71,71,76,77,77,93,87,87,86,79,79,38,86,61,61,61,61,45,70,70,70,70,46,0],"gold":267,"neow_bonus":"TEN_PERCENT_HP_BONUS","is_prod":false,"is_daily":false,"chose_seed":false,"campfire_upgraded":3,"win_rate":0,"timestamp":1565750635,"path_taken":["M","?","$","M","M","R","?","M","T","R","M","R","?","?","R","BOSS","M","?","?","?","M","R","$","?","T","?","M"],"build_version":"2019-07-17","purchased_purges":1,"victory":false,"max_hp_per_floor":[88,88,88,88,88,88,93,93,93,93,93,93,86,86,86,86,86,86,86,86,86,86,86,86,86,86,86,86],"card_choices":[{"not_picked":["Corruption","Twin Strike","Feel No Pain"],"picked":"SKIP","floor":1},{"not_picked":["Clash","Wild Strike"],"picked":"Armaments","floor":2},{"not_picked":["Headbutt","Flex"],"picked":"Seeing Red","floor":4},{"not_picked":["Seeing Red","Clash"],"picked":"Clothesline","floor":5},{"not_picked":["Clothesline","Searing Blow"],"picked":"Iron Wave","floor":8},{"not_picked":["Reaper","Second Wind"],"picked":"True Grit","floor":11},{"not_picked":["Brutality","Barricade"],"picked":"Berserk","floor":16},{"not_picked":["Power Through","Wild Strike"],"picked":"Heavy Blade","floor":18},{"not_picked":["Hemokinesis","Clash"],"picked":"Dual Wield","floor":22},{"not_picked":["Warcry","Reckless Charge"],"picked":"Ghostly Armor","floor":27}],"player_experience":367050,"relics_obtained":[{"floor":9,"key":"Bag of Marbles"},{"floor":26,"key":"Dream Catcher"}],"event_choices":[{"damage_healed":0,"gold_gain":0,"player_choice":"Donut","damage_taken":0,"max_hp_gain":5,"max_hp_loss":0,"event_name":"Big Fish","floor":7,"gold_loss":0},{"damage_healed":0,"gold_gain":0,"player_choice":"Lose Max HP","damage_taken":0,"relics_obtained":["Golden Idol"],"max_hp_gain":0,"max_hp_loss":7,"event_name":"Golden Idol","floor":13,"gold_loss":0},{"cards_removed":["Defend_R"],"damage_healed":0,"gold_gain":0,"player_choice":"Card Removal","damage_taken":7,"max_hp_gain":0,"max_hp_loss":0,"event_name":"Golden Wing","floor":14,"gold_loss":0},{"damage_healed":0,"gold_gain":0,"cards_transformed":["Strike_R","Defend_R"],"player_choice":"Became Test Subject","damage_taken":0,"max_hp_gain":0,"max_hp_loss":0,"event_name":"Drug Dealer","floor":19,"gold_loss":0,"cards_obtained":["Reckless Charge","Spot Weakness"]},{"damage_healed":0,"gold_gain":0,"player_choice":"Ignored","damage_taken":0,"max_hp_gain":0,"max_hp_loss":0,"event_name":"Ghosts","floor":20,"gold_loss":0},{"damage_healed":0,"gold_gain":0,"player_choice":"Gave Idol","damage_taken":0,"relics_obtained":["Bloody Idol"],"max_hp_gain":0,"max_hp_loss":0,"event_name":"Forgotten Altar","floor":21,"relics_lost":["Golden Idol"],"gold_loss":0},{"cards_removed":["Strike_R"],"damage_healed":0,"gold_gain":0,"player_choice":"Elegance","damage_taken":0,"max_hp_gain":0,"max_hp_loss":0,"event_name":"Back to Basics","floor":25,"gold_loss":0}],"is_beta":false,"boss_relics":[{"not_picked":["Ectoplasm","Sozu"],"picked":"Philosopher\u0027s Stone"}],"items_purged_floors":[3],"is_endless":false,"potions_floor_spawned":[1,2,11,27],"killed_by":"Sentry and Sphere","ascension_level":4}