{"gold_per_floor":[119,134,151,151,151,180,65,65,65,65,77,88,106,126,126,221,221,237,250,250,59,0,27,41,41,41,97,97,97,47,65,65,65],"floor_reached":33,"playtime":1106,"items_purged":["Strike_B"],"score":305,"play_id":"0d59acd7-a622-48f1-82e7-178b726683c7","local_time":"20190722124733","is_ascension_mode":true,"campfire_choices":[{"data":"Zap","floor":8,"key":"SMITH"},{"data":"Seek","floor":10,"key":"SMITH"},{"data":"Scrape","floor":15,"key":"SMITH"},{"data":"Dualcast","floor":29,"key":"SMITH"},{"data":"Ghostly","floor":32,"key":"SMITH"}],"neow_cost":"TEN_PERCENT_HP_LOSS","seed_source_timestamp":9685558773330408,"circlet_count":0,"master_deck":["Strike_B","Strike_B","Defend_B","Defend_B","Defend_B","Defend_B","Zap+1","Dualcast+1","Seek+1","Gash","FTL","Rebound","Scrape+1","Go for the Eyes","All For One","Creative AI+1","Ghostly+1","Ghostly","Ghostly","Ghostly","Ghostly"],"relics":["Cracked Core","Darkstone Periapt","Frozen Egg 2","Singing Bowl","Philosopher\u0027s Stone","OrangePellets","Bronze Scales","Mummified Hand","Tiny Chest"],"potions_floor_usage":[18,24,24],"damage_taken":[{"damage":1,"enemies":"2 Louse","floor":1,"turns":3},{"damage":3,"enemies":"Small Slimes","floor":2,"turns":3},{"damage":3,"enemies":"Jaw Worm","floor":3,"turns":4},{"damage":26,"enemies":"Lagavulin","floor":6,"turns":6},{"damage":9,"enemies":"Blue Slaver","floor":11,"turns":3},{"damage":0,"enemies":"2 Fungi Beasts","floor":12,"turns":3},{"damage":10,"enemies":"Looter","floor":13,"turns":2},{"damage":0,"enemies":"Large Slime","floor":14,"turns":3},{"damage":12,"enemies":"Hexaghost","floor":16,"turns":7},{"damage":6,"enemies":"2 Thieves","floor":18,"turns":3},{"damage":10,"enemies":"Shell Parasite","floor":19,"turns":3},{"damage":22,"enemies":"Gremlin Leader","floor":23,"turns":5},{"damage":18,"enemies":"3 Cultists","floor":24,"turns":4},{"damage":0,"enemies":"Chosen and Byrds","floor":31,"turns":4},{"damage":25,"enemies":"Collector","floor":33,"turns":2}],"seed_played":"-8111193012603345361","potions_obtained":[{"floor":2,"key":"GamblersBrew"},{"floor":6,"key":"Ancient Potion"},{"floor":13,"key":"Fire Potion"},{"floor":16,"key":"Poison Potion"},{"floor":18,"key":"AttackPotion"},{"floor":23,"key":"Regen Potion"}],"is_trial":false,"path_per_floor":["M","M","M","?","?","E","$","R","T","R","M","M","M","M","R","B",null,"M","M","?","$","?","E","M","?","T","T","$","R","?","M","R","B"],"character_chosen":"DEFECT","items_purchased":["Scrape","OrangePellets"],"campfire_rested":0,"item_purchase_floors":[7,21],"current_hp_per_floor":[67,64,61,61,58,32,32,32,32,32,25,25,17,19,19,7,74,70,62,47,47,47,25,21,21,21,21,21,21,21,23,23,0],"gold":65,"neow_bonus":"THREE_RARE_CARDS","is_prod":false,"is_daily":false,"chose_seed":false,"campfire_upgraded":5,"win_rate":0,"timestamp":1563778053,"path_taken":["M","M","M","?","?","E","$","R","T","R","M","M","M","M","R","BOSS","M","M","?","$","?","E","M","?","T","?","?","R","?","M","R","BOSS"],"build_version":"2019-07-17","purchased_purges":1,"victory":false,"max_hp_per_floor":[68,68,68,68,68,68,68,68,68,68,70,70,72,74,74,74,74,76,78,83,83,83,83,85,42,42,42,42,42,42,44,44,44],"card_choices":[{"not_picked":["Meteor Strike","Buffer"],"picked":"Seek","floor":0},{"not_picked":["Steam","Coolheaded"],"picked":"Gash","floor":1},{"not_picked":["Gash","Barrage"],"picked":"FTL","floor":2},{"not_picked":["Coolheaded","Amplify"],"picked":"Rebound","floor":3},{"not_picked":["Ball Lightning","BootSequence","Multi-Cast"],"picked":"SKIP","floor":6},{"not_picked":["Steam","Cold Snap","Double Energy"],"picked":"Singing Bowl","floor":11},{"not_picked":["Redo","Sunder"],"picked":"Go for the Eyes","floor":12},{"not_picked":["Steam","Consume","Beam Cell"],"picked":"Singing Bowl","floor":13},{"not_picked":["Rip and Tear","Rainbow","Reprogram"],"picked":"Singing Bowl","floor":14},{"not_picked":["Buffer+1","Thunder Strike"],"picked":"All For One","floor":16},{"not_picked":["Tempest","Aggregate+1","Cold Snap+1"],"picked":"Singing Bowl","floor":18},{"not_picked":["Conserve Battery","FTL","Compile Driver+1"],"picked":"Singing Bowl","floor":19},{"not_picked":["Amplify","Turbo"],"picked":"Creative AI+1","floor":23},{"not_picked":["Conserve Battery","Undo","Rip and Tear"],"picked":"Singing Bowl","floor":24},{"not_picked":["Sweeping Beam","White Noise","Loop+1"],"picked":"Singing Bowl","floor":31}],"player_experience":1570676,"relics_obtained":[{"floor":6,"key":"Frozen Egg 2"},{"floor":9,"key":"Singing Bowl"},{"floor":23,"key":"Bronze Scales"},{"floor":26,"key":"Mummified Hand"},{"floor":27,"key":"Tiny Chest"}],"event_choices":[{"cards_removed":["Strike_B"],"damage_healed":0,"gold_gain":0,"player_choice":"Forget","damage_taken":0,"max_hp_gain":0,"max_hp_loss":0,"event_name":"Living Wall","floor":4,"gold_loss":0},{"damage_healed":0,"gold_gain":0,"player_choice":"Success","damage_taken":3,"relics_obtained":["Darkstone Periapt"],"max_hp_gain":0,"max_hp_loss":0,"event_name":"Scrap Ooze","floor":5,"gold_loss":0},{"damage_healed":0,"gold_gain":0,"player_choice":"Shed Blood","damage_taken":20,"max_hp_gain":5,"max_hp_loss":0,"event_name":"Forgotten Altar","floor":20,"gold_loss":0},{"damage_healed":0,"gold_gain":0,"player_choice":"Paid Fearfully","damage_taken":0,"max_hp_gain":0,"max_hp_loss":0,"event_name":"Masked Bandits","floor":22,"gold_loss":59},{"damage_healed":0,"gold_gain":0,"player_choice":"Became a Ghost","damage_taken":0,"max_hp_gain":0,"max_hp_loss":43,"event_name":"Ghosts","floor":25,"gold_loss":0,"cards_obtained":["Ghostly","Ghostly","Ghostly","Ghostly","Ghostly"]},{"damage_healed":0,"gold_gain":0,"player_choice":"Bet on Owner","damage_taken":0,"max_hp_gain":0,"max_hp_loss":0,"event_name":"The Joust","floor":30,"gold_loss":50}],"is_beta":false,"boss_relics":[{"not_picked":["Pandora\u0027s Box","Black Star"],"picked":"Philosopher\u0027s Stone"}],"items_purged_floors":[7],"is_endless":false,"potions_floor_spawned":[2,6,13,16,18,19,23],"killed_by":"Collector","ascension_level":1}