{"gold_per_floor":[117,117,82,82,82,82,96,115,141,160,200,218,218],"floor_reached":13,"playtime":326,"items_purged":[],"score":119,"play_id":"f9d59a5b-33fd-4bd5-950c-8adb60415823","local_time":"20190602222425","is_ascension_mode":true,"campfire_choices":[{"data":"Zap","floor":6,"key":"SMITH"}],"neow_cost":"NONE","seed_source_timestamp":1641996108151175,"circlet_count":0,"master_deck":["Strike_B","Strike_B","Strike_B","Strike_B","Defend_B","Defend_B","Defend_B","Defend_B","Zap+1","Dualcast","Genetic Algorithm+1","Undo","Ball Lightning","Capacitor","Ball Lightning"],"relics":["Cracked Core","Pantograph","Golden Idol","PreservedInsect","Symbiotic Virus"],"potions_floor_usage":[],"damage_taken":[{"damage":9,"enemies":"2 Louse","floor":1,"turns":4},{"damage":7,"enemies":"Small Slimes","floor":7,"turns":3},{"damage":0,"enemies":"Jaw Worm","floor":8,"turns":3},{"damage":20,"enemies":"Large Slime","floor":10,"turns":6},{"damage":25,"enemies":"3 Sentries","floor":11,"turns":6},{"damage":7,"enemies":"2 Fungi Beasts","floor":12,"turns":4},{"damage":20,"enemies":"Lagavulin","floor":13,"turns":3}],"seed_played":"-2565473977884230332","potions_obtained":[{"floor":1,"key":"FearPotion"},{"floor":11,"key":"SpeedPotion"}],"is_trial":false,"path_per_floor":["M","?","?","?","?","R","M","M","T","M","E","M","E"],"character_chosen":"DEFECT","items_purchased":[],"campfire_rested":0,"item_purchase_floors":[],"current_hp_per_floor":[66,41,61,61,61,61,54,54,54,34,9,2,0],"gold":218,"neow_bonus":"TEN_PERCENT_HP_BONUS","is_prod":false,"is_daily":false,"chose_seed":false,"campfire_upgraded":1,"win_rate":0,"timestamp":1559528665,"path_taken":["M","?","?","?","?","R","M","M","T","?","E","M","E"],"build_version":"2019-01-23","purchased_purges":0,"victory":false,"max_hp_per_floor":[82,82,82,82,76,76,76,76,76,76,76,76,76],"card_choices":[{"not_picked":["Auto Shields","Blizzard"],"picked":"Genetic Algorithm","floor":1},{"not_picked":["White Noise","Hologram"],"picked":"Undo","floor":7},{"not_picked":["Go for the Eyes","Hologram"],"picked":"Ball Lightning","floor":8},{"not_picked":["BootSequence","Steam Power"],"picked":"Capacitor","floor":10},{"not_picked":["Fusion","Compile Driver","Multi-Cast"],"picked":"SKIP","floor":11},{"not_picked":["Heatsinks","Cold Snap"],"picked":"Ball Lightning","floor":12}],"player_experience":569218,"relics_obtained":[{"floor":9,"key":"PreservedInsect"},{"floor":11,"key":"Symbiotic Virus"}],"event_choices":[{"damage_healed":0,"gold_gain":0,"player_choice":"Success","damage_taken":25,"relics_obtained":["Pantograph"],"max_hp_gain":0,"max_hp_loss":0,"event_name":"Scrap Ooze","floor":2,"gold_loss":0},{"damage_healed":20,"gold_gain":0,"player_choice":"Healed","damage_taken":0,"max_hp_gain":0,"max_hp_loss":0,"event_name":"The Cleric","floor":3,"gold_loss":35},{"damage_healed":0,"gold_gain":0,"player_choice":"Grow","damage_taken":0,"max_hp_gain":0,"max_hp_loss":0,"event_name":"Living Wall","floor":4,"gold_loss":0,"cards_upgraded":["Genetic Algorithm"]},{"damage_healed":0,"gold_gain":0,"player_choice":"Lose Max HP","damage_taken":0,"relics_obtained":["Golden Idol"],"max_hp_gain":0,"max_hp_loss":6,"event_name":"Golden Idol","floor":5,"gold_loss":0}],"is_beta":false,"boss_relics":[],"items_purged_floors":[],"is_endless":false,"potions_floor_spawned":[1,11],"killed_by":"Lagavulin","ascension_level":8}