{"gold_per_floor":[114,130,141,216,235,235,41,66,89,122,135,16,33,33,33,132,132,143,159,191,207,218,218,253,253,253,253,253,270,185,196,196,299,299,316,34,50,69,84,84],"floor_reached":40,"playtime":2109,"items_purged":[],"score":679,"play_id":"1a4127f3-3625-415f-930c-7de0dab7c17c","local_time":"20190623125742","is_ascension_mode":true,"campfire_choices":[{"data":"Zap","floor":6,"key":"SMITH"},{"data":"Loop","floor":15,"key":"SMITH"},{"data":"BootSequence","floor":23,"key":"SMITH"},{"floor":28,"key":"REST"},{"floor":32,"key":"REST"}],"neow_cost":"NONE","seed_source_timestamp":231089978661307,"circlet_count":0,"master_deck":["AscendersBane","Strike_B","Strike_B","Strike_B","Defend_B","Defend_B","Defend_B","Defend_B+1","Zap+1","Dualcast","Steam Power+1","Go for the Eyes","Ball Lightning","Sweeping Beam","Coolheaded","Electrodynamics","FTL","Chill","BootSequence+1","Compile Driver","Loop+1","Conserve Battery","Leap","Echo Form","Self Repair","FTL+1","Gash","Doom and Gloom+1","Reinforced Body","Barrage+1","Genetic Algorithm","Gash+1","Sunder+1","Biased Cognition","Capacitor","Coolheaded+1","Melter+1","Defragment"],"relics":["Cracked Core","Vajra","Happy Flower","War Paint","Sozu","Red Mask","Dream Catcher","Blood Vial","Strawberry","Black Star","Lee\u0027s Waffle"],"potions_floor_usage":[8,10,13,20],"damage_taken":[{"damage":4,"enemies":"Jaw Worm","floor":1,"turns":4},{"damage":5,"enemies":"Small Slimes","floor":2,"turns":4},{"damage":2,"enemies":"2 Louse","floor":3,"turns":3},{"damage":0,"enemies":"2 Fungi Beasts","floor":5,"turns":2},{"damage":11,"enemies":"Gremlin Nob","floor":8,"turns":3},{"damage":6,"enemies":"Lagavulin","floor":10,"turns":5},{"damage":0,"enemies":"3 Louse","floor":11,"turns":3},{"damage":0,"enemies":"Lots of Slimes","floor":13,"turns":2},{"damage":17,"enemies":"Hexaghost","floor":16,"turns":10},{"damage":20,"enemies":"Spheric Guardian","floor":18,"turns":4},{"damage":0,"enemies":"3 Byrds","floor":19,"turns":3},{"damage":9,"enemies":"Masked Bandits","floor":20,"turns":5},{"damage":8,"enemies":"Snecko","floor":21,"turns":6},{"damage":4,"enemies":"Centurion and Healer","floor":22,"turns":5},{"damage":46,"enemies":"Book of Stabbing","floor":24,"turns":6},{"damage":16,"enemies":"3 Cultists","floor":29,"turns":6},{"damage":31,"enemies":"Shelled Parasite and Fungi","floor":31,"turns":4},{"damage":42,"enemies":"Champ","floor":33,"turns":14},{"damage":21,"enemies":"Orb Walker","floor":35,"turns":5},{"damage":17,"enemies":"3 Shapes","floor":37,"turns":8},{"damage":10,"enemies":"Spire Growth","floor":38,"turns":5},{"damage":37,"enemies":"3 Darklings","floor":39,"turns":6},{"damage":71,"enemies":"Reptomancer","floor":40,"turns":4}],"seed_played":"8389232941871245198","potions_obtained":[{"floor":3,"key":"Fire Potion"},{"floor":5,"key":"Explosive Potion"},{"floor":8,"key":"SkillPotion"},{"floor":16,"key":"Fire Potion"}],"is_trial":false,"path_per_floor":["M","M","M","?","M","R","$","E","T","E","M","$","M","?","R","B",null,"M","M","?","M","M","R","E","?","T","?","R","M","?","M","R","B",null,"M","$","M","M","M","E"],"character_chosen":"DEFECT","items_purchased":["Electrodynamics","FTL","Loop","Conserve Battery","Capacitor","Lee\u0027s Waffle"],"campfire_rested":2,"item_purchase_floors":[7,7,12,12,36,36],"current_hp_per_floor":[64,59,57,46,46,46,46,35,35,29,29,29,29,29,29,12,59,39,46,51,57,53,53,14,14,14,39,61,47,54,32,56,23,67,55,89,86,89,66,0],"gold":84,"neow_bonus":"TRANSFORM_CARD","is_prod":false,"is_daily":false,"chose_seed":false,"campfire_upgraded":3,"win_rate":0,"timestamp":1561312662,"path_taken":["M","M","M","?","M","R","$","E","T","E","M","$","M","?","R","BOSS","M","M","?","M","M","R","E","?","T","?","R","M","?","M","R","BOSS","M","$","M","M","M","E"],"build_version":"2019-01-23","purchased_purges":0,"victory":false,"max_hp_per_floor":[75,75,75,75,75,75,75,75,75,75,75,75,75,75,75,75,75,75,75,75,75,75,75,75,75,75,75,75,75,82,82,82,82,82,82,89,89,89,89,89],"card_choices":[{"not_picked":["Scrape","Steam"],"picked":"Go for the Eyes","floor":1},{"not_picked":["Gash","Sweeping Beam"],"picked":"Ball Lightning","floor":2},{"not_picked":["Reprogram","Turbo"],"picked":"Sweeping Beam","floor":3},{"not_picked":["Go for the Eyes","Ball Lightning"],"picked":"Coolheaded","floor":5},{"not_picked":["Turbo","Redo"],"picked":"Chill","floor":8},{"not_picked":["Thunder Strike","Fusion"],"picked":"BootSequence","floor":10},{"not_picked":["Chaos","Reprogram"],"picked":"Compile Driver","floor":11},{"not_picked":["Stack","Beam Cell"],"picked":"Leap","floor":13},{"not_picked":["Core Surge","Electrodynamics"],"picked":"Echo Form","floor":16},{"not_picked":["Scrape+1","Undo+1"],"picked":"Self Repair","floor":18},{"not_picked":["Conserve Battery+1","Steam+1"],"picked":"FTL+1","floor":19},{"not_picked":["Recycle","Beam Cell"],"picked":"Gash","floor":20},{"not_picked":["Streamline+1","Stack"],"picked":"Doom and Gloom+1","floor":21},{"not_picked":["White Noise","Double Energy"],"picked":"Reinforced Body","floor":22},{"not_picked":["Cold Snap","Beam Cell"],"picked":"Barrage+1","floor":24},{"not_picked":["Darkness","Conserve Battery+1"],"picked":"Genetic Algorithm","floor":28},{"not_picked":["Coolheaded","Compile Driver"],"picked":"Gash+1","floor":29},{"not_picked":["Leap","Coolheaded","Force Field"],"picked":"SKIP","floor":31},{"not_picked":["Leap","Turbo"],"picked":"Sunder+1","floor":32},{"not_picked":["Meteor Strike","Multi-Cast"],"picked":"Biased Cognition","floor":33},{"not_picked":["Compile Driver","Steam Power+1","Gash"],"picked":"SKIP","floor":35},{"not_picked":["Ball Lightning","Barrage+1"],"picked":"Coolheaded+1","floor":37},{"not_picked":["Compile Driver+1","Rip and Tear"],"picked":"Melter+1","floor":38},{"not_picked":["Streamline","Leap+1"],"picked":"Defragment","floor":39}],"player_experience":271420,"relics_obtained":[{"floor":8,"key":"Vajra"},{"floor":9,"key":"Happy Flower"},{"floor":10,"key":"War Paint"},{"floor":20,"key":"Red Mask"},{"floor":24,"key":"Dream Catcher"},{"floor":26,"key":"Blood Vial"}],"event_choices":[{"damage_healed":0,"gold_gain":75,"player_choice":"Gather Gold","damage_taken":11,"max_hp_gain":0,"max_hp_loss":0,"event_name":"World of Goop","floor":4,"gold_loss":0},{"damage_healed":0,"gold_gain":0,"player_choice":"Ignored","damage_taken":0,"max_hp_gain":0,"max_hp_loss":0,"event_name":"Liars Game","floor":14,"gold_loss":0},{"damage_healed":0,"gold_gain":0,"player_choice":"Fought Bandits","damage_taken":0,"max_hp_gain":0,"max_hp_loss":0,"event_name":"Masked Bandits","floor":20,"gold_loss":0},{"damage_healed":0,"gold_gain":0,"player_choice":"Ignored","damage_taken":0,"max_hp_gain":0,"max_hp_loss":0,"event_name":"Vampires","floor":25,"gold_loss":0},{"damage_healed":25,"gold_gain":0,"player_choice":"Heal","damage_taken":0,"max_hp_gain":0,"max_hp_loss":0,"event_name":"The Library","floor":27,"gold_loss":0},{"damage_healed":0,"gold_gain":0,"player_choice":"Obtained Relic","damage_taken":0,"relics_obtained":["Strawberry"],"max_hp_gain":0,"max_hp_loss":0,"event_name":"Addict","floor":30,"gold_loss":85}],"is_beta":false,"boss_relics":[{"not_picked":["Busted Crown","Ectoplasm"],"picked":"Sozu"},{"not_picked":["Empty Cage","Runic Pyramid"],"picked":"Black Star"}],"items_purged_floors":[],"is_endless":false,"potions_floor_spawned":[3,5,8,16,18,19,29,33,35],"killed_by":"Reptomancer","ascension_level":11}