{"gold_per_floor":[115,115,115,125,136,171,184,184,184,184,184,211,211,225,225,303,303,283,173,173],"floor_reached":20,"playtime":823,"items_purged":[],"score":355,"play_id":"5d6a5d0f-bfbb-4bf3-b6d0-dbf6e23faaff","local_time":"20190802173200","is_ascension_mode":true,"campfire_choices":[{"data":"White Noise","floor":10,"key":"SMITH"},{"floor":15,"key":"REST"}],"neow_cost":"NONE","seed_source_timestamp":2052541981305026,"circlet_count":0,"master_deck":["AscendersBane","Strike_B","Strike_B","Strike_B","Defend_B","Defend_B","Defend_B","Defend_B","Zap+1","Dualcast","Capacitor","White Noise+1","Sweeping Beam","Go for the Eyes","Barrage","Leap+1","Parasite","Fusion","Leap","Seek"],"special_seed":0,"relics":["Cracked Core","NeowsBlessing","Juzu Bracelet","Letter Opener","Bottled Tornado","Philosopher\u0027s Stone"],"potions_floor_usage":[18],"damage_taken":[{"damage":0.0,"enemies":"Jaw Worm","floor":1.0,"turns":1.0},{"damage":0.0,"enemies":"2 Louse","floor":4.0,"turns":1.0},{"damage":0.0,"enemies":"Cultist","floor":5.0,"turns":1.0},{"damage":35.0,"enemies":"3 Sentries","floor":6.0,"turns":8.0},{"damage":9.0,"enemies":"Red Slaver","floor":7.0,"turns":4.0},{"damage":16.0,"enemies":"Lagavulin","floor":8.0,"turns":7.0},{"damage":29,"enemies":"Gremlin Nob","floor":12,"turns":5},{"damage":8,"enemies":"Blue Slaver","floor":14,"turns":3},{"damage":23,"enemies":"Slime Boss","floor":16,"turns":7},{"damage":20,"enemies":"2 Thieves","floor":18,"turns":4},{"damage":42,"enemies":"Masked Bandits","floor":20,"turns":3}],"seed_played":"8502635201899619729","potions_obtained":[{"floor":4.0,"key":"SmokeBomb"},{"floor":6.0,"key":"Regen Potion"},{"floor":12,"key":"Ancient Potion"},{"floor":16,"key":"Strength Potion"}],"is_trial":false,"path_per_floor":["M","?","?","M","M","E","M","E","T","R","?","E","?","M","R","B",null,"M","?","?"],"character_chosen":"DEFECT","items_purchased":[],"campfire_rested":1,"item_purchase_floors":[],"current_hp_per_floor":[64,64,64,64,64,29,32,16,16,16,33,4,27,19,40,17,58,38,38,0],"gold":173,"neow_bonus":"THREE_ENEMY_KILL","is_prod":false,"is_daily":false,"chose_seed":false,"campfire_upgraded":1,"win_rate":0,"timestamp":1564785120,"path_taken":["M","?","?","M","?","E","M","E","T","R","?","E","?","M","R","BOSS","M","?","?"],"build_version":"2019-07-17","purchased_purges":0,"victory":false,"max_hp_per_floor":[71,71,71,71,71,71,71,71,71,71,71,71,71,71,71,71,71,71,71,71],"card_choices":[{"not_picked":["Stack","Conserve Battery"],"picked":"Capacitor","floor":1.0},{"not_picked":["Stack","Redo"],"picked":"Sweeping Beam","floor":4.0},{"not_picked":["Turbo","Rebound"],"picked":"Go for the Eyes","floor":5.0},{"not_picked":["Self Repair","Rebound"],"picked":"Barrage","floor":6.0},{"not_picked":["Rip and Tear","FTL"],"picked":"Leap","floor":7.0},{"not_picked":["Compile Driver","Amplify"],"picked":"Fusion","floor":12},{"not_picked":["Redo","Go for the Eyes"],"picked":"Leap","floor":14},{"not_picked":["Multi-Cast","Core Surge"],"picked":"Seek","floor":16},{"not_picked":["Hologram","Steam","Rebound+1"],"picked":"SKIP","floor":18}],"player_experience":410798,"relics_obtained":[{"floor":6.0,"key":"Juzu Bracelet"},{"floor":9,"key":"Letter Opener"},{"floor":12,"key":"Bottled Tornado"}],"event_choices":[{"damage_healed":0.0,"max_hp_gain":0.0,"max_hp_loss":0.0,"gold_gain":0.0,"event_name":"Living Wall","player_choice":"Grow","floor":2.0,"gold_loss":0.0,"damage_taken":0.0,"cards_upgraded":["Zap"]},{"damage_healed":0.0,"max_hp_gain":0.0,"max_hp_loss":0.0,"gold_gain":0.0,"event_name":"Match and Keep!","player_choice":"1 cards matched","floor":3.0,"gold_loss":0.0,"damage_taken":0.0,"cards_obtained":["White Noise"]},{"damage_healed":17,"gold_gain":0,"player_choice":"Healed and dodged fight","damage_taken":0,"max_hp_gain":0,"max_hp_loss":0,"event_name":"Mushrooms","floor":11,"gold_loss":0,"cards_obtained":["Parasite"]},{"damage_healed":23,"gold_gain":0,"player_choice":"Banana","damage_taken":0,"max_hp_gain":0,"max_hp_loss":0,"event_name":"Big Fish","floor":13,"gold_loss":0},{"cards_removed":["Strike_B"],"damage_healed":0,"gold_gain":0,"player_choice":"Upgrade and Remove","damage_taken":0,"max_hp_gain":0,"max_hp_loss":0,"event_name":"Designer","floor":19,"gold_loss":110,"cards_upgraded":["Leap"]},{"damage_healed":0,"gold_gain":0,"player_choice":"Fought Bandits","damage_taken":0,"max_hp_gain":0,"max_hp_loss":0,"event_name":"Masked Bandits","floor":20,"gold_loss":0}],"is_beta":false,"boss_relics":[{"not_picked":["Eternal Feather","Coffee Dripper"],"picked":"Philosopher\u0027s Stone"}],"items_purged_floors":[],"is_endless":false,"potions_floor_spawned":[4,6,12,16],"killed_by":"Masked Bandits","ascension_level":17}