{"path_per_floor":["M","M","M","$","?","R","E","?","T","?","R","M","M","M","R","B",null,"M","?","?","M"],"character_chosen":"THE_SILENT","items_purchased":["Bane","Noxious Fumes"],"gold_per_floor":[114,129,142,37,37,37,65,65,65,65,65,81,96,112,112,236,236,261,261,261,274],"floor_reached":22,"campfire_rested":2,"playtime":1830,"current_hp_per_floor":[68,66,59,59,45,66,46,46,46,46,46,45,37,37,56,41,65,20,20,41,25],"items_purged":[],"gold":274,"play_id":"73acf906-8db0-486b-9f68-4c0522c2129c","is_prod":false,"is_daily":false,"campfire_rituals":0,"campfire_upgraded":1,"is_hardmode":false,"path_taken":["M","M","M","$","?","R","E","?","T","?","R","M","M","M","R","BOSS","M","?","?","M","M"],"build_version":"2018-01-11-PROD2","purchased_purges":1,"victory":false,"master_deck":["Defend_G","Defend_G","Defend_G","Defend_G","Defend_G","Strike_G","Strike_G","Strike_G","Strike_G","Survivor","Neutralize","Prepared","Deflect","Quick Slash","Bane","Noxious Fumes","Dagger Throw","Prepared","Underhanded Strike","Underhanded Strike","A Thousand Cuts","Flying Knee","Dash"],"max_hp_per_floor":[70,70,70,70,70,70,70,65,65,65,65,65,65,65,65,65,65,65,65,65,65],"relics":["Ring of the Snake","Bronze Scales","Golden Idol","Frozen Eye","Black Star"],"campfire_meditates":0,"card_choices":[{"not_picked":["Dagger Spray","Outmaneuver"],"picked":"Prepared"},{"not_picked":["Wraith Form","Dash"],"picked":"Deflect"},{"not_picked":["Deadly Poison","All Out Attack"],"picked":"Quick Slash"},{"not_picked":["Choke","Underhanded Strike"],"picked":"Dagger Throw"},{"not_picked":["Well Laid Plans","Sucker Punch"],"picked":"Prepared"},{"not_picked":["PiercingWail","Crippling Poison"],"picked":"Underhanded Strike"},{"not_picked":["Terror","Predator"],"picked":"Underhanded Strike"},{"not_picked":["Night Terror","Wraith Form"],"picked":"A Thousand Cuts"},{"not_picked":["All Out Attack","Poisoned Stab"],"picked":"Flying Knee"},{"not_picked":["Deadly Poison","Sucker Punch"],"picked":"Dash"}],"player_experience":42664,"potions_floor_usage":[7,14,16],"damage_taken":[{"damage":2,"enemies":"2 Louse","floor":1,"turns":3},{"damage":2,"enemies":"Cultist","floor":2,"turns":5},{"damage":7,"enemies":"Blue Slaver","floor":3,"turns":6},{"damage":20,"enemies":"Gremlin Nob","floor":7,"turns":4},{"damage":1,"enemies":"Large Slime","floor":12,"turns":6},{"damage":8,"enemies":"2 Fungi Beasts","floor":13,"turns":4},{"damage":0,"enemies":"Lots of Slimes","floor":14,"turns":3},{"damage":30,"enemies":"Slime Boss","floor":16,"turns":8},{"damage":45,"enemies":"Chosen","floor":18,"turns":6},{"damage":16,"enemies":"Shell Parasite","floor":21,"turns":4},{"damage":30,"enemies":"3 Cultists","floor":22,"turns":5}],"event_choices":[{"event_name":"Shining Light","player_choice":"Entered Light","floor":5,"damage_taken":0},{"event_name":"Golden Idol","player_choice":"Lose Max HP","floor":8,"damage_taken":0},{"event_name":"Purifier","player_choice":"One Purge","floor":10,"damage_taken":0},{"event_name":"Purifier","player_choice":"One Purge","floor":19,"damage_taken":0},{"event_name":"The Library","player_choice":"Heal","floor":20,"damage_taken":0}],"boss_relics":[{"not_picked":["Eternal Feather","Sozu"],"picked":"Black Star"}],"potions_floor_spawned":[3,13,14,21],"seed_played":"5601425408793830771","killed_by":"3 Cultists","is_trial":false}