{"gold_per_floor":[115,126,126,149,170,205,205,238,238,202,202,243,259,284,284,375,375,348,67,67,90,105,149,149,182,250,266,266,299,299,337,337,428,428,451,476,492,46,171,184,220,243,291,291,291,291,312,47,47,47],"floor_reached":50,"playtime":2768,"items_purged":["Strike_B"],"score":1176,"play_id":"88943490-5016-47cb-854d-03eb8bb79412","local_time":"20190729185017","is_ascension_mode":true,"campfire_choices":[{"data":"Buffer","floor":7.0,"key":"SMITH"},{"data":"Zap","floor":15.0,"key":"SMITH"},{"data":"Defragment","floor":24.0,"key":"SMITH"},{"data":"Coolheaded","floor":30.0,"key":"SMITH"},{"data":"Darkness","floor":32.0,"key":"SMITH"},{"floor":44,"key":"DIG"},{"floor":49,"key":"DIG"}],"neow_cost":"NONE","seed_source_timestamp":1709587396836176,"circlet_count":0,"master_deck":["AscendersBane","Strike_B","Strike_B","Defend_B","Defend_B","Defend_B","Defend_B","Zap+1","Dualcast","Doom and Gloom","Cold Snap","Buffer+1","Conserve Battery","Leap","Coolheaded+1","Echo Form","Self Repair","Writhe","Tempest+1","Electrodynamics","Defragment+1","Rip and Tear+1","Streamline+1","Fusion","Darkness+1","Echo Form","Fusion","Meteor Strike+1","Capacitor"],"special_seed":0,"relics":["Cracked Core","Orichalcum","Golden Idol","Strawberry","Ice Cream","Turnip","Emotion Chip","Cables","Snecko Eye","Molten Egg 2","Gambling Chip","Dodecahedron","Omamori","Question Card","Centennial Puzzle","Regal Pillow","Nuclear Battery","Runic Capacitor","Shovel","Unceasing Top","DataDisk","Bronze Scales","Bottled Tornado","Bird Faced Urn"],"potions_floor_usage":[39,41,50,50],"damage_taken":[{"damage":2.0,"enemies":"Small Slimes","floor":1.0,"turns":3.0},{"damage":7.0,"enemies":"2 Louse","floor":2.0,"turns":2.0},{"damage":0.0,"enemies":"Cultist","floor":4.0,"turns":2.0},{"damage":4.0,"enemies":"2 Fungi Beasts","floor":5.0,"turns":2.0},{"damage":24.0,"enemies":"Gremlin Nob","floor":6.0,"turns":6.0},{"damage":14.0,"enemies":"3 Sentries","floor":8.0,"turns":6.0},{"damage":0.0,"enemies":"Lagavulin","floor":12.0,"turns":6.0},{"damage":0.0,"enemies":"3 Louse","floor":13.0,"turns":2.0},{"damage":6.0,"enemies":"Lots of Slimes","floor":14.0,"turns":2.0},{"damage":14.0,"enemies":"The Guardian","floor":16.0,"turns":16.0},{"damage":3.0,"enemies":"2 Thieves","floor":18.0,"turns":4.0},{"damage":3.0,"enemies":"Spheric Guardian","floor":21.0,"turns":4.0},{"damage":0.0,"enemies":"3 Cultists","floor":22.0,"turns":3.0},{"damage":19.0,"enemies":"Slavers","floor":23.0,"turns":3.0},{"damage":0.0,"enemies":"Gremlin Leader","floor":25.0,"turns":5.0},{"damage":8.0,"enemies":"Centurion and Healer","floor":27.0,"turns":3.0},{"damage":14.0,"enemies":"Slavers","floor":29.0,"turns":3.0},{"damage":8.0,"enemies":"Book of Stabbing","floor":31.0,"turns":4.0},{"damage":3,"enemies":"Automaton","floor":33,"turns":8},{"damage":1,"enemies":"Orb Walker","floor":35,"turns":4},{"damage":11,"enemies":"3 Darklings","floor":36,"turns":3},{"damage":10,"enemies":"4 Shapes","floor":37,"turns":2},{"damage":18,"enemies":"Mind Bloom Boss Battle","floor":39,"turns":4},{"damage":0,"enemies":"Maw","floor":40,"turns":5},{"damage":10,"enemies":"Nemesis","floor":41,"turns":5},{"damage":0,"enemies":"Spire Growth","floor":42,"turns":3},{"damage":0,"enemies":"3 Darklings","floor":47,"turns":2},{"damage":91,"enemies":"Awakened One","floor":50,"turns":8}],"seed_played":"5587638535642355084","potions_obtained":[{"floor":1.0,"key":"Regen Potion"},{"floor":2.0,"key":"Regen Potion"},{"floor":8.0,"key":"Explosive Potion"},{"floor":12.0,"key":"EssenceOfSteel"},{"floor":14.0,"key":"SkillPotion"},{"floor":18.0,"key":"Energy Potion"},{"floor":21.0,"key":"Ancient Potion"},{"floor":25.0,"key":"AttackPotion"},{"floor":33,"key":"Fruit Juice"},{"floor":39,"key":"Swift Potion"},{"floor":40,"key":"Weak Potion"},{"floor":42,"key":"Block Potion"}],"is_trial":false,"path_per_floor":["M","M","?","M","M","E","R","E","T","?","?","E","M","M","R","B",null,"M","$","?","M","M","E","R","E","T","M","?","E","R","E","R","B",null,"M","M","M","$","?","M","E","M","T","R","?","?","M","$","R","B"],"character_chosen":"DEFECT","items_purchased":["Molten Egg 2","Runic Capacitor","Meteor Strike+1","Bottled Tornado"],"campfire_rested":0,"item_purchase_floors":[19,38,38,48],"current_hp_per_floor":[62,55,31,31,27,44,44,30,30,30,30,30,30,24,24,10,61,58,58,58,62,69,64,64,78,78,70,70,56,56,62,62,66,75,78,74,64,64,65,79,83,83,83,83,83,83,83,83,83,0],"gold":47,"neow_bonus":"RANDOM_COMMON_RELIC","is_prod":false,"is_daily":false,"chose_seed":false,"campfire_upgraded":5,"win_rate":0,"timestamp":1564444217,"path_taken":["M","M","?","M","M","E","R","E","T","?","?","E","?","M","R","BOSS","M","$","?","M","M","E","R","E","T","M","?","E","R","E","R","BOSS","M","M","?","$","?","M","E","M","T","R","?","?","?","?","R","BOSS"],"build_version":"2019-07-17","purchased_purges":1,"victory":false,"max_hp_per_floor":[71,71,71,71,71,78,78,78,78,78,78,78,78,78,78,78,78,78,78,78,78,78,78,78,78,78,78,78,78,78,78,78,78,78,78,78,78,78,83,83,83,83,83,83,83,83,83,83,83,83],"card_choices":[{"not_picked":["Conserve Battery","Cold Snap"],"picked":"Doom and Gloom","floor":1.0},{"not_picked":["Chaos","Gash"],"picked":"Go for the Eyes","floor":2.0},{"not_picked":["Hologram","Hello World"],"picked":"Cold Snap","floor":4.0},{"not_picked":["Hologram","Rebound"],"picked":"Buffer","floor":5.0},{"not_picked":["Chaos","Gash"],"picked":"Conserve Battery","floor":6.0},{"not_picked":["Doom and Gloom","Aggregate","All For One"],"picked":"SKIP","floor":8.0},{"not_picked":["Auto Shields","Rebound","Lockon"],"picked":"SKIP","floor":12.0},{"not_picked":["Beam Cell","Sweeping Beam"],"picked":"Leap","floor":13.0},{"not_picked":["Rebound","Leap"],"picked":"Coolheaded","floor":14.0},{"not_picked":["Meteor Strike","All For One"],"picked":"Echo Form","floor":16.0},{"not_picked":["Redo","Hologram"],"picked":"Self Repair","floor":18.0},{"not_picked":["Compile Driver+1","Auto Shields"],"picked":"Tempest+1","floor":21.0},{"not_picked":["Beam Cell+1","White Noise"],"picked":"Electrodynamics","floor":22.0},{"not_picked":["Streamline+1","Reprogram"],"picked":"Defragment","floor":23.0},{"not_picked":["Auto Shields","Conserve Battery"],"picked":"Rip and Tear+1","floor":25.0},{"not_picked":["Blizzard+1","Rebound+1","Gash+1"],"picked":"Streamline+1","floor":27.0},{"not_picked":["Leap","Beam Cell+1","Coolheaded"],"picked":"Fusion","floor":29.0},{"not_picked":["Streamline+1","Coolheaded","Stack"],"picked":"Darkness","floor":31.0},{"not_picked":["Rainbow","Biased Cognition","Seek"],"picked":"Echo Form","floor":33},{"not_picked":["Doom and Gloom+1","Darkness","Rebound+1"],"picked":"Fusion","floor":35},{"not_picked":["Streamline+1","White Noise+1","FTL+1","BootSequence+1"],"picked":"SKIP","floor":36},{"not_picked":["Ball Lightning+1","Hologram","Go for the Eyes+1","Hello World+1"],"picked":"SKIP","floor":37},{"not_picked":["Go for the Eyes+1","Auto Shields+1","Beam Cell+1"],"picked":"Rainbow","floor":40},{"not_picked":["Scrape+1","Rebound+1","Compile Driver+1","Barrage+1"],"picked":"SKIP","floor":41},{"not_picked":["Coolheaded","Barrage+1","Leap"],"picked":"Capacitor","floor":42},{"not_picked":["Stack","Scrape+1","Sweeping Beam+1","Leap"],"picked":"SKIP","floor":47}],"player_experience":402241,"relics_obtained":[{"floor":6.0,"key":"Strawberry"},{"floor":8.0,"key":"Ice Cream"},{"floor":9.0,"key":"Turnip"},{"floor":12.0,"key":"Cables"},{"floor":23.0,"key":"Dodecahedron"},{"floor":25.0,"key":"Omamori"},{"floor":26.0,"key":"Question Card"},{"floor":29.0,"key":"Centennial Puzzle"},{"floor":31.0,"key":"Regal Pillow"},{"floor":39,"key":"Shovel"},{"floor":41,"key":"Unceasing Top"},{"floor":43,"key":"DataDisk"},{"floor":44,"key":"Bronze Scales"},{"floor":49,"key":"Bird Faced Urn"}],"event_choices":[{"damage_healed":0.0,"max_hp_gain":0.0,"max_hp_loss":0.0,"gold_gain":0.0,"event_name":"Golden Idol","player_choice":"Take Damage","floor":3.0,"gold_loss":0.0,"damage_taken":24.0,"relics_obtained":["Golden Idol"]},{"damage_healed":0.0,"max_hp_gain":0.0,"max_hp_loss":0.0,"gold_gain":0.0,"event_name":"World of Goop","player_choice":"Left Gold","floor":10.0,"gold_loss":36.0,"damage_taken":0.0},{"cards_removed":["Go for the Eyes"],"damage_healed":0.0,"max_hp_gain":0.0,"max_hp_loss":0.0,"gold_gain":0.0,"event_name":"WeMeetAgain","player_choice":"Gave Card","floor":11.0,"gold_loss":0.0,"damage_taken":0.0,"relics_obtained":["Emotion Chip"]},{"damage_healed":0.0,"max_hp_gain":0.0,"max_hp_loss":0.0,"gold_gain":0.0,"event_name":"The Mausoleum","player_choice":"Opened","floor":20.0,"gold_loss":0.0,"damage_taken":0.0,"relics_obtained":["Gambling Chip"],"cards_obtained":["Writhe"]},{"cards_removed":["Strike_B"],"damage_healed":0.0,"max_hp_gain":0.0,"max_hp_loss":0.0,"gold_gain":0.0,"event_name":"Purifier","player_choice":"Purged","floor":28.0,"gold_loss":0.0,"damage_taken":0.0},{"damage_healed":0,"gold_gain":0,"player_choice":"Fight","damage_taken":0,"max_hp_gain":0,"max_hp_loss":0,"event_name":"MindBloom","floor":39,"gold_loss":0},{"cards_removed":["Rainbow"],"damage_healed":0,"gold_gain":0,"player_choice":"Removed Skill","damage_taken":0,"max_hp_gain":0,"max_hp_loss":0,"event_name":"Falling","floor":45,"gold_loss":0},{"damage_healed":0,"gold_gain":0,"player_choice":"Memory 1","damage_taken":0,"max_hp_gain":0,"max_hp_loss":0,"event_name":"SensoryStone","floor":46,"gold_loss":0}],"is_beta":false,"boss_relics":[{"not_picked":["Astrolabe","Runic Pyramid"],"picked":"Snecko Eye"},{"not_picked":["Calling Bell","Velvet Choker"],"picked":"Nuclear Battery"}],"items_purged_floors":[38],"is_endless":false,"potions_floor_spawned":[1,2,8,12,14,18,21,25,33,36,39,40,42],"killed_by":"Awakened One","ascension_level":17}