{"gold_per_floor":[117,137,62,74,94,125,125,140,166,193,193],"floor_reached":11,"playtime":409,"items_purged":["Strike_B"],"score":85,"play_id":"14d3fe42-dc98-4d0c-be32-c80ba24f323b","local_time":"20181117173939","is_ascension_mode":false,"campfire_choices":[{"data":"FTL","floor":7,"key":"SMITH"}],"neow_cost":"NONE","seed_source_timestamp":318666929828541,"circlet_count":0,"master_deck":["Strike_B","Strike_B","Strike_B","Defend_B","Defend_B","Defend_B","Defend_B","Zap","Dualcast","Panacea","FTL","Beam Cell","Ball Lightning","FTL+1","Rebound","Coolheaded","Echo Form"],"relics":["Cracked Core","Smiling Mask","Boot","Anchor"],"potions_floor_usage":[10,10,11],"damage_taken":[{"damage":7,"enemies":"2 Louse","floor":1,"turns":4},{"damage":3,"enemies":"Small Slimes","floor":2,"turns":3},{"damage":6,"enemies":"Cultist","floor":4,"turns":3},{"damage":4,"enemies":"Blue Slaver","floor":5,"turns":3},{"damage":21,"enemies":"Lagavulin","floor":6,"turns":5},{"damage":23,"enemies":"Exordium Thugs","floor":8,"turns":4},{"damage":10,"enemies":"Gremlin Nob","floor":10,"turns":3},{"damage":7,"enemies":"Gremlin Nob","floor":11,"turns":2}],"seed_played":"-1785321417135583415","potions_obtained":[{"floor":4,"key":"SkillPotion"},{"floor":6,"key":"Swift Potion"},{"floor":8,"key":"FocusPotion"}],"is_trial":false,"path_per_floor":["M","M","$","M","M","E","R","M","T","E","?"],"character_chosen":"DEFECT","items_purchased":[],"campfire_rested":0,"item_purchase_floors":[],"current_hp_per_floor":[68,65,65,59,55,34,34,11,11,1,0],"gold":193,"neow_bonus":"RANDOM_COLORLESS","is_prod":false,"is_daily":false,"chose_seed":false,"campfire_upgraded":1,"win_rate":0.0,"timestamp":1542494379,"path_taken":["M","M","$","M","M","E","R","M","T","E","?"],"build_version":"2018-11-15","purchased_purges":1,"victory":false,"max_hp_per_floor":[75,75,75,75,75,75,75,75,75,75,75],"card_choices":[{"not_picked":["Rebound","Steam Power"],"picked":"FTL","floor":1},{"not_picked":["Chill","Stack"],"picked":"Beam Cell","floor":2},{"not_picked":["Cold Snap","BootSequence"],"picked":"Ball Lightning","floor":4},{"not_picked":["Chaos","Aggregate"],"picked":"FTL","floor":5},{"not_picked":["Stack","Streamline"],"picked":"Rebound","floor":6},{"not_picked":["Stack","Streamline"],"picked":"Coolheaded","floor":8},{"not_picked":["Darkness","Blizzard"],"picked":"Echo Form","floor":10}],"player_experience":116122,"relics_obtained":[{"floor":6,"key":"Smiling Mask"},{"floor":9,"key":"Boot"},{"floor":10,"key":"Anchor"}],"event_choices":[{"damage_healed":0,"gold_gain":0,"player_choice":"Searched \u00271\u0027 times","damage_taken":0,"max_hp_gain":0,"max_hp_loss":0,"event_name":"Dead Adventurer","floor":11,"gold_loss":0}],"is_beta":false,"boss_relics":[],"items_purged_floors":[3],"is_endless":false,"potions_floor_spawned":[4,6,8],"killed_by":"Gremlin Nob","ascension_level":0}