{"gold_per_floor":[111,186,13,13,13,48,48,67,67,82,82,121,141,141,141,141],"floor_reached":16,"playtime":658,"items_purged":[],"score":135,"play_id":"54a20c3d-0aa3-462f-9f37-83d956f357d2","local_time":"20190131180141","is_ascension_mode":true,"campfire_choices":[{"floor":7,"key":"REST"},{"data":"A Thousand Cuts","floor":11,"key":"SMITH"},{"data":"Backflip","floor":15,"key":"SMITH"}],"neow_cost":"NONE","seed_source_timestamp":1719933681876644,"circlet_count":0,"master_deck":["Defend_G","Defend_G","Defend_G","Defend_G","Defend_G","Strike_G","Strike_G","Strike_G","Strike_G","Survivor","Neutralize","Quick Slash","A Thousand Cuts+1","Dagger Spray","Neutralize","Venomology","Blade Dance","Choke","Slice","Slice","Backflip+1","Endless Agony","Acrobatics"],"relics":["Ring of the Snake","Golden Idol","Prayer Wheel","The Courier","Bottled Flame"],"potions_floor_usage":[6,6,8,12],"damage_taken":[{"damage":0,"enemies":"2 Louse","floor":1,"turns":3},{"damage":32,"enemies":"3 Sentries","floor":6,"turns":6},{"damage":0,"enemies":"Small Slimes","floor":8,"turns":2},{"damage":0,"enemies":"Cultist","floor":10,"turns":2},{"damage":15,"enemies":"Lagavulin","floor":12,"turns":5},{"damage":13,"enemies":"Blue Slaver","floor":13,"turns":3},{"damage":16,"enemies":"Hexaghost","floor":16,"turns":8}],"seed_played":"-2812557270066444409","potions_obtained":[{"floor":0,"key":"SmokeBomb"},{"floor":0,"key":"Poison Potion"},{"floor":0,"key":"SmokeBomb"},{"floor":1,"key":"GamblersBrew"},{"floor":10,"key":"SmokeBomb"}],"is_trial":false,"path_per_floor":["M","?","$","?","?","E","R","M","T","M","R","E","M","?","R","B"],"character_chosen":"THE_SILENT","items_purchased":["A Thousand Cuts","Dagger Spray"],"campfire_rested":1,"item_purchase_floors":[3,3],"current_hp_per_floor":[70,59,59,59,59,27,46,46,46,46,46,31,18,11,11,0],"gold":141,"neow_bonus":"THREE_SMALL_POTIONS","is_prod":false,"is_daily":false,"chose_seed":false,"campfire_upgraded":2,"win_rate":0,"timestamp":1548936101,"path_taken":["M","?","$","?","?","E","R","M","T","M","R","E","?","?","R","BOSS"],"build_version":"2019-01-23","purchased_purges":0,"victory":false,"max_hp_per_floor":[70,70,70,65,65,65,65,65,65,65,65,65,65,65,65,65],"card_choices":[{"not_picked":["Catalyst","Cloak And Dagger"],"picked":"Quick Slash","floor":1},{"not_picked":["Flying Knee","Outmaneuver"],"picked":"Blade Dance","floor":6},{"not_picked":["All Out Attack","Flying Knee"],"picked":"Choke","floor":8},{"not_picked":["Riddle With Holes","PiercingWail"],"picked":"Slice","floor":8},{"not_picked":["Wraith Form v2","Underhanded Strike"],"picked":"Slice","floor":10},{"not_picked":["Tactician","Underhanded Strike"],"picked":"Backflip","floor":10},{"not_picked":["Acrobatics","Skewer"],"picked":"Endless Agony","floor":12},{"not_picked":["Quick Slash","Prepared"],"picked":"Acrobatics","floor":13},{"not_picked":["Acrobatics","Concentrate","Poisoned Stab"],"picked":"SKIP","floor":13}],"player_experience":704658,"relics_obtained":[{"floor":6,"key":"Prayer Wheel"},{"floor":9,"key":"The Courier"},{"floor":12,"key":"Bottled Flame"}],"event_choices":[{"damage_healed":0,"gold_gain":75,"player_choice":"Gather Gold","damage_taken":11,"max_hp_gain":0,"max_hp_loss":0,"event_name":"World of Goop","floor":2,"gold_loss":0},{"damage_healed":0,"gold_gain":0,"player_choice":"Lose Max HP","damage_taken":0,"relics_obtained":["Golden Idol"],"max_hp_gain":0,"max_hp_loss":5,"event_name":"Golden Idol","floor":4,"gold_loss":0},{"damage_healed":0,"gold_gain":0,"player_choice":"2 cards matched","damage_taken":0,"max_hp_gain":0,"max_hp_loss":0,"event_name":"Match and Keep!","floor":5,"gold_loss":0,"cards_obtained":["Neutralize","Venomology"]},{"cards_removed":["Strike_G"],"damage_healed":0,"gold_gain":0,"player_choice":"Card Removal","damage_taken":7,"max_hp_gain":0,"max_hp_loss":0,"event_name":"Golden Wing","floor":14,"gold_loss":0}],"is_beta":false,"boss_relics":[],"items_purged_floors":[],"is_endless":false,"potions_floor_spawned":[1,10,13],"killed_by":"Hexaghost","ascension_level":5}