{"gold_per_floor":[116,133,133,58,73,86,86,120,147,147,182,182,194,205,205,302,302,321,321,345,45,65,65,85,101,101,101],"floor_reached":27,"playtime":1419,"items_purged":["Defend_R"],"score":250,"play_id":"957ca19d-691c-419d-b2dc-ab033227d735","local_time":"20190806222531","is_ascension_mode":false,"campfire_choices":[{"floor":10,"key":"REST"},{"floor":12,"key":"REST"},{"data":"Bash","floor":15,"key":"SMITH"},{"floor":23,"key":"REST"}],"neow_cost":"NONE","seed_source_timestamp":96169697952812,"circlet_count":0,"master_deck":["Strike_R","Strike_R","Strike_R","Strike_R","Defend_R","Defend_R","Defend_R","Bash+1","True Grit","Dual Wield","Demon Form","Fire Breathing","True Grit+1"],"relics":["Burning Blood","Juzu Bracelet","Pen Nib","Strawberry","Blood Vial","Runic Dome","Vajra","Unceasing Top","Charon\u0027s Ashes"],"potions_floor_usage":[8,11,16,16,16,22,27],"damage_taken":[{"damage":3,"enemies":"Small Slimes","floor":1,"turns":3},{"damage":6,"enemies":"Cultist","floor":2,"turns":4},{"damage":7,"enemies":"2 Louse","floor":5,"turns":2},{"damage":14,"enemies":"Exordium Wildlife","floor":6,"turns":7},{"damage":54,"enemies":"Lagavulin","floor":8,"turns":6},{"damage":60,"enemies":"3 Sentries","floor":11,"turns":14},{"damage":0,"enemies":"Large Slime","floor":13,"turns":5},{"damage":19,"enemies":"3 Louse","floor":14,"turns":5},{"damage":58,"enemies":"Slime Boss","floor":16,"turns":10},{"damage":42,"enemies":"3 Byrds","floor":18,"turns":5},{"damage":21,"enemies":"2 Thieves","floor":22,"turns":4},{"damage":28,"enemies":"Centurion and Healer","floor":24,"turns":5},{"damage":18,"enemies":"Snecko","floor":25,"turns":5},{"damage":62,"enemies":"Book of Stabbing","floor":27,"turns":6}],"seed_played":"2004246327632438310","potions_obtained":[{"floor":2,"key":"Regen Potion"},{"floor":5,"key":"Explosive Potion"},{"floor":11,"key":"BloodPotion"},{"floor":13,"key":"Strength Potion"},{"floor":14,"key":"AttackPotion"},{"floor":18,"key":"Block Potion"},{"floor":22,"key":"Block Potion"}],"is_trial":false,"path_per_floor":["M","M","?","$","M","M","?","E","T","R","E","R","M","M","R","B",null,"M","?","T","$","M","R","M","M","T","E"],"character_chosen":"IRONCLAD","items_purchased":["Unceasing Top"],"campfire_rested":3,"item_purchase_floors":[21],"current_hp_per_floor":[88,88,88,88,87,79,76,28,35,63,24,52,60,49,49,22,95,59,59,59,59,46,74,54,44,44,0],"gold":101,"neow_bonus":"TEN_PERCENT_HP_BONUS","is_prod":false,"is_daily":false,"chose_seed":false,"campfire_upgraded":1,"win_rate":0,"timestamp":1565144731,"path_taken":["M","M","?","$","?","M","?","E","T","R","E","R","M","M","R","BOSS","M","?","?","$","M","R","M","M","T","E"],"build_version":"2019-07-17","purchased_purges":1,"victory":false,"max_hp_per_floor":[88,88,88,88,88,88,88,88,95,95,95,95,95,95,95,95,95,95,95,95,95,95,95,95,95,95,95],"card_choices":[{"not_picked":["Iron Wave","Body Slam","Corruption"],"picked":"SKIP","floor":1},{"not_picked":["Anger","Headbutt","Uppercut"],"picked":"SKIP","floor":2},{"not_picked":["Whirlwind","Limit Break"],"picked":"True Grit","floor":5},{"not_picked":["Spot Weakness","Hemokinesis","Twin Strike"],"picked":"SKIP","floor":6},{"not_picked":["Armaments","Cleave"],"picked":"Dual Wield","floor":8},{"not_picked":["Shrug It Off","Cleave","Flex"],"picked":"SKIP","floor":11},{"not_picked":["Pummel","Havoc","Searing Blow"],"picked":"SKIP","floor":13},{"not_picked":["Body Slam","Sever Soul","Spot Weakness"],"picked":"SKIP","floor":14},{"not_picked":["Offering","Brutality"],"picked":"Demon Form","floor":16},{"not_picked":["Iron Wave+1","Sword Boomerang","Sentinel"],"picked":"SKIP","floor":18},{"not_picked":["Feel No Pain","Rupture","Power Through"],"picked":"SKIP","floor":22},{"not_picked":["Flex","Rage+1"],"picked":"True Grit+1","floor":24},{"not_picked":["Whirlwind","Hemokinesis","Havoc"],"picked":"SKIP","floor":25}],"player_experience":748725,"relics_obtained":[{"floor":8,"key":"Pen Nib"},{"floor":9,"key":"Strawberry"},{"floor":11,"key":"Blood Vial"},{"floor":20,"key":"Vajra"},{"floor":26,"key":"Charon\u0027s Ashes"}],"event_choices":[{"cards_removed":["Strike_R"],"damage_healed":0,"gold_gain":0,"player_choice":"Purged","damage_taken":0,"max_hp_gain":0,"max_hp_loss":0,"event_name":"Purifier","floor":3,"gold_loss":0},{"damage_healed":0,"gold_gain":0,"player_choice":"Success","damage_taken":3,"relics_obtained":["Juzu Bracelet"],"max_hp_gain":0,"max_hp_loss":0,"event_name":"Scrap Ooze","floor":7,"gold_loss":0},{"damage_healed":0,"gold_gain":0,"player_choice":"Read","damage_taken":0,"max_hp_gain":0,"max_hp_loss":0,"event_name":"The Library","floor":19,"gold_loss":0,"cards_obtained":["Fire Breathing"]}],"is_beta":false,"boss_relics":[{"not_picked":["Eternal Feather","Coffee Dripper"],"picked":"Runic Dome"}],"items_purged_floors":[4],"is_endless":false,"potions_floor_spawned":[2,5,11,13,14,18,22],"killed_by":"Book of Stabbing","ascension_level":0}