{"gold_per_floor":[117,9,28,28,38,38,72,72,72,72,102,277,55,67,67,170,220,232,232,157,177,189,189,189,189,189,206,83,83,100,100,100,205,205,223,223,223,223,40,40],"floor_reached":40,"playtime":2234,"items_purged":["Doubt","Writhe"],"score":449,"play_id":"65b67865-dc17-446e-867c-3589a5624d66","local_time":"20190819154546","is_ascension_mode":true,"campfire_choices":[{"data":"Battle Trance","floor":6,"key":"SMITH"},{"data":"Metallicize","floor":8,"key":"SMITH"},{"data":"Shockwave","floor":15,"key":"SMITH"},{"floor":23,"key":"REST"},{"floor":29,"key":"REST"},{"floor":32,"key":"REST"}],"neow_cost":"NONE","seed_source_timestamp":19220279937934,"circlet_count":0,"master_deck":["Strike_R+1","Defend_R","Defend_R","Defend_R","Defend_R","Bash","Spot Weakness","Battle Trance+1","Armaments","Metallicize+1","Seeing Red","Shockwave+1","Demon Form","Uppercut","Shrug It Off+1","Burning Pact+1","Clothesline","Armaments","Dark Embrace","Uppercut","Madness","Madness","Flex"],"relics":["Burning Blood","Calipers","Meat on the Bone","Orichalcum","Blood Vial","Tiny House","MutagenicStrength","Bag of Preparation","Gremlin Horn","Empty Cage","Lantern"],"potions_floor_usage":[1,7,7,7,7,11,11,16,16,16,22,27,30,33],"damage_taken":[{"damage":0,"enemies":"Cultist","floor":1,"turns":5},{"damage":1,"enemies":"2 Louse","floor":3,"turns":2},{"damage":0,"enemies":"Small Slimes","floor":5,"turns":3},{"damage":10,"enemies":"3 Sentries","floor":7,"turns":9},{"damage":8,"enemies":"Lagavulin","floor":11,"turns":7},{"damage":3,"enemies":"Blue Slaver","floor":14,"turns":5},{"damage":52,"enemies":"Slime Boss","floor":16,"turns":13},{"damage":18,"enemies":"Spheric Guardian","floor":18,"turns":5},{"damage":9,"enemies":"Shell Parasite","floor":21,"turns":6},{"damage":41,"enemies":"3 Cultists","floor":22,"turns":7},{"damage":16,"enemies":"Snake Plant","floor":27,"turns":5},{"damage":21,"enemies":"Centurion and Healer","floor":30,"turns":7},{"damage":74,"enemies":"Collector","floor":33,"turns":12},{"damage":61,"enemies":"3 Shapes","floor":35,"turns":4},{"damage":47,"enemies":"Nemesis","floor":40,"turns":8}],"seed_played":"2915160469193472174","potions_obtained":[{"floor":0,"key":"AttackPotion"},{"floor":0,"key":"SpeedPotion"},{"floor":0,"key":"EntropicBrew"},{"floor":5,"key":"EssenceOfSteel"},{"floor":7,"key":"Fire Potion"},{"floor":11,"key":"GamblersBrew"},{"floor":14,"key":"Poison Potion"},{"floor":17,"key":"LiquidBronze"},{"floor":21,"key":"FearPotion"},{"floor":22,"key":"Fire Potion"},{"floor":27,"key":"Weak Potion"}],"is_trial":false,"path_per_floor":["M","$","M","$","M","R","E","R","T","?","E","?","$","M","R","B",null,"M","?","?","M","M","R","?","?","T","M","$","R","M","$","R","B",null,"M","?","?","?","$","E"],"character_chosen":"IRONCLAD","items_purchased":["Spot Weakness","Battle Trance","Blood Vial","Armaments","Flex","Lantern"],"campfire_rested":3,"item_purchase_floors":[2,2,13,28,39,39],"current_hp_per_floor":[80,80,80,80,80,80,80,80,80,73,71,71,71,76,76,52,85,73,73,73,72,51,76,76,60,60,52,52,79,66,66,90,34,90,47,36,36,36,36,0],"gold":40,"neow_bonus":"THREE_SMALL_POTIONS","is_prod":false,"is_daily":false,"chose_seed":false,"campfire_upgraded":3,"win_rate":0,"timestamp":1566225946,"path_taken":["M","?","?","?","M","R","E","R","T","?","E","?","$","M","R","BOSS","M","?","?","M","M","R","?","?","T","M","$","R","M","$","R","BOSS","M","?","?","?","$","E"],"build_version":"2019-07-17","purchased_purges":2,"victory":false,"max_hp_per_floor":[80,80,80,80,80,80,80,80,80,80,80,80,80,80,80,80,85,85,85,85,85,85,85,85,90,90,90,90,90,90,90,90,90,90,90,90,90,90,90,90],"card_choices":[{"not_picked":["Havoc","Flex","Wild Strike"],"picked":"SKIP","floor":1},{"not_picked":["Twin Strike","Berserk"],"picked":"Armaments","floor":3},{"not_picked":["Anger","Heavy Blade"],"picked":"Metallicize","floor":5},{"not_picked":["True Grit","Heavy Blade"],"picked":"Seeing Red","floor":7},{"not_picked":["Rage","Limit Break","Rampage"],"picked":"SKIP","floor":11},{"not_picked":["Headbutt","Thunderclap"],"picked":"Shockwave","floor":14},{"not_picked":["Double Tap","Brutality"],"picked":"Demon Form","floor":16},{"not_picked":["Heavy Blade","Warcry"],"picked":"Uppercut","floor":17},{"not_picked":["Thunderclap","Body Slam"],"picked":"Shrug It Off+1","floor":18},{"not_picked":["Warcry+1","Entrench"],"picked":"Burning Pact+1","floor":21},{"not_picked":["Headbutt","Heavy Blade"],"picked":"Clothesline","floor":22},{"not_picked":["Iron Wave","Berserk","Combust+1"],"picked":"SKIP","floor":27},{"not_picked":["Burning Pact","Cleave","True Grit"],"picked":"SKIP","floor":30},{"not_picked":["Feed","Offering"],"picked":"Dark Embrace","floor":33},{"not_picked":["Sever Soul+1","Clothesline"],"picked":"Uppercut","floor":35}],"player_experience":445645,"relics_obtained":[{"floor":7,"key":"Calipers"},{"floor":9,"key":"Meat on the Bone"},{"floor":11,"key":"Orichalcum"},{"floor":26,"key":"Gremlin Horn"}],"event_choices":[{"cards_removed":["Strike_R"],"damage_healed":0,"gold_gain":0,"player_choice":"Card Removal","damage_taken":7,"max_hp_gain":0,"max_hp_loss":0,"event_name":"Golden Wing","floor":10,"gold_loss":0},{"damage_healed":0,"gold_gain":175,"player_choice":"AGREE","damage_taken":0,"max_hp_gain":0,"max_hp_loss":0,"event_name":"Liars Game","floor":12,"gold_loss":0,"cards_obtained":["Doubt"]},{"damage_healed":0,"gold_gain":0,"player_choice":"Inject Mutagens","damage_taken":0,"relics_obtained":["MutagenicStrength"],"max_hp_gain":0,"max_hp_loss":0,"event_name":"Drug Dealer","floor":19,"gold_loss":0},{"cards_removed":["Strike_R"],"damage_healed":0,"gold_gain":0,"player_choice":"Gave Gold","damage_taken":0,"max_hp_gain":0,"max_hp_loss":0,"event_name":"Beggar","floor":20,"gold_loss":75},{"damage_healed":0,"gold_gain":0,"player_choice":"Opened","damage_taken":0,"relics_obtained":["Bag of Preparation"],"max_hp_gain":0,"max_hp_loss":0,"event_name":"The Mausoleum","floor":24,"gold_loss":0,"cards_obtained":["Writhe"]},{"damage_healed":0,"gold_gain":0,"player_choice":"Shed Blood","damage_taken":21,"max_hp_gain":5,"max_hp_loss":0,"event_name":"Forgotten Altar","floor":25,"gold_loss":0},{"damage_healed":0,"gold_gain":0,"player_choice":"Embrace Madness","damage_taken":11,"max_hp_gain":0,"max_hp_loss":0,"event_name":"Winding Halls","floor":36,"gold_loss":0,"cards_obtained":["Madness","Madness"]},{"damage_healed":0,"gold_gain":0,"player_choice":"Ignored","damage_taken":0,"max_hp_gain":0,"max_hp_loss":0,"event_name":"Tomb of Lord Red Mask","floor":37,"gold_loss":0},{"damage_healed":0,"gold_gain":0,"player_choice":"Ignored","damage_taken":0,"max_hp_gain":0,"max_hp_loss":0,"event_name":"SecretPortal","floor":38,"gold_loss":0}],"is_beta":false,"boss_relics":[{"not_picked":["Lizard Tail","Philosopher\u0027s Stone"],"picked":"Tiny House"},{"not_picked":["Mark of Pain","White Beast Statue"],"picked":"Empty Cage"}],"items_purged_floors":[13,28],"is_endless":false,"potions_floor_spawned":[5,7,11,14,21,22,27],"killed_by":"Nemesis","ascension_level":3}