{"gold_per_floor":[119,130,130,150,150,183,209,221,286,331,343,386,474,586,598,707,719,743,169,189,207,207,234,246,246,246,246,281,294,294,307,307,411,411,428,428,53,65,81,115,133,158,158,192,192,203,218,231,231,231],"floor_reached":51,"playtime":5746,"items_purged":["Strike_B","Strike_B"],"score":914,"play_id":"8169674d-7bbc-48b7-9ce1-43ac3efd91d7","local_time":"20190814144001","is_ascension_mode":true,"campfire_choices":[{"data":"Recycle","floor":8,"key":"SMITH"},{"data":"Sunder","floor":15,"key":"SMITH"},{"floor":25,"key":"REST"},{"data":"Coolheaded","floor":32,"key":"SMITH"},{"data":"Strike_B","floor":49,"key":"PURGE"}],"neow_cost":"CURSE","seed_source_timestamp":1212870410698626,"circlet_count":0,"master_deck":["Strike_B","Defend_B","Defend_B","Defend_B","Defend_B","Zap+1","Dualcast","Decay","Cold Snap","Coolheaded+1","Beam Cell","Sunder+1","Recycle+1","Echo Form","Gash","Buffer","Gash","FTL","Gash","Pain","Go for the Eyes","Go for the Eyes","Clumsy","Fission","Gash+1","Reprogram+1"],"relics":["Cracked Core","Pocketwatch","Pantograph","MawBank","Strawberry","Meat on the Bone","Cables","Blue Candle","Nuclear Battery","Unceasing Top","TheAbacus","Bag of Marbles","WarpedTongs","Du-Vu Doll","Cursed Key","Shuriken","Orichalcum","Bag of Preparation","Singing Bowl","Peace Pipe"],"potions_floor_usage":[6,6,10,10,12,23],"damage_taken":[{"damage":5,"enemies":"Jaw Worm","floor":1,"turns":3},{"damage":0,"enemies":"2 Louse","floor":2,"turns":2},{"damage":0,"enemies":"Cultist","floor":4,"turns":3},{"damage":25,"enemies":"3 Sentries","floor":6,"turns":7},{"damage":6,"enemies":"Exordium Wildlife","floor":7,"turns":4},{"damage":10,"enemies":"Lagavulin","floor":10,"turns":5},{"damage":12,"enemies":"3 Sentries","floor":12,"turns":9},{"damage":32,"enemies":"The Guardian","floor":16,"turns":9},{"damage":5,"enemies":"Chosen","floor":18,"turns":5},{"damage":7,"enemies":"Shell Parasite","floor":20,"turns":5},{"damage":5,"enemies":"3 Cultists","floor":21,"turns":5},{"damage":27,"enemies":"Book of Stabbing","floor":23,"turns":5},{"damage":24,"enemies":"Shelled Parasite and Fungi","floor":24,"turns":4},{"damage":32,"enemies":"Gremlin Leader","floor":28,"turns":6},{"damage":8,"enemies":"Chosen and Byrds","floor":29,"turns":4},{"damage":5,"enemies":"Centurion and Healer","floor":31,"turns":5},{"damage":8,"enemies":"Automaton","floor":33,"turns":7},{"damage":6,"enemies":"Orb Walker","floor":35,"turns":2},{"damage":14,"enemies":"3 Shapes","floor":38,"turns":5},{"damage":2,"enemies":"3 Darklings","floor":39,"turns":3},{"damage":4,"enemies":"Giant Head","floor":40,"turns":5},{"damage":9,"enemies":"Spire Growth","floor":41,"turns":3},{"damage":4,"enemies":"Reptomancer","floor":42,"turns":5},{"damage":4,"enemies":"Nemesis","floor":44,"turns":3},{"damage":2,"enemies":"Transient","floor":46,"turns":5},{"damage":2,"enemies":"3 Darklings","floor":47,"turns":1},{"damage":6,"enemies":"Jaw Worm Horde","floor":48,"turns":3},{"damage":51,"enemies":"Time Eater","floor":50,"turns":8}],"seed_played":"3210795893180149872","potions_obtained":[{"floor":1,"key":"LiquidBronze"},{"floor":2,"key":"Swift Potion"},{"floor":4,"key":"GamblersBrew"},{"floor":7,"key":"FearPotion"},{"floor":10,"key":"Dexterity Potion"},{"floor":18,"key":"SkillPotion"},{"floor":21,"key":"SteroidPotion"},{"floor":23,"key":"FairyPotion"},{"floor":28,"key":"FocusPotion"},{"floor":29,"key":"FearPotion"},{"floor":38,"key":"SkillPotion"},{"floor":41,"key":"Regen Potion"}],"is_trial":false,"path_per_floor":["M","M","?","M","?","E","M","R","T","E","?","E","T","?","R","B",null,"M","$","M","M","?","E","M","R","T","?","E","M","?","M","R","B",null,"M","?","$","M","M","E","M","E","T","E","?","M","M","M","R","B",null],"character_chosen":"DEFECT","items_purchased":["Unceasing Top","TheAbacus","Shuriken","Go for the Eyes"],"campfire_rested":1,"item_purchase_floors":[19,19,37,37],"current_hp_per_floor":[70,70,63,63,63,38,32,32,39,29,34,34,34,34,34,39,87,82,82,75,70,53,38,26,53,53,53,33,37,37,44,44,61,92,86,86,86,72,70,66,57,53,53,51,51,49,59,53,53,39],"gold":231,"neow_bonus":"ONE_RARE_RELIC","is_prod":false,"is_daily":false,"chose_seed":false,"campfire_upgraded":3,"win_rate":0,"timestamp":1565772001,"path_taken":["M","M","?","M","?","E","?","R","T","E","?","E","?","?","R","BOSS","M","$","?","M","?","E","M","R","T","?","E","?","?","M","R","BOSS","M","?","$","M","M","E","M","E","T","E","?","M","?","M","R","BOSS"],"build_version":"2019-07-17","purchased_purges":2,"victory":true,"max_hp_per_floor":[75,75,75,75,75,75,75,75,82,82,87,87,87,87,87,87,87,87,87,87,87,92,92,92,92,92,92,92,92,92,92,92,92,92,92,92,92,92,92,92,92,92,92,94,94,94,94,94,94,94],"card_choices":[{"not_picked":["Force Field","Rebound"],"picked":"Cold Snap","floor":1},{"not_picked":["Steam","Chaos"],"picked":"Coolheaded","floor":2},{"not_picked":["Rebound","Storm"],"picked":"Beam Cell","floor":4},{"not_picked":["Steam","Chill"],"picked":"Sunder","floor":6},{"not_picked":["Hologram","Leap"],"picked":"Recycle","floor":7},{"not_picked":["White Noise","Storm"],"picked":"Echo Form","floor":10},{"not_picked":["Compile Driver","Coolheaded"],"picked":"Gash","floor":12},{"not_picked":["Thunder Strike","Echo Form"],"picked":"Buffer","floor":16},{"not_picked":["Redo+1","Stack","Auto Shields+1"],"picked":"SKIP","floor":18},{"not_picked":["Sweeping Beam+1","Redo","Streamline"],"picked":"SKIP","floor":20},{"not_picked":["Go for the Eyes","Rebound+1"],"picked":"Gash","floor":21},{"not_picked":["Ball Lightning","Lockon"],"picked":"FTL","floor":23},{"not_picked":["Turbo","Sweeping Beam"],"picked":"Gash","floor":24},{"not_picked":["Defragment","Force Field","Ball Lightning"],"picked":"SKIP","floor":28},{"not_picked":["Biased Cognition","Sweeping Beam","Beam Cell"],"picked":"SKIP","floor":29},{"not_picked":["Steam","Redo","Storm"],"picked":"SKIP","floor":31},{"not_picked":["Darkness+1","Sweeping Beam+1","Compile Driver+1"],"picked":"SKIP","floor":35},{"not_picked":["Consume","FTL","Blizzard+1"],"picked":"SKIP","floor":38},{"not_picked":["Coolheaded+1","Redo+1","Turbo+1"],"picked":"SKIP","floor":39},{"not_picked":["Coolheaded+1","Redo+1","Turbo+1"],"picked":"SKIP","floor":39},{"not_picked":["Cold Snap","Rebound","Turbo+1"],"picked":"SKIP","floor":40},{"not_picked":["Leap+1","Rip and Tear","Cold Snap"],"picked":"SKIP","floor":41},{"not_picked":["Turbo","Aggregate","BootSequence+1"],"picked":"SKIP","floor":42},{"not_picked":["Hologram+1","Beam Cell","Stack+1"],"picked":"Singing Bowl","floor":44},{"not_picked":["Streamline+1","Double Energy+1"],"picked":"Fission","floor":46},{"not_picked":["Auto Shields","Lockon"],"picked":"Gash+1","floor":47},{"not_picked":["Skim+1","Rebound+1"],"picked":"Reprogram+1","floor":48}],"player_experience":1631334,"relics_obtained":[{"floor":6,"key":"MawBank"},{"floor":9,"key":"Strawberry"},{"floor":10,"key":"Meat on the Bone"},{"floor":12,"key":"Cables"},{"floor":13,"key":"Blue Candle"},{"floor":26,"key":"Bag of Marbles"},{"floor":28,"key":"Du-Vu Doll"},{"floor":40,"key":"Orichalcum"},{"floor":42,"key":"Bag of Preparation"},{"floor":43,"key":"Singing Bowl"},{"floor":44,"key":"Peace Pipe"}],"event_choices":[{"damage_healed":0,"gold_gain":0,"player_choice":"Success","damage_taken":7,"relics_obtained":["Pantograph"],"max_hp_gain":0,"max_hp_loss":0,"event_name":"Scrap Ooze","floor":3,"gold_loss":0},{"damage_healed":0,"gold_gain":0,"player_choice":"Upgraded","damage_taken":0,"max_hp_gain":0,"max_hp_loss":0,"event_name":"Upgrade Shrine","floor":5,"gold_loss":0,"cards_upgraded":["Zap"]},{"damage_healed":0,"gold_gain":0,"player_choice":"Donut","damage_taken":0,"max_hp_gain":5,"max_hp_loss":0,"event_name":"Big Fish","floor":11,"gold_loss":0},{"damage_healed":0,"gold_gain":100,"player_choice":"Gold","damage_taken":0,"max_hp_gain":0,"max_hp_loss":0,"event_name":"Wheel of Change","floor":14,"gold_loss":0},{"damage_healed":0,"gold_gain":0,"player_choice":"Shed Blood","damage_taken":22,"max_hp_gain":5,"max_hp_loss":0,"event_name":"Forgotten Altar","floor":22,"gold_loss":0},{"damage_healed":0,"gold_gain":0,"player_choice":"Rummage","damage_taken":0,"relics_obtained":["WarpedTongs"],"max_hp_gain":0,"max_hp_loss":0,"event_name":"Accursed Blacksmith","floor":27,"gold_loss":0,"cards_obtained":["Pain"]},{"damage_healed":0,"gold_gain":0,"player_choice":"Read","damage_taken":0,"max_hp_gain":0,"max_hp_loss":0,"event_name":"The Library","floor":30,"gold_loss":0,"cards_obtained":["Go for the Eyes"]},{"damage_healed":0,"gold_gain":0,"player_choice":"Ignored","damage_taken":0,"max_hp_gain":0,"max_hp_loss":0,"event_name":"Tomb of Lord Red Mask","floor":36,"gold_loss":0},{"damage_healed":0,"gold_gain":0,"player_choice":"Ignored","damage_taken":0,"max_hp_gain":0,"max_hp_loss":0,"event_name":"Fountain of Cleansing","floor":45,"gold_loss":0}],"is_beta":false,"boss_relics":[{"not_picked":["Black Star","White Beast Statue"],"picked":"Nuclear Battery"},{"not_picked":["FrozenCore","Fusion Hammer"],"picked":"Cursed Key"}],"items_purged_floors":[19,37],"is_endless":false,"potions_floor_spawned":[1,2,4,7,10,18,21,23,28,29,38,40,41,44,47,48],"ascension_level":1}