{"gold_per_floor":[119,119,52,67,17,17,44,44,44,57,23,33,33,46,46,46],"floor_reached":16,"playtime":1098,"items_purged":[],"score":142,"play_id":"6ed78fd1-2bf0-4dcb-8bcc-ec54b7ff23cf","local_time":"20190817160252","is_ascension_mode":true,"campfire_choices":[{"data":"Sword Boomerang","floor":6,"key":"SMITH"},{"floor":13,"key":"REST"},{"floor":15,"key":"REST"}],"neow_cost":"PERCENT_DAMAGE","seed_source_timestamp":1309814398843,"circlet_count":0,"master_deck":["Strike_R","Strike_R","Strike_R","Defend_R","Defend_R","Defend_R","Defend_R","Bash","Metallicize","Sword Boomerang+1","Shrug It Off","Pommel Strike","Perfected Strike","Battle Trance","Shrug It Off","Shockwave"],"relics":["Burning Blood","Oddly Smooth Stone","Prayer Wheel"],"potions_floor_usage":[4,7,11,14],"damage_taken":[{"damage":9,"enemies":"Jaw Worm","floor":1,"turns":5},{"damage":0,"enemies":"Cultist","floor":4,"turns":5},{"damage":65,"enemies":"Gremlin Nob","floor":7,"turns":6},{"damage":0,"enemies":"2 Louse","floor":10,"turns":3},{"damage":7,"enemies":"Exordium Thugs","floor":11,"turns":5},{"damage":15,"enemies":"Gremlin Gang","floor":12,"turns":10},{"damage":7,"enemies":"Large Slime","floor":14,"turns":5},{"damage":68,"enemies":"Hexaghost","floor":16,"turns":16}],"seed_played":"4505660506441296317","potions_obtained":[{"floor":1,"key":"Block Potion"},{"floor":4,"key":"SpeedPotion"},{"floor":10,"key":"Weak Potion"},{"floor":12,"key":"PowerPotion"}],"is_trial":false,"path_per_floor":["M","?","$","M","?","R","E","$","T","M","M","M","R","M","R","B"],"character_chosen":"IRONCLAD","items_purchased":["Metallicize"],"campfire_rested":2,"item_purchase_floors":[3],"current_hp_per_floor":[69,69,69,75,75,75,16,16,16,22,21,12,40,39,67,0],"gold":46,"neow_bonus":"TWENTY_PERCENT_HP_BONUS","is_prod":false,"is_daily":false,"chose_seed":false,"campfire_upgraded":1,"win_rate":0,"timestamp":1566054172,"path_taken":["M","?","$","?","?","R","E","?","T","?","M","M","R","M","R","BOSS"],"build_version":"2019-07-17","purchased_purges":0,"victory":false,"max_hp_per_floor":[96,96,96,96,96,96,96,96,96,96,96,96,96,96,96,96],"card_choices":[{"not_picked":["Ghostly Armor","Infernal Blade","Twin Strike"],"picked":"SKIP","floor":1},{"not_picked":["Twin Strike","Entrench"],"picked":"Sword Boomerang","floor":4},{"not_picked":["Armaments","Combust"],"picked":"Shrug It Off","floor":7},{"not_picked":["Body Slam","Bloodletting"],"picked":"Pommel Strike","floor":10},{"not_picked":["Clash","Cleave","Thunderclap"],"picked":"SKIP","floor":10},{"not_picked":["Havoc","Warcry"],"picked":"Perfected Strike","floor":11},{"not_picked":["Headbutt","Sword Boomerang"],"picked":"Battle Trance","floor":11},{"not_picked":["Twin Strike","Havoc"],"picked":"Shrug It Off","floor":12},{"not_picked":["Limit Break","Shrug It Off","Warcry"],"picked":"SKIP","floor":12},{"not_picked":["Limit Break","Shrug It Off","Warcry"],"picked":"SKIP","floor":12},{"not_picked":["Burning Pact","Pommel Strike"],"picked":"Shockwave","floor":14},{"not_picked":["Thunderclap","Armaments","Dual Wield"],"picked":"SKIP","floor":14},{"not_picked":["Thunderclap","Armaments","Dual Wield"],"picked":"SKIP","floor":14}],"player_experience":390047,"relics_obtained":[{"floor":7,"key":"Oddly Smooth Stone"},{"floor":9,"key":"Prayer Wheel"}],"event_choices":[{"cards_removed":["Strike_R"],"damage_healed":0,"gold_gain":0,"player_choice":"Purged","damage_taken":0,"max_hp_gain":0,"max_hp_loss":0,"event_name":"Purifier","floor":2,"gold_loss":0},{"cards_removed":["Strike_R"],"damage_healed":0,"gold_gain":0,"player_choice":"Card Removal","damage_taken":0,"max_hp_gain":0,"max_hp_loss":0,"event_name":"The Cleric","floor":5,"gold_loss":50}],"is_beta":false,"boss_relics":[],"items_purged_floors":[],"is_endless":false,"potions_floor_spawned":[1,4,10,12],"killed_by":"Hexaghost","ascension_level":3}