{"gold_per_floor":[116,116,133,9,27,27,55,0,0,0,20,46,69,69,69,172,172,183,183,43,56,56,56,84,84,108,71,86,102,112,143,143,242,242,257,357,2,0,18,18,31,31,31,56,56,68,68,93,93,93],"floor_reached":51,"playtime":4778,"items_purged":["Strike_R","Strike_R"],"score":848,"play_id":"848c61f9-fa4e-423f-93c1-3bf7f82932f5","local_time":"20181127144707","is_ascension_mode":true,"campfire_choices":[{"data":"Headbutt","floor":6,"key":"SMITH"},{"floor":10,"key":"REST"},{"floor":15,"key":"REST"},{"data":"Whirlwind","floor":23,"key":"SMITH"},{"floor":25,"key":"REST"},{"floor":32,"key":"REST"},{"floor":40,"key":"REST"},{"floor":47,"key":"REST"},{"data":"Havoc","floor":49,"key":"SMITH"}],"neow_cost":"CURSE","seed_source_timestamp":325167474400772,"circlet_count":0,"master_deck":["Strike_R","Strike_R","Defend_R","Defend_R","Defend_R","Bash","True Grit+1","Wild Strike","Headbutt+1","Whirlwind+1","Headbutt+1","Power Through","Feel No Pain","Juggernaut","Battle Trance","Metallicize","Iron Wave","Sever Soul+1","Armaments","Shrug It Off","Warcry+1","Barricade","Shame","Chrysalis+1","Ghostly Armor+1","Body Slam+1","Havoc+1","Reckless Charge","True Grit+1","Ghostly Armor"],"relics":["Burning Blood","FossilizedHelix","Thread and Needle","Ornamental Fan","Question Card","Juzu Bracelet","Odd Mushroom","Self Forming Clay","Sozu","Oddly Smooth Stone","Red Skull","Dream Catcher","Astrolabe","Pocketwatch","Charon\u0027s Ashes","Red Mask","Gremlin Horn","Whetstone","Bag of Preparation"],"potions_floor_usage":[16,16,33],"damage_taken":[{"damage":0,"enemies":"Jaw Worm","floor":1,"turns":2},{"damage":0,"enemies":"Small Slimes","floor":3,"turns":4},{"damage":0,"enemies":"Cultist","floor":5,"turns":4},{"damage":28,"enemies":"Lagavulin","floor":7,"turns":6},{"damage":0,"enemies":"2 Fungi Beasts","floor":11,"turns":3},{"damage":13,"enemies":"Gremlin Nob","floor":12,"turns":5},{"damage":6,"enemies":"The Mushroom Lair","floor":13,"turns":4},{"damage":40,"enemies":"The Guardian","floor":16,"turns":20},{"damage":5,"enemies":"Spheric Guardian","floor":18,"turns":6},{"damage":6,"enemies":"Chosen","floor":21,"turns":3},{"damage":30,"enemies":"Book of Stabbing","floor":24,"turns":6},{"damage":0,"enemies":"Centurion and Healer","floor":28,"turns":7},{"damage":16,"enemies":"Snake Plant","floor":29,"turns":5},{"damage":6,"enemies":"3 Cultists","floor":30,"turns":4},{"damage":37,"enemies":"Gremlin Leader","floor":31,"turns":5},{"damage":46,"enemies":"Champ","floor":33,"turns":14},{"damage":20,"enemies":"3 Shapes","floor":35,"turns":4},{"damage":24,"enemies":"Mind Bloom Boss Battle","floor":36,"turns":7},{"damage":0,"enemies":"Orb Walker","floor":39,"turns":4},{"damage":13,"enemies":"Spire Growth","floor":41,"turns":6},{"damage":22,"enemies":"Sphere and 2 Shapes","floor":46,"turns":5},{"damage":0,"enemies":"Giant Head","floor":48,"turns":10},{"damage":0,"enemies":"Time Eater","floor":50,"turns":13}],"seed_played":"-6226966754945868399","potions_obtained":[{"floor":1,"key":"BloodPotion"},{"floor":11,"key":"Regen Potion"},{"floor":12,"key":"BloodPotion"}],"is_trial":false,"path_per_floor":["M","?","M","$","M","R","E","?","T","R","M","E","?","?","R","B",null,"M","?","$","M","?","R","E","R","T","$","M","M","M","E","R","B",null,"M","?","$","?","M","R","M","?","T","T","$","M","R","E","R","B",null],"character_chosen":"IRONCLAD","items_purchased":["Explosive Potion","Metallicize","Sever Soul","Charon\u0027s Ashes","Havoc"],"campfire_rested":6,"item_purchase_floors":[4,20,27,37,37],"current_hp_per_floor":[80,80,80,80,80,80,58,58,58,80,80,73,73,66,80,61,80,80,74,74,74,74,74,50,74,74,74,80,70,70,39,63,31,80,66,48,48,48,54,78,71,71,71,71,71,55,79,80,80,80],"gold":93,"neow_bonus":"ONE_RARE_RELIC","is_prod":false,"is_daily":false,"chose_seed":false,"campfire_upgraded":3,"win_rate":0,"timestamp":1543308427,"path_taken":["M","?","M","$","M","R","E","?","T","R","M","E","?","?","R","BOSS","M","?","$","M","?","R","E","R","T","$","M","M","M","E","R","BOSS","M","?","$","?","M","R","M","?","T","?","$","M","R","E","R","BOSS"],"build_version":"2018-11-15","purchased_purges":2,"victory":true,"max_hp_per_floor":[80,80,80,80,80,80,80,80,80,80,80,80,80,80,80,80,80,80,80,80,80,80,80,80,80,80,80,80,80,80,80,80,80,80,80,80,80,80,80,80,80,80,80,80,80,80,80,80,80,80],"card_choices":[{"not_picked":["Shrug It Off","Pommel Strike"],"picked":"True Grit","floor":1},{"not_picked":["Rage","Rupture"],"picked":"Wild Strike","floor":3},{"not_picked":["Shrug It Off","Clash"],"picked":"Headbutt","floor":5},{"not_picked":["Thunderclap","Carnage"],"picked":"Whirlwind","floor":7},{"not_picked":["Havoc","Dropkick","Combust"],"picked":"Headbutt","floor":11},{"not_picked":["Blood for Blood","Rupture","Searing Blow"],"picked":"Power Through","floor":12},{"not_picked":["Clash","Sword Boomerang","Iron Wave"],"picked":"Feel No Pain","floor":13},{"not_picked":["Berserk","Offering","Dark Embrace"],"picked":"Juggernaut","floor":16},{"not_picked":["Body Slam","Pommel Strike","Ghostly Armor"],"picked":"Battle Trance","floor":18},{"not_picked":["Body Slam","Armaments+1","Flame Barrier+1","Clash"],"picked":"SKIP","floor":21},{"not_picked":["Flex","Headbutt","Armaments"],"picked":"Iron Wave","floor":24},{"not_picked":["Twin Strike","True Grit","Whirlwind","Sword Boomerang"],"picked":"SKIP","floor":28},{"not_picked":["Intimidate+1","Twin Strike","Battle Trance"],"picked":"Armaments","floor":29},{"not_picked":["Bludgeon","Cleave","Clothesline"],"picked":"Shrug It Off","floor":30},{"not_picked":["Wild Strike","Sword Boomerang","Carnage","Power Through"],"picked":"SKIP","floor":31},{"not_picked":["Sever Soul","Power Through","Dual Wield"],"picked":"Warcry+1","floor":32},{"not_picked":["Berserk","Reaper","Juggernaut"],"picked":"Barricade","floor":33},{"not_picked":["Shrug It Off+1","Inflame+1","Disarm","Pummel"],"picked":"SKIP","floor":35},{"not_picked":["Sentinel+1","Thunderclap+1","Shrug It Off+1"],"picked":"Body Slam+1","floor":36},{"not_picked":["Twin Strike+1","Inflame+1","Havoc+1"],"picked":"Reckless Charge","floor":39},{"not_picked":["Flex+1","Havoc+1","Cleave"],"picked":"True Grit+1","floor":40},{"not_picked":["Blood for Blood","Iron Wave","Flame Barrier","Rampage"],"picked":"SKIP","floor":41},{"not_picked":["Sentinel+1","Fire Breathing+1","Clash"],"picked":"Ghostly Armor","floor":46},{"not_picked":["Shrug It Off+1","Bloodletting","Warcry+1","Fire Breathing"],"picked":"SKIP","floor":48}],"player_experience":87881,"relics_obtained":[{"floor":7,"key":"Thread and Needle"},{"floor":9,"key":"Question Card"},{"floor":12,"key":"Juzu Bracelet"},{"floor":13,"key":"Odd Mushroom"},{"floor":24,"key":"Oddly Smooth Stone"},{"floor":26,"key":"Red Skull"},{"floor":31,"key":"Dream Catcher"},{"floor":36,"key":"Pocketwatch"},{"floor":43,"key":"Gremlin Horn"},{"floor":44,"key":"Whetstone"},{"floor":48,"key":"Bag of Preparation"}],"event_choices":[{"damage_healed":0,"gold_gain":0,"player_choice":"Grow","damage_taken":0,"max_hp_gain":0,"max_hp_loss":0,"event_name":"Living Wall","floor":2,"gold_loss":0,"cards_upgraded":["True Grit"]},{"damage_healed":0,"gold_gain":0,"player_choice":"Paid Gold","damage_taken":0,"relics_obtained":["Ornamental Fan"],"max_hp_gain":0,"max_hp_loss":0,"event_name":"WeMeetAgain","floor":8,"gold_loss":55},{"damage_healed":0,"gold_gain":0,"player_choice":"Fought Mushrooms","damage_taken":0,"max_hp_gain":0,"max_hp_loss":0,"event_name":"Mushrooms","floor":13,"gold_loss":0},{"damage_healed":0,"gold_gain":0,"player_choice":"Success","damage_taken":7,"relics_obtained":["Self Forming Clay"],"max_hp_gain":0,"max_hp_loss":0,"event_name":"Scrap Ooze","floor":14,"gold_loss":0},{"damage_healed":0,"gold_gain":0,"player_choice":"Joined the Cult","damage_taken":6,"max_hp_gain":0,"max_hp_loss":0,"event_name":"Nest","floor":19,"gold_loss":0,"cards_obtained":["RitualDagger"]},{"damage_healed":0,"gold_gain":0,"player_choice":"Bought 0 Potions","damage_taken":0,"max_hp_gain":0,"max_hp_loss":0,"event_name":"The Woman in Blue","floor":22,"gold_loss":0},{"damage_healed":0,"gold_gain":0,"player_choice":"Fight","damage_taken":0,"max_hp_gain":0,"max_hp_loss":0,"event_name":"MindBloom","floor":36,"gold_loss":0},{"damage_healed":0,"gold_gain":0,"player_choice":"Paid","damage_taken":0,"relics_obtained":["Red Mask"],"max_hp_gain":0,"max_hp_loss":0,"event_name":"Tomb of Lord Red Mask","floor":38,"gold_loss":2},{"cards_removed":["Defend_R"],"damage_healed":0,"gold_gain":0,"player_choice":"Removed Skill","damage_taken":0,"max_hp_gain":0,"max_hp_loss":0,"event_name":"Falling","floor":42,"gold_loss":0}],"is_beta":false,"boss_relics":[{"not_picked":["Coffee Dripper","Fusion Hammer"],"picked":"Sozu"},{"not_picked":["Cursed Key","Lizard Tail"],"picked":"Astrolabe"}],"items_purged_floors":[4,20],"is_endless":false,"potions_floor_spawned":[1,11,12,18,24,29,30,36,41],"ascension_level":2}