{"gold_per_floor":[110,35,54,71,88,118,18,18,73,99,118,118,138,154,154,255,305,320,334,334,8,18,18,50,50,50,50],"floor_reached":27,"playtime":1021,"items_purged":["Strike_R","Defend_R","Decay"],"score":257,"play_id":"5355ddb2-f36b-4faa-8906-3afd502e9e21","local_time":"20190101133931","is_ascension_mode":true,"campfire_choices":[{"floor":12,"key":"REST"},{"floor":15,"key":"REST"},{"floor":23,"key":"REST"},{"floor":25,"key":"REST"}],"neow_cost":"NONE","seed_source_timestamp":877663332227747,"circlet_count":0,"master_deck":["Strike_R","Strike_R","Strike_R+1","Strike_R","Defend_R","Defend_R+1","Defend_R","Bash","Armaments","Perfected Strike","Twin Strike","Flex","Twin Strike","Infernal Blade","Wild Strike","Intimidate","Inflame","Brutality","Perfected Strike","Fire Breathing+1","Sword Boomerang","Wild Strike+1","Perfected Strike","Warcry+1","Feed"],"relics":["Burning Blood","Kunai","Lantern","Bronze Scales","Tiny House","Whetstone","Ice Cream","Oddly Smooth Stone"],"potions_floor_usage":[16,16,22,27],"damage_taken":[{"damage":1,"enemies":"Cultist","floor":1,"turns":3},{"damage":0,"enemies":"Small Slimes","floor":3,"turns":3},{"damage":2,"enemies":"2 Louse","floor":4,"turns":3},{"damage":4,"enemies":"2 Fungi Beasts","floor":5,"turns":4},{"damage":35,"enemies":"3 Sentries","floor":6,"turns":7},{"damage":28,"enemies":"Lagavulin","floor":10,"turns":5},{"damage":12,"enemies":"3 Louse","floor":11,"turns":1},{"damage":13,"enemies":"Red Slaver","floor":13,"turns":2},{"damage":9,"enemies":"Large Slime","floor":14,"turns":5},{"damage":16,"enemies":"Slime Boss","floor":16,"turns":6},{"damage":27,"enemies":"Shell Parasite","floor":18,"turns":4},{"damage":11,"enemies":"2 Thieves","floor":19,"turns":4},{"damage":40,"enemies":"Shelled Parasite and Fungi","floor":22,"turns":5},{"damage":48,"enemies":"Gremlin Leader","floor":24,"turns":6},{"damage":33,"enemies":"Book of Stabbing","floor":27,"turns":4}],"seed_played":"-4953074258385208389","potions_obtained":[{"floor":3,"key":"PowerPotion"},{"floor":10,"key":"Strength Potion"},{"floor":11,"key":"Ancient Potion"},{"floor":16,"key":"Dexterity Potion"},{"floor":17,"key":"LiquidBronze"},{"floor":24,"key":"Explosive Potion"}],"is_trial":false,"path_per_floor":["M","$","M","M","M","E","$","?","T","E","M","R","M","M","R","B",null,"M","M","?","$","M","R","E","R","T","E"],"character_chosen":"IRONCLAD","items_purchased":["Perfected Strike","Whetstone"],"campfire_rested":4,"item_purchase_floors":[21,21],"current_hp_per_floor":[80,80,80,80,80,51,51,51,51,29,23,47,40,37,61,51,85,64,59,59,59,25,50,8,33,33,0],"gold":50,"neow_bonus":"THREE_CARDS","is_prod":false,"is_daily":false,"chose_seed":false,"campfire_upgraded":0,"win_rate":0,"timestamp":1546367971,"path_taken":["M","?","?","M","M","E","$","?","T","E","M","R","M","M","R","BOSS","M","?","?","$","M","R","E","R","T","E"],"build_version":"2018-12-20","purchased_purges":3,"victory":false,"max_hp_per_floor":[80,80,80,80,80,80,80,80,80,80,80,80,80,80,80,80,85,85,85,85,85,85,85,85,85,85,85],"card_choices":[{"not_picked":["Body Slam","Twin Strike"],"picked":"Armaments","floor":0},{"not_picked":["Cleave","Havoc"],"picked":"Perfected Strike","floor":1},{"not_picked":["Second Wind","Heavy Blade"],"picked":"Twin Strike","floor":3},{"not_picked":["Whirlwind","Iron Wave"],"picked":"Flex","floor":4},{"not_picked":["True Grit","Armaments"],"picked":"Twin Strike","floor":5},{"not_picked":["Disarm","Dark Embrace"],"picked":"Infernal Blade","floor":6},{"not_picked":["Body Slam","Disarm"],"picked":"Wild Strike","floor":10},{"not_picked":["Headbutt","Havoc","Shockwave"],"picked":"SKIP","floor":11},{"not_picked":["Cleave","Disarm"],"picked":"Intimidate","floor":13},{"not_picked":["Clothesline","Double Tap"],"picked":"Inflame","floor":14},{"not_picked":["Reaper","Dark Embrace"],"picked":"Brutality","floor":16},{"not_picked":["Cleave","Armaments"],"picked":"Perfected Strike","floor":17},{"not_picked":["Dropkick","Body Slam"],"picked":"Fire Breathing+1","floor":18},{"not_picked":["Thunderclap","Warcry"],"picked":"Sword Boomerang","floor":19},{"not_picked":["Dual Wield","Clash"],"picked":"Warcry+1","floor":22},{"not_picked":["Fire Breathing","Clash"],"picked":"Feed","floor":24}],"player_experience":204069,"relics_obtained":[{"floor":6,"key":"Kunai"},{"floor":9,"key":"Lantern"},{"floor":10,"key":"Bronze Scales"},{"floor":24,"key":"Ice Cream"},{"floor":26,"key":"Oddly Smooth Stone"}],"event_choices":[{"damage_healed":0,"gold_gain":0,"player_choice":"Cursed","damage_taken":0,"max_hp_gain":0,"max_hp_loss":0,"event_name":"Wheel of Change","floor":8,"gold_loss":0,"cards_obtained":["Decay"]},{"damage_healed":0,"gold_gain":0,"player_choice":"Read","damage_taken":0,"max_hp_gain":0,"max_hp_loss":0,"event_name":"The Library","floor":20,"gold_loss":0,"cards_obtained":["Wild Strike"]}],"is_beta":false,"boss_relics":[{"not_picked":["Runic Pyramid","Fusion Hammer"],"picked":"Tiny House"}],"items_purged_floors":[2,7,21],"is_endless":false,"potions_floor_spawned":[3,10,11,13,14,16,19,24],"killed_by":"Book of Stabbing","ascension_level":1}