{"gold_per_floor":[117,42,52,65,78,78,98,98,98,68,68,68,68,79,79,179,179,198,198,113,133,33,33,48,76,76,76,94,109,109,109,109,212,212,223,234,334,13,26,26,42,42,42,76,92,104,120,132,132,132],"floor_reached":50,"playtime":3159,"items_purged":["Strike_G","Defend_G","Defend_G"],"score":671,"play_id":"f396c86b-3f05-4170-9971-70e059d440ae","local_time":"20190816125028","is_ascension_mode":true,"campfire_choices":[{"data":"Neutralize","floor":6,"key":"SMITH"},{"data":"Backflip","floor":8,"key":"SMITH"},{"floor":13,"key":"REST"},{"data":"Leg Sweep","floor":15,"key":"SMITH"},{"floor":23,"key":"REST"},{"data":"Deadly Poison","floor":27,"key":"SMITH"},{"floor":32,"key":"REST"},{"data":"Adrenaline","floor":40,"key":"SMITH"},{"data":"Survivor","floor":42,"key":"SMITH"},{"data":"Escape Plan","floor":49,"key":"SMITH"}],"neow_cost":"NONE","seed_source_timestamp":11414018649376,"circlet_count":0,"master_deck":["Strike_G+1","Strike_G+1","Defend_G","Defend_G","Survivor+1","Neutralize+1","Dodge and Roll+1","Backstab+1","Backflip+1","Escape Plan","Leg Sweep+1","Adrenaline+1","Noxious Fumes+1","Poisoned Stab+1","Flying Knee+1","Caltrops+1","Deadly Poison+1","Escape Plan+1","Poisoned Stab+1","Deadly Poison+1","Prepared+1","Doppelganger+1","Poisoned Stab+1","Catalyst+1","Adrenaline+1","Bouncing Flask+1","Deadly Poison+1","Deadly Poison+1","Cloak And Dagger+1"],"relics":["Ring of the Snake","NeowsBlessing","Anchor","Astrolabe","Nilry\u0027s Codex","Vajra","Toxic Egg 2","Whetstone","Shuriken","Eternal Feather","FossilizedHelix","Bottled Lightning","Ninja Scroll"],"potions_floor_usage":[16,16,33,33,33,50,50,50],"damage_taken":[{"damage":0,"enemies":"Cultist","floor":1,"turns":1},{"damage":0,"enemies":"Small Slimes","floor":3,"turns":1},{"damage":0,"enemies":"2 Louse","floor":4,"turns":1},{"damage":7,"enemies":"Exordium Wildlife","floor":5,"turns":10},{"damage":0,"enemies":"Blue Slaver","floor":7,"turns":6},{"damage":0,"enemies":"Looter","floor":10,"turns":4},{"damage":0,"enemies":"2 Fungi Beasts","floor":14,"turns":5},{"damage":14,"enemies":"The Guardian","floor":16,"turns":16},{"damage":7,"enemies":"Chosen","floor":18,"turns":5},{"damage":1,"enemies":"3 Byrds","floor":21,"turns":2},{"damage":1,"enemies":"Centurion and Healer","floor":24,"turns":5},{"damage":10,"enemies":"Book of Stabbing","floor":25,"turns":5},{"damage":9,"enemies":"Snake Plant","floor":28,"turns":4},{"damage":15,"enemies":"3 Cultists","floor":29,"turns":5},{"damage":24,"enemies":"Champ","floor":33,"turns":10},{"damage":0,"enemies":"Orb Walker","floor":35,"turns":3},{"damage":0,"enemies":"3 Shapes","floor":36,"turns":4},{"damage":11,"enemies":"Mind Bloom Boss Battle","floor":37,"turns":7},{"damage":0,"enemies":"Spire Growth","floor":39,"turns":4},{"damage":0,"enemies":"Transient","floor":41,"turns":5},{"damage":0,"enemies":"Giant Head","floor":44,"turns":5},{"damage":0,"enemies":"3 Darklings","floor":45,"turns":3},{"damage":0,"enemies":"4 Shapes","floor":46,"turns":4},{"damage":0,"enemies":"Sphere and 2 Shapes","floor":47,"turns":4},{"damage":11,"enemies":"Jaw Worm Horde","floor":48,"turns":3},{"damage":73,"enemies":"Time Eater","floor":50,"turns":7}],"seed_played":"6854471456786667219","potions_obtained":[{"floor":4,"key":"PowerPotion"},{"floor":5,"key":"PowerPotion"},{"floor":16,"key":"Energy Potion"},{"floor":21,"key":"EssenceOfSteel"},{"floor":24,"key":"LiquidBronze"},{"floor":37,"key":"Energy Potion"},{"floor":41,"key":"Strength Potion"},{"floor":45,"key":"LiquidBronze"}],"is_trial":false,"path_per_floor":["M","$","M","M","M","R","M","R","T","M","$","?","R","M","R","B",null,"M","?","?","M","$","R","M","E","T","R","M","M","T","$","R","B",null,"M","M","?","$","M","R","M","R","T","E","M","M","M","M","R","B"],"character_chosen":"THE_SILENT","items_purchased":["Catalyst+1","Adrenaline+1"],"campfire_rested":3,"item_purchase_floors":[38,38],"current_hp_per_floor":[70,70,70,70,63,63,63,63,63,63,63,49,70,70,70,56,70,63,47,47,46,46,67,66,56,56,56,47,32,32,32,53,29,70,70,70,59,59,59,70,70,70,70,70,70,70,70,59,70,0],"gold":132,"neow_bonus":"THREE_ENEMY_KILL","is_prod":false,"is_daily":false,"chose_seed":false,"campfire_upgraded":7,"win_rate":0,"timestamp":1565985028,"path_taken":["M","$","M","?","M","R","M","R","T","M","?","?","R","M","R","BOSS","M","?","?","M","?","R","M","E","T","R","M","M","?","$","R","BOSS","M","M","?","$","M","R","M","R","T","E","M","M","M","M","R","BOSS"],"build_version":"2019-07-17","purchased_purges":3,"victory":false,"max_hp_per_floor":[70,70,70,70,70,70,70,70,70,70,70,70,70,70,70,70,70,70,70,70,70,70,70,70,70,70,70,70,70,70,70,70,70,70,70,70,70,70,70,70,70,70,70,70,70,70,70,70,70,70],"card_choices":[{"not_picked":["Dagger Throw","Distraction"],"picked":"Dodge and Roll","floor":1},{"not_picked":["Acrobatics","PiercingWail"],"picked":"Backstab","floor":3},{"not_picked":["Bouncing Flask","Endless Agony"],"picked":"Backflip","floor":4},{"not_picked":["Backstab","Masterful Stab","Acrobatics"],"picked":"SKIP","floor":5},{"not_picked":["Slice","Reflex"],"picked":"Escape Plan","floor":7},{"not_picked":["Acrobatics","Accuracy","Wraith Form v2"],"picked":"SKIP","floor":10},{"not_picked":["PiercingWail","Choke"],"picked":"Leg Sweep","floor":14},{"not_picked":["Corpse Explosion","Doppelganger"],"picked":"Adrenaline","floor":16},{"not_picked":["Calculated Gamble","PiercingWail"],"picked":"Caltrops+1","floor":18},{"not_picked":["Eviscerate","Underhanded Strike"],"picked":"Deadly Poison","floor":21},{"not_picked":["Acrobatics","Prepared"],"picked":"Escape Plan","floor":24},{"not_picked":["Outmaneuver","Prepared"],"picked":"Poisoned Stab+1","floor":25},{"not_picked":["Dagger Spray","Sucker Punch"],"picked":"Deadly Poison+1","floor":28},{"not_picked":["Riddle With Holes","Expertise+1"],"picked":"Prepared+1","floor":29},{"not_picked":["Die Die Die","Malaise+1"],"picked":"Doppelganger+1","floor":33},{"not_picked":["Blade Dance+1","PiercingWail+1","Underhanded Strike"],"picked":"SKIP","floor":35},{"not_picked":["Underhanded Strike+1","PiercingWail+1","Blade Dance+1"],"picked":"SKIP","floor":36},{"not_picked":["Outmaneuver+1","Phantasmal Killer+1"],"picked":"Poisoned Stab+1","floor":37},{"not_picked":["Dagger Throw+1","Outmaneuver+1","Flying Knee"],"picked":"SKIP","floor":39},{"not_picked":["Riddle With Holes+1","Poisoned Stab","Slice+1"],"picked":"SKIP","floor":41},{"not_picked":["Eviscerate","Sucker Punch+1"],"picked":"Bouncing Flask+1","floor":44},{"not_picked":["Reflex+1","Infinite Blades"],"picked":"Deadly Poison+1","floor":45},{"not_picked":["Masterful Stab+1","Eviscerate+1"],"picked":"Deadly Poison+1","floor":46},{"not_picked":["Bane","Prepared+1"],"picked":"Cloak And Dagger+1","floor":47},{"not_picked":["Flying Knee","Underhanded Strike+1","Poisoned Stab"],"picked":"SKIP","floor":48}],"player_experience":400922,"relics_obtained":[{"floor":9,"key":"Anchor"},{"floor":19,"key":"Nilry\u0027s Codex"},{"floor":25,"key":"Toxic Egg 2"},{"floor":26,"key":"Whetstone"},{"floor":30,"key":"Shuriken"},{"floor":37,"key":"FossilizedHelix"},{"floor":43,"key":"Bottled Lightning"},{"floor":44,"key":"Ninja Scroll"}],"event_choices":[{"damage_healed":0,"gold_gain":0,"player_choice":"Entered Light","damage_taken":14,"max_hp_gain":0,"max_hp_loss":0,"event_name":"Shining Light","floor":12,"gold_loss":0,"cards_upgraded":["Dodge and Roll","Strike_G"]},{"damage_healed":0,"gold_gain":0,"player_choice":"Obtained Book","damage_taken":16,"max_hp_gain":0,"max_hp_loss":0,"event_name":"Cursed Tome","floor":19,"gold_loss":0},{"damage_healed":0,"gold_gain":0,"player_choice":"Obtained Relic","damage_taken":0,"relics_obtained":["Vajra"],"max_hp_gain":0,"max_hp_loss":0,"event_name":"Addict","floor":20,"gold_loss":85},{"damage_healed":0,"gold_gain":0,"player_choice":"Fight","damage_taken":0,"max_hp_gain":0,"max_hp_loss":0,"event_name":"MindBloom","floor":37,"gold_loss":0}],"is_beta":false,"boss_relics":[{"not_picked":["Tiny House","White Beast Statue"],"picked":"Astrolabe"},{"not_picked":["WristBlade","Runic Dome"],"picked":"Eternal Feather"}],"items_purged_floors":[2,22,38],"is_endless":false,"potions_floor_spawned":[4,5,16,21,24,37,41,45,48],"killed_by":"Time Eater","ascension_level":4}