{"gold_per_floor":[114,124,137,62,75,75,45,45,72,101,112,126,26,41,41,142,142,155,167,184,201,76,76,76],"floor_reached":24,"playtime":1549,"items_purged":["Strike_G","Defend_G","Strike_G"],"score":242,"play_id":"1e1d3c40-e245-4e2c-ad45-9d3f3fb701f5","local_time":"20190816094249","is_ascension_mode":true,"campfire_choices":[{"data":"Crippling Poison","floor":6,"key":"SMITH"},{"data":"Noxious Fumes","floor":8,"key":"SMITH"},{"floor":15,"key":"REST"},{"floor":23,"key":"REST"}],"neow_cost":"NONE","seed_source_timestamp":1764906570369,"circlet_count":0,"master_deck":["Strike_G","Strike_G","Strike_G","Defend_G","Defend_G","Defend_G","Defend_G","Survivor","Neutralize","Eviscerate","Noxious Fumes+1","Poisoned Stab","Crippling Poison+1","Well Laid Plans","Escape Plan","Backflip","Poisoned Stab","Corpse Explosion","Poisoned Stab","Dash","Deadly Poison","Envenom","Deflect","Deflect+1"],"relics":["Ring of the Snake","NeowsBlessing","Blood Vial","Bag of Preparation","Orrery"],"potions_floor_usage":[12,16,16,16,21],"damage_taken":[{"damage":0,"enemies":"2 Louse","floor":1,"turns":1},{"damage":0,"enemies":"Cultist","floor":2,"turns":1},{"damage":0,"enemies":"Jaw Worm","floor":3,"turns":1},{"damage":2,"enemies":"2 Fungi Beasts","floor":5,"turns":4},{"damage":33,"enemies":"Gremlin Nob","floor":10,"turns":5},{"damage":9,"enemies":"Looter","floor":11,"turns":4},{"damage":0,"enemies":"Exordium Wildlife","floor":12,"turns":4},{"damage":1,"enemies":"2 Fungi Beasts","floor":14,"turns":3},{"damage":2,"enemies":"Hexaghost","floor":16,"turns":9},{"damage":2,"enemies":"Chosen","floor":18,"turns":5},{"damage":20,"enemies":"2 Thieves","floor":19,"turns":4},{"damage":34,"enemies":"Sentry and Sphere","floor":20,"turns":4},{"damage":14,"enemies":"Centurion and Healer","floor":21,"turns":4},{"damage":36,"enemies":"Gremlin Leader","floor":24,"turns":5}],"seed_played":"-6118479653009826381","potions_obtained":[{"floor":5,"key":"GamblersBrew"},{"floor":7,"key":"PowerPotion"},{"floor":7,"key":"EntropicBrew"},{"floor":12,"key":"Block Potion"},{"floor":14,"key":"Energy Potion"},{"floor":16,"key":"PowerPotion"}],"is_trial":false,"path_per_floor":["M","M","M","$","M","R","?","R","T","E","M","M","$","M","R","B",null,"M","M","M","M","$","R","E"],"character_chosen":"THE_SILENT","items_purchased":[],"campfire_rested":2,"item_purchase_floors":[],"current_hp_per_floor":[70,70,70,70,68,68,68,68,68,37,30,32,32,33,54,54,70,68,50,18,6,6,27,0],"gold":76,"neow_bonus":"THREE_ENEMY_KILL","is_prod":false,"is_daily":false,"chose_seed":false,"campfire_upgraded":2,"win_rate":0,"timestamp":1565973769,"path_taken":["M","M","M","$","M","R","?","R","T","E","?","M","$","M","R","BOSS","M","M","M","M","$","R","E"],"build_version":"2019-07-17","purchased_purges":3,"victory":false,"max_hp_per_floor":[70,70,70,70,70,70,70,70,70,70,70,70,70,70,70,70,70,70,70,70,70,70,70,70],"card_choices":[{"not_picked":["Deadly Poison","Quick Slash"],"picked":"Eviscerate","floor":1},{"not_picked":["Choke","Escape Plan"],"picked":"Noxious Fumes","floor":2},{"not_picked":["Finisher","Reflex"],"picked":"Poisoned Stab","floor":3},{"not_picked":["Heel Hook","PiercingWail"],"picked":"Crippling Poison","floor":5},{"not_picked":["PiercingWail","Finisher"],"picked":"Well Laid Plans","floor":10},{"not_picked":["Slice","Dagger Spray"],"picked":"Escape Plan","floor":11},{"not_picked":["Sucker Punch","Flying Knee"],"picked":"Backflip","floor":12},{"not_picked":["Endless Agony","Acrobatics"],"picked":"Poisoned Stab","floor":14},{"not_picked":["Malaise","Grand Finale"],"picked":"Corpse Explosion","floor":16},{"not_picked":["Heel Hook","Blur"],"picked":"Poisoned Stab","floor":17},{"not_picked":["Masterful Stab","Slice"],"picked":"Dash","floor":17},{"not_picked":["Dodge and Roll","Blade Dance"],"picked":"Deadly Poison","floor":17},{"not_picked":["Leg Sweep","Noxious Fumes"],"picked":"Envenom","floor":18},{"not_picked":["Quick Slash","Choke"],"picked":"Deflect","floor":19},{"not_picked":["Slice+1","Deadly Poison+1","Sucker Punch"],"picked":"SKIP","floor":20},{"not_picked":["Cloak And Dagger","Dagger Throw"],"picked":"Deflect+1","floor":21}],"player_experience":392053,"relics_obtained":[{"floor":9,"key":"Blood Vial"},{"floor":10,"key":"Bag of Preparation"}],"event_choices":[{"damage_healed":0,"gold_gain":0,"player_choice":"Bought 2 Potions","damage_taken":0,"max_hp_gain":0,"max_hp_loss":0,"event_name":"The Woman in Blue","floor":7,"gold_loss":0}],"is_beta":false,"boss_relics":[{"not_picked":["Fusion Hammer","Calling Bell"],"picked":"Orrery"}],"items_purged_floors":[4,13,22],"is_endless":false,"potions_floor_spawned":[5,12,14,16,19],"killed_by":"Gremlin Leader","ascension_level":4}