{"gold_per_floor":[360,26,26,39,39,79,79,102,102,102,102,177,196,217,217,336,336,349,363,462,462,34,75,75,100,126,145,145,145],"floor_reached":29,"playtime":1967,"items_purged":["Regret"],"score":417,"play_id":"414928ea-4dcd-4807-94e0-ccc77bed7438","local_time":"20190724182819","is_ascension_mode":true,"campfire_choices":[{"data":"Flame Barrier","floor":7,"key":"SMITH"},{"data":"Power Through","floor":10,"key":"SMITH"},{"floor":15,"key":"REST"},{"floor":24,"key":"REST"},{"floor":28,"key":"REST"}],"neow_cost":"PERCENT_DAMAGE","seed_source_timestamp":104508685058772,"circlet_count":0,"master_deck":["Strike_R","Strike_R","Strike_R","Strike_R","Strike_R","Defend_R","Defend_R","Defend_R","Defend_R","Bash+1","Havoc+1","Fiend Fire+1","Flame Barrier+1","Injury","Power Through+1","Wild Strike+1","Regret","Sword Boomerang+1","Wild Strike+1","Pommel Strike+1","Fiend Fire+1","Barricade+1","Doubt","Decay","Perfected Strike+1","Feel No Pain+1","Sever Soul+1","Perfected Strike+1","Shame","Juggernaut+1","Evolve+1","Intimidate+1","Sentinel+1","Pommel Strike+1"],"relics":["Burning Blood","Molten Egg 2","Golden Idol","Frozen Egg 2","Darkstone Periapt","Prayer Wheel","Calling Bell","Vajra","Pantograph","FossilizedHelix","Toxic Egg 2","Omamori","Toolbox","Shuriken"],"potions_floor_usage":[16,16,16,23,23,27],"damage_taken":[{"damage":1,"enemies":"Cultist","floor":1,"turns":4},{"damage":6,"enemies":"2 Louse","floor":4,"turns":2},{"damage":14,"enemies":"Gremlin Nob","floor":6,"turns":3},{"damage":0,"enemies":"Small Slimes","floor":8,"turns":3},{"damage":7,"enemies":"2 Fungi Beasts","floor":13,"turns":4},{"damage":3,"enemies":"Exordium Wildlife","floor":14,"turns":3},{"damage":30,"enemies":"The Guardian","floor":16,"turns":9},{"damage":45,"enemies":"2 Thieves","floor":18,"turns":5},{"damage":34,"enemies":"Spheric Guardian","floor":19,"turns":6},{"damage":28,"enemies":"Slavers","floor":23,"turns":4},{"damage":16,"enemies":"Cultist and Chosen","floor":25,"turns":5},{"damage":8,"enemies":"Snake Plant","floor":27,"turns":3},{"damage":88,"enemies":"Gremlin Leader","floor":29,"turns":9}],"seed_played":"6293202651687367480","potions_obtained":[{"floor":6,"key":"Poison Potion"},{"floor":8,"key":"SteroidPotion"},{"floor":13,"key":"Weak Potion"},{"floor":16,"key":"Strength Potion"},{"floor":19,"key":"Energy Potion"},{"floor":25,"key":"EssenceOfSteel"}],"is_trial":false,"path_per_floor":["M","$","?","M","?","E","R","M","T","R","?","?","M","M","R","B",null,"M","M","?","?","$","E","R","M","T","M","R","E"],"character_chosen":"IRONCLAD","items_purchased":["Molten Egg 2","Fiend Fire+1","Omamori","Toolbox"],"campfire_rested":3,"item_purchase_floors":[2,2,22,22],"current_hp_per_floor":[61,61,45,45,45,37,37,43,43,43,49,38,37,40,65,41,104,65,37,37,43,43,21,54,44,44,42,75,0],"gold":145,"neow_bonus":"TWO_FIFTY_GOLD","is_prod":false,"is_daily":false,"chose_seed":false,"campfire_upgraded":2,"win_rate":0,"timestamp":1564010899,"path_taken":["M","$","?","M","?","E","R","M","T","R","?","?","?","M","R","BOSS","M","M","?","?","$","E","R","M","T","M","R","E"],"build_version":"2019-07-17","purchased_purges":1,"victory":false,"max_hp_per_floor":[80,80,80,80,80,80,80,80,80,80,86,86,86,86,86,86,104,104,104,104,110,110,110,110,110,110,110,110,110],"card_choices":[{"not_picked":["Warcry","Sword Boomerang"],"picked":"Havoc","floor":1},{"not_picked":["Rage","Pummel+1"],"picked":"Flame Barrier","floor":4},{"not_picked":["Combust","Burning Pact"],"picked":"Power Through","floor":6},{"not_picked":["Fire Breathing+1","Twin Strike+1"],"picked":"Wild Strike+1","floor":8},{"not_picked":["Second Wind","Combust+1"],"picked":"Sword Boomerang+1","floor":13},{"not_picked":["Thunderclap+1","Headbutt+1"],"picked":"Wild Strike+1","floor":13},{"not_picked":["True Grit","Flame Barrier"],"picked":"Pommel Strike+1","floor":14},{"not_picked":["Reckless Charge+1","Twin Strike+1"],"picked":"Fiend Fire+1","floor":14},{"not_picked":["Immolate+1","Double Tap"],"picked":"Barricade+1","floor":16},{"not_picked":["Armaments","Headbutt+1"],"picked":"Perfected Strike+1","floor":18},{"not_picked":["Heavy Blade+1","Clothesline+1"],"picked":"Feel No Pain+1","floor":18},{"not_picked":["Wild Strike+1","Power Through"],"picked":"Sever Soul+1","floor":19},{"not_picked":["Rampage+1","Anger+1","Perfected Strike+1"],"picked":"SKIP","floor":19},{"not_picked":["Rampage+1","Anger+1"],"picked":"Perfected Strike+1","floor":19},{"not_picked":["Limit Break+1","Intimidate+1"],"picked":"Juggernaut+1","floor":23},{"not_picked":["Headbutt+1","Flex+1"],"picked":"Evolve+1","floor":25},{"not_picked":["Pummel+1","Fire Breathing+1","Intimidate+1"],"picked":"SKIP","floor":25},{"not_picked":["Pummel+1","Fire Breathing+1"],"picked":"Intimidate+1","floor":25},{"not_picked":["Dropkick+1","Twin Strike+1"],"picked":"Sentinel+1","floor":27},{"not_picked":["Iron Wave+1","Pummel+1"],"picked":"Pommel Strike+1","floor":27}],"player_experience":88380,"relics_obtained":[{"floor":6,"key":"Frozen Egg 2"},{"floor":9,"key":"Darkstone Periapt"},{"floor":17,"key":"Vajra"},{"floor":17,"key":"Pantograph"},{"floor":17,"key":"FossilizedHelix"},{"floor":23,"key":"Shuriken"}],"event_choices":[{"damage_healed":0,"gold_gain":0,"player_choice":"Entered Light","damage_taken":16,"max_hp_gain":0,"max_hp_loss":0,"event_name":"Shining Light","floor":3,"gold_loss":0,"cards_upgraded":["Bash","Havoc"]},{"damage_healed":0,"gold_gain":0,"player_choice":"Take Wound","damage_taken":0,"relics_obtained":["Golden Idol"],"max_hp_gain":0,"max_hp_loss":0,"event_name":"Golden Idol","floor":5,"gold_loss":0,"cards_obtained":["Injury"]},{"damage_healed":0,"gold_gain":0,"player_choice":"Box","damage_taken":0,"relics_obtained":["Prayer Wheel"],"max_hp_gain":0,"max_hp_loss":0,"event_name":"Big Fish","floor":11,"gold_loss":0,"cards_obtained":["Regret"]},{"damage_healed":0,"gold_gain":75,"player_choice":"Gather Gold","damage_taken":11,"max_hp_gain":0,"max_hp_loss":0,"event_name":"World of Goop","floor":12,"gold_loss":0},{"damage_healed":0,"gold_gain":99,"player_choice":"Stole From Cult","damage_taken":0,"max_hp_gain":0,"max_hp_loss":0,"event_name":"Nest","floor":20,"gold_loss":0},{"damage_healed":0,"gold_gain":0,"player_choice":"Stole Relic","damage_taken":0,"relics_obtained":["Toxic Egg 2"],"max_hp_gain":0,"max_hp_loss":0,"event_name":"Addict","floor":21,"gold_loss":0,"cards_obtained":["Shame"]}],"is_beta":false,"boss_relics":[{"not_picked":["Tiny House","Orrery"],"picked":"Calling Bell"}],"items_purged_floors":[22],"is_endless":false,"potions_floor_spawned":[6,8,13,16,19,25],"killed_by":"Gremlin Leader","ascension_level":2}