{"gold_per_floor":[111,38,38,55,104,136,136,171,244,277,277,277],"floor_reached":12,"playtime":327,"items_purged":[],"score":143,"play_id":"2461affc-2ce3-4e01-bfcf-279a472d6490","local_time":"20190817014840","is_ascension_mode":true,"campfire_choices":[{"data":"Catalyst","floor":7,"key":"SMITH"},{"data":"Bouncing Flask","floor":11,"key":"SMITH"}],"neow_cost":"NONE","seed_source_timestamp":124090756936000,"circlet_count":0,"master_deck":["Strike_G","Strike_G","Strike_G","Strike_G","Strike_G","Defend_G","Defend_G","Defend_G","Defend_G","Defend_G","Survivor","Neutralize","Catalyst+1","Noxious Fumes","Bouncing Flask+1"],"relics":["Ring of the Snake","NeowsBlessing","Ornamental Fan","Bag of Preparation","Strawberry","Ginger","Darkstone Periapt","PreservedInsect"],"potions_floor_usage":[10],"damage_taken":[{"damage":0,"enemies":"2 Louse","floor":1,"turns":1},{"damage":0,"enemies":"Cultist","floor":4,"turns":1},{"damage":0,"enemies":"Lagavulin","floor":6,"turns":1},{"damage":53,"enemies":"Gremlin Nob","floor":8,"turns":5},{"damage":2,"enemies":"Lagavulin","floor":10,"turns":3},{"damage":27,"enemies":"3 Sentries","floor":12,"turns":4}],"seed_played":"-1872442109432244687","potions_obtained":[{"floor":1,"key":"Ancient Potion"},{"floor":8,"key":"SteroidPotion"},{"floor":10,"key":"FearPotion"}],"is_trial":false,"path_per_floor":["M","$","?","M","T","E","R","E","T","E","R","E"],"character_chosen":"THE_SILENT","items_purchased":["Noxious Fumes"],"campfire_rested":0,"item_purchase_floors":[2],"current_hp_per_floor":[70,70,70,70,70,77,77,24,24,22,22,0],"gold":277,"neow_bonus":"THREE_ENEMY_KILL","is_prod":false,"is_daily":false,"chose_seed":false,"campfire_upgraded":2,"win_rate":0,"timestamp":1565970520,"path_taken":["M","$","?","?","?","E","R","E","T","E","R","E"],"build_version":"2019-07-17","purchased_purges":0,"victory":false,"max_hp_per_floor":[70,70,70,70,70,77,77,77,77,77,77,77],"card_choices":[{"not_picked":["Prepared","Outmaneuver"],"picked":"Catalyst","floor":1},{"not_picked":["Dagger Spray","PiercingWail","Prepared"],"picked":"SKIP","floor":4},{"not_picked":["Sucker Punch","Backflip"],"picked":"Bouncing Flask","floor":6},{"not_picked":["Sucker Punch","Outmaneuver","Cloak And Dagger"],"picked":"SKIP","floor":8},{"not_picked":["Outmaneuver","Cloak And Dagger","Infinite Blades"],"picked":"SKIP","floor":10}],"player_experience":47123,"relics_obtained":[{"floor":3,"key":"Ornamental Fan"},{"floor":5,"key":"Bag of Preparation"},{"floor":6,"key":"Strawberry"},{"floor":8,"key":"Ginger"},{"floor":9,"key":"Darkstone Periapt"},{"floor":10,"key":"PreservedInsect"}],"event_choices":[{"damage_healed":0,"gold_gain":0,"player_choice":"Relic","damage_taken":0,"max_hp_gain":0,"max_hp_loss":0,"event_name":"Wheel of Change","floor":3,"gold_loss":0}],"is_beta":false,"boss_relics":[],"items_purged_floors":[],"is_endless":false,"potions_floor_spawned":[1,8,10],"killed_by":"3 Sentries","ascension_level":4}