{"gold_per_floor":[110,110,185,201,201,201,37,37,62,80,110,10,28,60,60,162,162,173,173,97,112,123,123,136,169,195,195,213,18,34,64,64,159,159,171,171,21,33,133,149,149,149,173,27,27,27,39,53,53,53],"floor_reached":50,"playtime":7217,"items_purged":["Regret","Normality","Decay","Strike_B"],"score":553,"play_id":"a58cec3e-a435-4a01-8146-f6996989e0fb","local_time":"20190107205030","is_ascension_mode":true,"campfire_choices":[{"floor":6,"key":"RECALL"},{"data":"Electrodynamics","floor":8,"key":"SMITH"},{"floor":15,"key":"REST"},{"data":"Rainbow","floor":23,"key":"SMITH"},{"data":"BootSequence","floor":27,"key":"SMITH"},{"floor":32,"key":"REST"},{"data":"Defragment","floor":42,"key":"SMITH"},{"data":"Echo Form","floor":45,"key":"SMITH"},{"data":"Machine Learning","floor":49,"key":"SMITH"}],"neow_cost":"CURSE","seed_source_timestamp":1415717597392845,"circlet_count":0,"master_deck":["Strike_B","Strike_B","Strike_B","Defend_B","Defend_B","Defend_B","Zap","Dualcast","Electrodynamics+1","Redo","Consume","Cold Snap+1","BootSequence+1","Rebound+1","Coolheaded","Steam","Go for the Eyes+1","Rainbow+1","Barrage+1","Lockon+1","Streamline+1","Sweeping Beam+1","Ball Lightning+1","Barrage+1","Hologram","Defragment+1","Beam Cell+1","Thunder Strike+1","Echo Form+1","Steam","Secret Weapon","Blind","Melter+1","Streamline+1","Capacitor+1","Normality","Machine Learning+1","Leap"],"relics":["Cracked Core","Juzu Bracelet","Molten Egg 2","Odd Mushroom","Unceasing Top","Cursed Key","Strawberry","PreservedInsect","Centennial Puzzle","Coffee Dripper","Ice Cream","Anchor","Pen Nib"],"potions_floor_usage":[30,33,33,40,48,50],"damage_taken":[{"damage":5,"enemies":"Small Slimes","floor":1,"turns":2},{"damage":7,"enemies":"Jaw Worm","floor":4,"turns":3},{"damage":0,"enemies":"2 Louse","floor":10,"turns":2},{"damage":2,"enemies":"The Mushroom Lair","floor":11,"turns":2},{"damage":3,"enemies":"Blue Slaver","floor":13,"turns":2},{"damage":24,"enemies":"Lagavulin","floor":14,"turns":8},{"damage":43,"enemies":"The Guardian","floor":16,"turns":13},{"damage":0,"enemies":"Spheric Guardian","floor":18,"turns":3},{"damage":0,"enemies":"Chosen","floor":21,"turns":3},{"damage":7,"enemies":"Centurion and Healer","floor":22,"turns":3},{"damage":9,"enemies":"Snake Plant","floor":24,"turns":4},{"damage":19,"enemies":"Gremlin Leader","floor":25,"turns":5},{"damage":1,"enemies":"Chosen and Byrds","floor":28,"turns":4},{"damage":20,"enemies":"Snecko","floor":30,"turns":4},{"damage":8,"enemies":"Slavers","floor":31,"turns":3},{"damage":36,"enemies":"Collector","floor":33,"turns":5},{"damage":12,"enemies":"3 Shapes","floor":35,"turns":3},{"damage":0,"enemies":"Orb Walker","floor":38,"turns":3},{"damage":26,"enemies":"Mind Bloom Boss Battle","floor":39,"turns":6},{"damage":20,"enemies":"Sphere and 2 Shapes","floor":40,"turns":6},{"damage":3,"enemies":"Maw","floor":47,"turns":6},{"damage":19,"enemies":"Jaw Worm Horde","floor":48,"turns":3},{"damage":53,"enemies":"Donu and Deca","floor":50,"turns":5}],"seed_played":"1932813237951923630","potions_obtained":[{"floor":11,"key":"SteroidPotion"},{"floor":14,"key":"Strength Potion"},{"floor":16,"key":"Energy Potion"},{"floor":35,"key":"Poison Potion"},{"floor":38,"key":"Block Potion"},{"floor":47,"key":"EssenceOfSteel"}],"is_trial":false,"path_per_floor":["M","?","?","M","T","R","$","R","T","M","?","$","M","E","R","B",null,"M","?","$","M","M","R","M","E","T","R","M","$","M","E","R","B",null,"M","?","$","M","?","M","?","R","T","$","R","?","M","M","R","B"],"character_chosen":"DEFECT","items_purchased":["Cold Snap+1","BootSequence","Lockon+1","Defragment","Pen Nib"],"campfire_rested":2,"item_purchase_floors":[7,7,20,29,44],"current_hp_per_floor":[70,70,59,52,52,52,52,52,52,52,50,50,47,23,45,2,75,75,75,75,75,68,68,59,47,47,47,46,46,26,18,42,6,82,70,65,65,65,39,19,19,19,19,19,19,72,69,50,50,0],"gold":53,"neow_bonus":"THREE_RARE_CARDS","is_prod":false,"is_daily":false,"chose_seed":false,"campfire_upgraded":6,"win_rate":0,"timestamp":1546912230,"path_taken":["M","?","?","M","?","R","$","R","T","M","?","$","M","E","R","BOSS","M","?","$","M","M","R","M","E","T","R","M","$","M","E","R","BOSS","M","?","$","M","?","M","?","R","T","$","R","?","M","M","R","BOSS"],"build_version":"2019-01-03v4","purchased_purges":4,"victory":false,"max_hp_per_floor":[75,75,75,75,75,75,75,75,75,75,75,75,75,75,75,75,75,75,75,75,75,75,75,75,82,82,82,82,82,82,82,82,82,82,82,82,82,82,82,82,82,82,82,82,82,72,72,72,72,72],"card_choices":[{"not_picked":["Amplify","Thunder Strike"],"picked":"Electrodynamics","floor":0},{"not_picked":["Go for the Eyes","Stack"],"picked":"Redo","floor":1},{"not_picked":["Go for the Eyes","Reinforced Body"],"picked":"Consume","floor":4},{"not_picked":["Turbo","Storm"],"picked":"Rebound+1","floor":10},{"not_picked":["Self Repair","All For One+1"],"picked":"Coolheaded","floor":11},{"not_picked":["Leap","Static Discharge"],"picked":"Steam","floor":13},{"not_picked":["Melter+1","Skim"],"picked":"Go for the Eyes+1","floor":14},{"not_picked":["Reboot","Electrodynamics"],"picked":"Rainbow","floor":16},{"not_picked":["Leap","Double Energy"],"picked":"Barrage+1","floor":18},{"not_picked":["Stack+1","Consume"],"picked":"Streamline+1","floor":21},{"not_picked":["BootSequence","Hologram"],"picked":"Sweeping Beam+1","floor":22},{"not_picked":["Sweeping Beam+1","Turbo+1"],"picked":"Ball Lightning+1","floor":24},{"not_picked":["Rebound+1","Hologram+1"],"picked":"Barrage+1","floor":25},{"not_picked":["Steam","Sweeping Beam+1"],"picked":"Hologram","floor":28},{"not_picked":["Storm","Fusion"],"picked":"Beam Cell+1","floor":30},{"not_picked":["Aggregate+1","Genetic Algorithm+1"],"picked":"Thunder Strike+1","floor":31},{"not_picked":["All For One+1","Meteor Strike+1"],"picked":"Echo Form","floor":33},{"not_picked":["Consume","Turbo"],"picked":"Steam","floor":35},{"not_picked":["The Bomb","Impatience"],"picked":"Secret Weapon","floor":36},{"not_picked":["Dark Shackles","Panacea"],"picked":"Blind","floor":36},{"not_picked":["Turbo+1","Hologram+1"],"picked":"Melter+1","floor":38},{"not_picked":["Coolheaded+1","Darkness"],"picked":"Streamline+1","floor":39},{"not_picked":["Streamline+1","Conserve Battery+1"],"picked":"Capacitor+1","floor":40},{"not_picked":["Sweeping Beam+1","Barrage+1"],"picked":"Machine Learning","floor":47},{"not_picked":["White Noise","Beam Cell+1"],"picked":"Leap","floor":48}],"player_experience":238488,"relics_obtained":[{"floor":5,"key":"Molten Egg 2"},{"floor":11,"key":"Odd Mushroom"},{"floor":14,"key":"Unceasing Top"},{"floor":25,"key":"Strawberry"},{"floor":26,"key":"PreservedInsect"},{"floor":31,"key":"Centennial Puzzle"},{"floor":39,"key":"Ice Cream"},{"floor":43,"key":"Anchor"}],"event_choices":[{"damage_healed":0,"gold_gain":0,"player_choice":"Box","damage_taken":0,"relics_obtained":["Juzu Bracelet"],"max_hp_gain":0,"max_hp_loss":0,"event_name":"Big Fish","floor":2,"gold_loss":0,"cards_obtained":["Regret"]},{"damage_healed":0,"gold_gain":75,"player_choice":"Gather Gold","damage_taken":11,"max_hp_gain":0,"max_hp_loss":0,"event_name":"World of Goop","floor":3,"gold_loss":0},{"damage_healed":0,"gold_gain":0,"player_choice":"Fought Mushrooms","damage_taken":0,"max_hp_gain":0,"max_hp_loss":0,"event_name":"Mushrooms","floor":11,"gold_loss":0},{"damage_healed":0,"gold_gain":0,"player_choice":"Ignored","damage_taken":0,"max_hp_gain":0,"max_hp_loss":0,"event_name":"Vampires","floor":19,"gold_loss":0},{"damage_healed":0,"gold_gain":0,"player_choice":"Memory 2","damage_taken":5,"max_hp_gain":0,"max_hp_loss":0,"event_name":"SensoryStone","floor":36,"gold_loss":0},{"damage_healed":0,"gold_gain":0,"player_choice":"Fight","damage_taken":0,"max_hp_gain":0,"max_hp_loss":0,"event_name":"MindBloom","floor":39,"gold_loss":0},{"cards_removed":["Defend_B"],"damage_healed":0,"gold_gain":0,"player_choice":"Removed Skill","damage_taken":0,"max_hp_gain":0,"max_hp_loss":0,"event_name":"Falling","floor":41,"gold_loss":0},{"damage_healed":72,"gold_gain":0,"player_choice":"Heal","damage_taken":0,"max_hp_gain":0,"max_hp_loss":10,"event_name":"The Moai Head","floor":46,"gold_loss":0}],"is_beta":false,"boss_relics":[{"not_picked":["Calling Bell","Astrolabe"],"picked":"Cursed Key"},{"not_picked":["Velvet Choker","Black Star"],"picked":"Coffee Dripper"}],"items_purged_floors":[7,12,29,37],"is_endless":false,"potions_floor_spawned":[11,14,16,21,22,25,35,38,47],"killed_by":"Donu and Deca","ascension_level":2}