{"gold_per_floor":[114,126,201,376,388,413,413,413,437,467,68,82,93,109,109,210,210,222,241,241,258,258,292,325,335,335,335,35,35,95,145,145,145],"floor_reached":33,"playtime":1773,"items_purged":["Doubt","Writhe"],"score":285,"play_id":"ad881861-e528-4da3-81c8-cf03ff1ccbbc","local_time":"20190819155310","is_ascension_mode":false,"campfire_choices":[{"floor":7,"key":"REST"},{"floor":15,"key":"RECALL"},{"floor":27,"key":"REST"},{"floor":29,"key":"REST"},{"floor":32,"key":"REST"}],"neow_cost":"NONE","seed_source_timestamp":17063290870865,"circlet_count":0,"master_deck":["Strike_G","Strike_G","Strike_G","Strike_G","Strike_G","Defend_G","Defend_G","Defend_G","Defend_G","Defend_G","Survivor","Neutralize","Finisher","Footwork","Deadly Poison","Eviscerate","Apotheosis","Cloak And Dagger","Predator","Outmaneuver","A Thousand Cuts","Dagger Throw","Backstab+1","Storm of Steel","Dagger Spray","Leg Sweep+1","Backflip+1","Skewer+1"],"relics":["Ring of the Snake","NeowsBlessing","Potion Belt","PreservedInsect","Bag of Marbles","Black Star","Tough Bandages","MutagenicStrength","Juzu Bracelet","Toxic Egg 2","Red Mask","Letter Opener","Sling","Tiny Chest","Pen Nib"],"potions_floor_usage":[12,16,19,21,24,33],"damage_taken":[{"damage":0,"enemies":"Cultist","floor":1,"turns":1},{"damage":0,"enemies":"Small Slimes","floor":2,"turns":1},{"damage":0,"enemies":"2 Louse","floor":5,"turns":1},{"damage":35,"enemies":"Lagavulin","floor":6,"turns":10},{"damage":2,"enemies":"2 Fungi Beasts","floor":12,"turns":3},{"damage":5,"enemies":"Looter","floor":13,"turns":2},{"damage":6,"enemies":"Exordium Thugs","floor":14,"turns":5},{"damage":10,"enemies":"The Guardian","floor":16,"turns":9},{"damage":3,"enemies":"Chosen","floor":18,"turns":6},{"damage":23,"enemies":"Shell Parasite","floor":19,"turns":6},{"damage":11,"enemies":"Chosen and Byrds","floor":21,"turns":5},{"damage":13,"enemies":"Book of Stabbing","floor":23,"turns":4},{"damage":11,"enemies":"Masked Bandits","floor":24,"turns":5},{"damage":8,"enemies":"Centurion and Healer","floor":25,"turns":6},{"damage":9,"enemies":"Gremlin Leader","floor":30,"turns":5},{"damage":84,"enemies":"Collector","floor":33,"turns":6}],"seed_played":"1449959597006514842","potions_obtained":[{"floor":5,"key":"Energy Potion"},{"floor":6,"key":"LiquidBronze"},{"floor":16,"key":"Explosive Potion"},{"floor":19,"key":"LiquidBronze"},{"floor":23,"key":"SpeedPotion"},{"floor":30,"key":"EssenceOfSteel"}],"is_trial":false,"path_per_floor":["M","M","?","?","M","E","R","?","T","?","$","M","M","M","R","B",null,"M","M","?","M","?","E","?","M","T","R","$","R","E","T","R","B"],"character_chosen":"THE_SILENT","items_purchased":["Bag of Marbles","Apotheosis","Sling"],"campfire_rested":4,"item_purchase_floors":[11,11,28],"current_hp_per_floor":[70,70,59,59,59,24,45,50,50,50,50,48,43,37,37,27,75,72,49,49,38,38,25,14,6,6,28,28,50,41,41,63,0],"gold":145,"neow_bonus":"THREE_ENEMY_KILL","is_prod":false,"is_daily":false,"chose_seed":false,"campfire_upgraded":0,"win_rate":0,"timestamp":1566255190,"path_taken":["M","M","?","?","M","E","R","?","T","?","$","M","M","M","R","BOSS","M","M","?","M","?","E","?","M","T","R","$","R","E","?","R","BOSS"],"build_version":"2019-07-17","purchased_purges":2,"victory":false,"max_hp_per_floor":[70,70,70,70,70,70,70,75,75,75,75,75,75,75,75,75,75,75,75,75,75,75,75,75,75,75,75,75,75,75,75,75,75],"card_choices":[{"not_picked":["Deadly Poison","Bane"],"picked":"Finisher","floor":1},{"not_picked":["Catalyst","Deflect"],"picked":"Footwork","floor":2},{"not_picked":["Flying Knee","Prepared"],"picked":"Deadly Poison","floor":5},{"not_picked":["Endless Agony","Riddle With Holes"],"picked":"Eviscerate","floor":6},{"not_picked":["PiercingWail","Catalyst"],"picked":"Cloak And Dagger","floor":12},{"not_picked":["Flying Knee","Expertise"],"picked":"Predator","floor":13},{"not_picked":["Grand Finale","PiercingWail"],"picked":"Outmaneuver","floor":14},{"not_picked":["Doppelganger","Bullet Time"],"picked":"A Thousand Cuts","floor":16},{"not_picked":["Acrobatics","Backflip"],"picked":"Dagger Throw","floor":18},{"not_picked":["Slice","Underhanded Strike"],"picked":"Backstab+1","floor":19},{"not_picked":["Outmaneuver","Dodge and Roll"],"picked":"Storm of Steel","floor":21},{"not_picked":["Setup","Heel Hook"],"picked":"Dagger Spray","floor":23},{"not_picked":["Endless Agony+1","Bouncing Flask+1"],"picked":"Leg Sweep+1","floor":24},{"not_picked":["Blade Dance+1","Dagger Spray+1"],"picked":"Backflip+1","floor":25},{"not_picked":["Outmaneuver+1","Sucker Punch"],"picked":"Skewer+1","floor":30}],"player_experience":702311,"relics_obtained":[{"floor":6,"key":"Potion Belt"},{"floor":9,"key":"PreservedInsect"},{"floor":23,"key":"Juzu Bracelet"},{"floor":23,"key":"Toxic Egg 2"},{"floor":24,"key":"Red Mask"},{"floor":26,"key":"Letter Opener"},{"floor":30,"key":"Tiny Chest"},{"floor":30,"key":"Pen Nib"}],"event_choices":[{"damage_healed":0,"gold_gain":75,"player_choice":"Gather Gold","damage_taken":11,"max_hp_gain":0,"max_hp_loss":0,"event_name":"World of Goop","floor":3,"gold_loss":0},{"damage_healed":0,"gold_gain":175,"player_choice":"AGREE","damage_taken":0,"max_hp_gain":0,"max_hp_loss":0,"event_name":"Liars Game","floor":4,"gold_loss":0,"cards_obtained":["Doubt"]},{"damage_healed":0,"gold_gain":0,"player_choice":"Donut","damage_taken":0,"max_hp_gain":5,"max_hp_loss":0,"event_name":"Big Fish","floor":8,"gold_loss":0},{"damage_healed":0,"gold_gain":30,"player_choice":"Searched \u00272\u0027 times","damage_taken":0,"max_hp_gain":0,"max_hp_loss":0,"event_name":"Dead Adventurer","floor":10,"gold_loss":0},{"damage_healed":0,"gold_gain":0,"player_choice":"Opened","damage_taken":0,"relics_obtained":["Tough Bandages"],"max_hp_gain":0,"max_hp_loss":0,"event_name":"The Mausoleum","floor":20,"gold_loss":0,"cards_obtained":["Writhe"]},{"damage_healed":0,"gold_gain":0,"player_choice":"Inject Mutagens","damage_taken":0,"relics_obtained":["MutagenicStrength"],"max_hp_gain":0,"max_hp_loss":0,"event_name":"Drug Dealer","floor":22,"gold_loss":0},{"damage_healed":0,"gold_gain":0,"player_choice":"Fought Bandits","damage_taken":0,"max_hp_gain":0,"max_hp_loss":0,"event_name":"Masked Bandits","floor":24,"gold_loss":0}],"is_beta":false,"boss_relics":[{"not_picked":["Pandora\u0027s Box","Orrery"],"picked":"Black Star"}],"items_purged_floors":[11,28],"is_endless":false,"potions_floor_spawned":[5,6,16,19,23,30],"killed_by":"Collector","ascension_level":0}