{"gold_per_floor":[118,136,154,170,170,204,204,218,218,232,232,262,262,279,279,380,380,396,406,416,65,80,80,105,105,152,164,176,200,212],"floor_reached":30,"playtime":1039,"items_purged":["Decay"],"score":264,"play_id":"36ba7a83-0c4c-4b34-93c7-5e6c78e9616b","local_time":"20190608185219","is_ascension_mode":false,"campfire_choices":[{"data":"Consume","floor":7,"key":"SMITH"},{"data":"Rainbow","floor":13,"key":"SMITH"},{"data":"Defragment","floor":15,"key":"SMITH"},{"floor":23,"key":"REST"},{"floor":25,"key":"REST"},{"data":"Sunder","floor":28,"key":"SMITH"}],"neow_cost":"NONE","seed_source_timestamp":111258089397689,"circlet_count":0,"master_deck":["Strike_B","Strike_B","Strike_B","Strike_B","Defend_B","Defend_B","Defend_B","Defend_B","Zap+1","Dualcast","Conserve Battery","Consume+1","Doom and Gloom","Beam Cell","Ball Lightning","Rainbow+1","Defragment+1","Biased Cognition","Go for the Eyes","Leap+1","Defragment+1","Sunder+1","Ball Lightning","Fusion+1"],"relics":["Cracked Core","Happy Flower","Ornamental Fan","Sozu","DollysMirror","Cables","MawBank","Molten Egg 2"],"potions_floor_usage":[6,8,12,16,19],"damage_taken":[{"damage":0,"enemies":"Small Slimes","floor":1,"turns":2},{"damage":0,"enemies":"Cultist","floor":2,"turns":3},{"damage":0,"enemies":"2 Louse","floor":3,"turns":3},{"damage":7,"enemies":"Blue Slaver","floor":4,"turns":3},{"damage":14,"enemies":"Lagavulin","floor":6,"turns":5},{"damage":3,"enemies":"Lots of Slimes","floor":8,"turns":3},{"damage":12,"enemies":"Large Slime","floor":10,"turns":3},{"damage":3,"enemies":"3 Sentries","floor":12,"turns":5},{"damage":1,"enemies":"2 Fungi Beasts","floor":14,"turns":3},{"damage":4,"enemies":"Slime Boss","floor":16,"turns":7},{"damage":1,"enemies":"Chosen","floor":18,"turns":5},{"damage":18,"enemies":"2 Thieves","floor":19,"turns":3},{"damage":0,"enemies":"3 Cultists","floor":20,"turns":5},{"damage":20,"enemies":"Centurion and Healer","floor":22,"turns":3},{"damage":35,"enemies":"Slavers","floor":24,"turns":5},{"damage":29,"enemies":"Shelled Parasite and Fungi","floor":29,"turns":5},{"damage":17,"enemies":"Book of Stabbing","floor":30,"turns":2}],"seed_played":"7133543882438877019","potions_obtained":[{"floor":3,"key":"Ancient Potion"},{"floor":4,"key":"PowerPotion"},{"floor":8,"key":"Strength Potion"},{"floor":10,"key":"Block Potion"},{"floor":12,"key":"Poison Potion"}],"is_trial":false,"path_per_floor":["M","M","M","M","$","E","R","M","T","M","?","E","R","M","R","B",null,"M","M","M","$","M","R","E","R","T","T","R","M","E"],"character_chosen":"DEFECT","items_purchased":["DollysMirror","Sunder"],"campfire_rested":2,"item_purchase_floors":[21,21],"current_hp_per_floor":[75,75,75,68,68,54,54,51,51,39,39,36,36,35,35,31,75,74,56,56,56,36,58,23,45,45,45,45,16,0],"gold":212,"neow_bonus":"UPGRADE_CARD","is_prod":false,"is_daily":false,"chose_seed":false,"campfire_upgraded":4,"win_rate":0,"timestamp":1560037939,"path_taken":["M","M","M","M","$","E","R","M","T","M","?","E","R","M","R","BOSS","M","?","M","$","M","R","E","R","T","?","R","M","E"],"build_version":"2019-01-23","purchased_purges":1,"victory":false,"max_hp_per_floor":[75,75,75,75,75,75,75,75,75,75,75,75,75,75,75,75,75,75,75,75,75,75,75,75,75,75,75,75,75,75],"card_choices":[{"not_picked":["Chaos","Steam"],"picked":"Conserve Battery","floor":1},{"not_picked":["Leap","Steam"],"picked":"Consume","floor":2},{"not_picked":["Coolheaded","Skim"],"picked":"Doom and Gloom","floor":3},{"not_picked":["Chill","Gash","Melter"],"picked":"SKIP","floor":4},{"not_picked":["Coolheaded","Leap"],"picked":"Beam Cell","floor":6},{"not_picked":["Recycle","Rebound"],"picked":"Ball Lightning","floor":8},{"not_picked":["Coolheaded","Reprogram"],"picked":"Rainbow","floor":10},{"not_picked":["Stack","Chill"],"picked":"Defragment","floor":12},{"not_picked":["Conserve Battery","Hologram","Coolheaded"],"picked":"SKIP","floor":14},{"not_picked":["Electrodynamics","Reboot"],"picked":"Biased Cognition","floor":16},{"not_picked":["Compile Driver","Leap"],"picked":"Go for the Eyes","floor":18},{"not_picked":["Conserve Battery","Biased Cognition"],"picked":"Leap+1","floor":19},{"not_picked":["Turbo","Coolheaded","Double Energy"],"picked":"SKIP","floor":20},{"not_picked":["Turbo","Rebound"],"picked":"Ball Lightning","floor":22},{"not_picked":["Lockon+1","Double Energy"],"picked":"Fusion+1","floor":24},{"not_picked":["Recycle","Rebound+1","Doom and Gloom+1"],"picked":"SKIP","floor":29}],"player_experience":142884,"relics_obtained":[{"floor":6,"key":"Happy Flower"},{"floor":12,"key":"Ornamental Fan"},{"floor":24,"key":"Cables"},{"floor":26,"key":"MawBank"},{"floor":27,"key":"Molten Egg 2"}],"event_choices":[{"damage_healed":0,"gold_gain":0,"player_choice":"Cursed","damage_taken":0,"max_hp_gain":0,"max_hp_loss":0,"event_name":"Wheel of Change","floor":11,"gold_loss":0,"cards_obtained":["Decay"]}],"is_beta":false,"boss_relics":[{"not_picked":["Velvet Choker","Philosopher\u0027s Stone"],"picked":"Sozu"}],"items_purged_floors":[21],"is_endless":false,"potions_floor_spawned":[3,4,8,10,12,19,22,24,29],"killed_by":"Book of Stabbing","ascension_level":0}