{"gold_per_floor":[119,119,8,28,28,28,57,77,101,130,142,47,67,67,67,67],"floor_reached":16,"playtime":1020,"items_purged":["Strike_G"],"score":130,"play_id":"840690b6-2baf-484c-9f80-9dc739c407df","local_time":"20190817162009","is_ascension_mode":true,"campfire_choices":[{"data":"Well Laid Plans","floor":6,"key":"SMITH"},{"floor":15,"key":"REST"}],"neow_cost":"NONE","seed_source_timestamp":2426264508288,"circlet_count":0,"master_deck":["Strike_G","Strike_G","Strike_G","Defend_G","Defend_G","Defend_G","Defend_G","Defend_G","Survivor","Neutralize+1","Poisoned Stab","Well Laid Plans+1","Escape Plan","Deadly Poison","Footwork","Endless Agony","Crippling Poison"],"relics":["Ring of the Snake","Strawberry","MawBank","Meat on the Bone"],"potions_floor_usage":[4,7,7,8,10,16],"damage_taken":[{"damage":4,"enemies":"Small Slimes","floor":1,"turns":5},{"damage":0,"enemies":"Cultist","floor":4,"turns":4},{"damage":16,"enemies":"Lagavulin","floor":7,"turns":8},{"damage":0,"enemies":"2 Louse","floor":8,"turns":1},{"damage":0,"enemies":"Blue Slaver","floor":10,"turns":4},{"damage":5,"enemies":"3 Louse","floor":13,"turns":4},{"damage":43,"enemies":"Slime Boss","floor":16,"turns":13}],"seed_played":"1645501163191847210","potions_obtained":[{"floor":2,"key":"Fruit Juice"},{"floor":2,"key":"Weak Potion"},{"floor":2,"key":"LiquidBronze"},{"floor":4,"key":"Ancient Potion"},{"floor":7,"key":"Explosive Potion"},{"floor":13,"key":"Weak Potion"}],"is_trial":false,"path_per_floor":["M","?","$","M","$","R","E","M","T","M","?","$","M","?","R","B"],"character_chosen":"THE_SILENT","items_purchased":["Well Laid Plans","Footwork","Endless Agony"],"campfire_rested":1,"item_purchase_floors":[3,12,12],"current_hp_per_floor":[59,59,59,64,64,64,55,55,55,55,48,48,43,18,42,0],"gold":67,"neow_bonus":"UPGRADE_CARD","is_prod":false,"is_daily":false,"chose_seed":false,"campfire_upgraded":1,"win_rate":0,"timestamp":1566055209,"path_taken":["M","?","$","M","?","R","E","M","T","M","?","$","M","?","R","BOSS"],"build_version":"2019-07-17","purchased_purges":1,"victory":false,"max_hp_per_floor":[70,70,70,75,75,75,82,82,82,82,82,82,82,82,82,82],"card_choices":[{"not_picked":["Slice","Infinite Blades"],"picked":"Poisoned Stab","floor":1},{"not_picked":["Riddle With Holes","Slice"],"picked":"Escape Plan","floor":4},{"not_picked":["Slice","Flechettes"],"picked":"Deadly Poison","floor":7},{"not_picked":["Quick Slash","Outmaneuver","Acrobatics"],"picked":"SKIP","floor":8},{"not_picked":["Eviscerate","Skewer","Outmaneuver"],"picked":"SKIP","floor":10},{"not_picked":["Prepared","Setup"],"picked":"Crippling Poison","floor":13}],"player_experience":391145,"relics_obtained":[{"floor":7,"key":"Strawberry"},{"floor":9,"key":"MawBank"}],"event_choices":[{"damage_healed":0,"gold_gain":0,"player_choice":"Got Potions","damage_taken":0,"max_hp_gain":0,"max_hp_loss":0,"event_name":"Lab","floor":2,"gold_loss":0},{"cards_removed":["Strike_G"],"damage_healed":0,"gold_gain":0,"player_choice":"Card Removal","damage_taken":7,"max_hp_gain":0,"max_hp_loss":0,"event_name":"Golden Wing","floor":11,"gold_loss":0},{"damage_healed":0,"gold_gain":0,"player_choice":"Success","damage_taken":25,"relics_obtained":["Meat on the Bone"],"max_hp_gain":0,"max_hp_loss":0,"event_name":"Scrap Ooze","floor":14,"gold_loss":0}],"is_beta":false,"boss_relics":[],"items_purged_floors":[3],"is_endless":false,"potions_floor_spawned":[4,7,13],"killed_by":"Slime Boss","ascension_level":6}