{"gold_per_floor":[114,130,141,141,159,159,188,188,188,118,0,26,38,38,38,115,115,95,10,27,27,44,75,25,25,96,128,146,171,171,201,201,276,276,289,289,84,95,106,106,139,158,183,200,217,233,263,278,278,278,278,278,30,62,62],"floor_reached":56,"playtime":13271,"items_purged":["Strike_B","Strike_B","Defend_B","Self Repair"],"score":2573,"play_id":"bdce151d-577d-44a4-b853-f8842bf864ad","local_time":"20190801205955","is_ascension_mode":true,"campfire_choices":[{"data":"Sunder","floor":6.0,"key":"SMITH"},{"floor":8.0,"key":"REST"},{"floor":15.0,"key":"REST"},{"data":"Defragment","floor":25.0,"key":"SMITH"},{"data":"Buffer","floor":32.0,"key":"SMITH"},{"data":"Ghostly","floor":40.0,"key":"SMITH"},{"floor":49,"key":"RECALL"},{"data":"Defragment","floor":52,"key":"SMITH"}],"neow_cost":"NONE","seed_source_timestamp":0,"circlet_count":0,"master_deck":["AscendersBane","Defend_B+1","Defend_B","Defend_B","Zap","Dualcast","Genetic Algorithm","Ball Lightning","Glacier","Sunder+1","White Noise","Leap","Defragment+1","Barrage","Creative AI","Scrape","Glacier+1","Ghostly+1","Ghostly","Ghostly+1","Hologram+1","Fusion","Glacier","Buffer+1","Conserve Battery+1","Capacitor","Parasite","Buffer","Loop","Defragment+1","The Bomb","Sunder"],"special_seed":0,"relics":["Black Star","Ancient Tea Set","Turnip","The Courier","Boot","Dodecahedron","Snecko Eye","Meat on the Bone","Pen Nib","Smiling Mask","Pantograph","Mercury Hourglass","Pocketwatch","Strawberry","War Paint","Art of War","Gambling Chip","Cursed Key","Strange Spoon","Blood Vial","Calipers","Oddly Smooth Stone","Darkstone Periapt","Du-Vu Doll","Incense Burner"],"potions_floor_usage":[50,55],"damage_taken":[{"damage":8.0,"enemies":"Jaw Worm","floor":1.0,"turns":5.0},{"damage":5.0,"enemies":"Cultist","floor":2.0,"turns":4.0},{"damage":18.0,"enemies":"Small Slimes","floor":3.0,"turns":3.0},{"damage":3.0,"enemies":"Blue Slaver","floor":5.0,"turns":4.0},{"damage":26.0,"enemies":"3 Sentries","floor":7.0,"turns":12.0},{"damage":10.0,"enemies":"Gremlin Nob","floor":12.0,"turns":5.0},{"damage":0.0,"enemies":"3 Louse","floor":13.0,"turns":5.0},{"damage":0.0,"enemies":"Slime Boss","floor":16.0,"turns":5.0},{"damage":22.0,"enemies":"2 Thieves","floor":18.0,"turns":4.0},{"damage":10.0,"enemies":"Shell Parasite","floor":20.0,"turns":6.0},{"damage":0.0,"enemies":"Snake Plant","floor":22.0,"turns":4.0},{"damage":0.0,"enemies":"Book of Stabbing","floor":23.0,"turns":7.0},{"damage":12.0,"enemies":"Gremlin Leader","floor":27.0,"turns":8.0},{"damage":11.0,"enemies":"Sentry and Sphere","floor":28.0,"turns":8.0},{"damage":0.0,"enemies":"Book of Stabbing","floor":29.0,"turns":5.0},{"damage":0.0,"enemies":"Slavers","floor":31.0,"turns":7.0},{"damage":0.0,"enemies":"Automaton","floor":33.0,"turns":8.0},{"damage":0.0,"enemies":"3 Darklings","floor":35.0,"turns":5.0},{"damage":0.0,"enemies":"Orb Walker","floor":38.0,"turns":3.0},{"damage":0.0,"enemies":"Jaw Worm Horde","floor":39.0,"turns":5.0},{"damage":0.0,"enemies":"Giant Head","floor":41.0,"turns":9.0},{"damage":0.0,"enemies":"Spire Growth","floor":42.0,"turns":13.0},{"damage":0,"enemies":"4 Shapes","floor":44,"turns":16},{"damage":0,"enemies":"Transient","floor":45,"turns":5},{"damage":0,"enemies":"3 Darklings","floor":46,"turns":4},{"damage":0,"enemies":"Reptomancer","floor":47,"turns":8},{"damage":0,"enemies":"Jaw Worm Horde","floor":48,"turns":7},{"damage":0,"enemies":"Donu and Deca","floor":50,"turns":15},{"damage":20,"enemies":"Shield and Spear","floor":54,"turns":7},{"damage":0,"enemies":"The Heart","floor":55,"turns":12}],"seed_played":"992044674341759462","potions_obtained":[{"floor":1.0,"key":"EssenceOfSteel"},{"floor":3.0,"key":"PowerPotion"},{"floor":12.0,"key":"Dexterity Potion"},{"floor":13.0,"key":"Strength Potion"},{"floor":18.0,"key":"SkillPotion"},{"floor":20.0,"key":"LiquidBronze"},{"floor":29.0,"key":"Energy Potion"},{"floor":33.0,"key":"Fire Potion"},{"floor":39.0,"key":"Energy Potion"},{"floor":41.0,"key":"SpeedPotion"},{"floor":46,"key":"PowerPotion"}],"is_trial":false,"path_per_floor":["M","M","M","?","M","R","E","R","T","?","$","E","M","?","R","B",null,"M","?","M","?","M","E","$","R","T","E","M","E","?","E","R","B",null,"M","?","$","M","M","R","E","M","T","M","M","M","E","M","R","B",null,"R","$","E","B",null],"character_chosen":"DEFECT","items_purchased":["Defragment","Strange Spoon","The Bomb","LiquidBronze"],"campfire_rested":2,"item_purchase_floors":[11,37,53,53],"current_hp_per_floor":[56,51,33,33,30,30,4,25,25,25,25,15,15,15,36,43,64,49,49,39,35,35,35,35,35,35,30,26,40,40,42,42,42,42,42,52,52,52,52,52,52,52,52,52,52,52,52,52,52,52,52,52,52,32,52],"gold":62,"neow_bonus":"BOSS_RELIC","is_prod":false,"is_daily":false,"chose_seed":false,"campfire_upgraded":5,"win_rate":0,"timestamp":1564718395,"path_taken":["M","M","M","?","M","R","E","R","T","?","?","E","?","?","R","BOSS","M","?","M","?","M","E","$","R","T","E","M","E","?","E","R","BOSS","M","?","$","M","M","R","E","M","T","M","?","?","E","M","R","BOSS","R","$","E","BOSS"],"build_version":"2019-07-17","purchased_purges":4,"victory":true,"max_hp_per_floor":[71,71,71,71,71,71,71,71,71,71,71,71,71,71,71,71,71,71,71,71,35,35,35,35,35,35,35,35,42,42,42,42,42,42,42,52,52,52,52,52,52,52,52,52,52,52,52,52,52,52,52,52,52,52,52],"card_choices":[{"not_picked":["Reprogram","Sweeping Beam"],"picked":"Genetic Algorithm","floor":1.0},{"not_picked":["Chill","Beam Cell"],"picked":"Ball Lightning","floor":2.0},{"not_picked":["Sunder","Steam"],"picked":"Glacier","floor":3.0},{"not_picked":["Fusion","Stack"],"picked":"White Noise","floor":5.0},{"not_picked":["Double Energy","Aggregate"],"picked":"Leap","floor":7.0},{"not_picked":["Heatsinks","Hologram"],"picked":"Barrage","floor":12.0},{"not_picked":["Chill","Melter"],"picked":"Self Repair","floor":13.0},{"not_picked":["Fission","Reboot"],"picked":"Creative AI","floor":16.0},{"not_picked":["Ball Lightning","Steam","Scrape"],"picked":"SKIP","floor":18.0},{"not_picked":["Ball Lightning","Steam"],"picked":"Scrape","floor":18.0},{"not_picked":["Streamline","Cold Snap"],"picked":"Glacier+1","floor":20.0},{"not_picked":["Gash","Capacitor"],"picked":"Hologram+1","floor":22.0},{"not_picked":["Recycle","Chaos"],"picked":"Fusion","floor":23.0},{"not_picked":["Compile Driver","Conserve Battery"],"picked":"Glacier","floor":27.0},{"not_picked":["Ball Lightning","Aggregate","Conserve Battery"],"picked":"SKIP","floor":28.0},{"not_picked":["Steam","Sweeping Beam","Hologram"],"picked":"SKIP","floor":29.0},{"not_picked":["Steam","Sweeping Beam","Hologram"],"picked":"SKIP","floor":29.0},{"not_picked":["Double Energy","Conserve Battery"],"picked":"Buffer","floor":31.0},{"not_picked":["Amplify","Reboot"],"picked":"Thunder Strike","floor":33.0},{"not_picked":["Redo","Turbo","Gash"],"picked":"SKIP","floor":35.0},{"not_picked":["Reprogram+1","Rip and Tear+1"],"picked":"Conserve Battery+1","floor":38.0},{"not_picked":["Chaos+1","Conserve Battery+1","Leap+1"],"picked":"SKIP","floor":39.0},{"not_picked":["Beam Cell+1","Compile Driver"],"picked":"Capacitor","floor":41.0},{"not_picked":["Beam Cell","Rebound","Leap+1"],"picked":"SKIP","floor":42.0},{"not_picked":["Recycle","Chaos"],"picked":"Buffer","floor":44},{"not_picked":["Redo","Sweeping Beam","Compile Driver"],"picked":"SKIP","floor":45},{"not_picked":["Turbo","Chaos"],"picked":"Loop","floor":46},{"not_picked":["Loop","Rip and Tear","Rebound+1"],"picked":"SKIP","floor":47},{"not_picked":["Redo","Stack"],"picked":"Defragment","floor":48},{"not_picked":["Lockon","Ball Lightning+1"],"picked":"Sunder","floor":54}],"player_experience":448437,"relics_obtained":[{"floor":7.0,"key":"Ancient Tea Set"},{"floor":7.0,"key":"Turnip"},{"floor":9.0,"key":"The Courier"},{"floor":12.0,"key":"Boot"},{"floor":12.0,"key":"Dodecahedron"},{"floor":23.0,"key":"Pen Nib"},{"floor":23.0,"key":"Smiling Mask"},{"floor":26.0,"key":"Pantograph"},{"floor":27.0,"key":"Mercury Hourglass"},{"floor":27.0,"key":"Pocketwatch"},{"floor":29.0,"key":"Strawberry"},{"floor":29.0,"key":"War Paint"},{"floor":31.0,"key":"Art of War"},{"floor":31.0,"key":"Gambling Chip"},{"floor":41.0,"key":"Blood Vial"},{"floor":41.0,"key":"Calipers"},{"floor":47,"key":"Oddly Smooth Stone"},{"floor":47,"key":"Darkstone Periapt"},{"floor":54,"key":"Du-Vu Doll"},{"floor":54,"key":"Incense Burner"}],"event_choices":[{"damage_healed":0.0,"max_hp_gain":0.0,"max_hp_loss":0.0,"gold_gain":0.0,"cards_transformed":["Strike_B"],"event_name":"Living Wall","player_choice":"Change","floor":4.0,"gold_loss":0.0,"damage_taken":0.0,"cards_obtained":["Sunder"]},{"damage_healed":0.0,"max_hp_gain":0.0,"max_hp_loss":0.0,"gold_gain":0.0,"event_name":"World of Goop","player_choice":"Left Gold","floor":10.0,"gold_loss":70.0,"damage_taken":0.0},{"damage_healed":0.0,"max_hp_gain":0.0,"max_hp_loss":0.0,"gold_gain":0.0,"event_name":"Shining Light","player_choice":"Ignored","floor":14.0,"gold_loss":0.0,"damage_taken":0.0},{"damage_healed":0.0,"max_hp_gain":0.0,"max_hp_loss":0.0,"gold_gain":0.0,"event_name":"Addict","player_choice":"Obtained Relic","floor":19.0,"gold_loss":85.0,"damage_taken":0.0,"relics_obtained":["Meat on the Bone"]},{"damage_healed":0.0,"max_hp_gain":0.0,"max_hp_loss":36.0,"gold_gain":0.0,"event_name":"Ghosts","player_choice":"Became a Ghost","floor":21.0,"gold_loss":0.0,"damage_taken":0.0,"cards_obtained":["Ghostly","Ghostly","Ghostly"]},{"cards_removed":["Strike_B"],"damage_healed":0.0,"max_hp_gain":0.0,"max_hp_loss":0.0,"gold_gain":0.0,"event_name":"Back to Basics","player_choice":"Elegance","floor":30.0,"gold_loss":0.0,"damage_taken":0.0},{"cards_removed":["Thunder Strike"],"damage_healed":0.0,"max_hp_gain":10.0,"max_hp_loss":0.0,"gold_gain":0.0,"event_name":"Bonfire Elementals","player_choice":"Offered Rare","floor":36.0,"gold_loss":0.0,"damage_taken":0.0}],"is_beta":false,"boss_relics":[{"not_picked":["Ectoplasm","Eternal Feather"],"picked":"Snecko Eye"},{"not_picked":["Philosopher\u0027s Stone","Runic Dome"],"picked":"Cursed Key"}],"items_purged_floors":[11,24,37,53],"is_endless":false,"potions_floor_spawned":[1,3,5,12,13,18,20,29,33,39,41,46],"ascension_level":15}