{"gold_per_floor":[130,155,177,204,230,242,279,303,315,339,351,378,407,91,91,91],"floor_reached":16,"playtime":1083,"items_purged":["Strike_G"],"score":130,"play_id":"c6ad6840-a438-4ff2-8f39-826f04ac232b","local_time":"20190816100142","is_ascension_mode":true,"campfire_choices":[{"data":"Catalyst","floor":6,"key":"SMITH"},{"floor":11,"key":"REST"},{"floor":15,"key":"REST"}],"neow_cost":"NONE","seed_source_timestamp":3364900094034,"circlet_count":0,"master_deck":["Strike_G","Strike_G","Strike_G","Strike_G","Defend_G","Defend_G","Defend_G","Defend_G","Defend_G","Survivor","Neutralize","Poisoned Stab","Poisoned Stab","Finisher","Catalyst+1","Endless Agony","Calculated Gamble","Deadly Poison","Dash","Outmaneuver"],"relics":["Ring of the Snake","MawBank","Orichalcum","Juzu Bracelet","Mummified Hand"],"potions_floor_usage":[5,16],"damage_taken":[{"damage":2,"enemies":"Small Slimes","floor":1,"turns":5},{"damage":2,"enemies":"2 Louse","floor":2,"turns":3},{"damage":0,"enemies":"Cultist","floor":3,"turns":2},{"damage":11,"enemies":"3 Louse","floor":4,"turns":3},{"damage":2,"enemies":"2 Fungi Beasts","floor":5,"turns":3},{"damage":24,"enemies":"Gremlin Nob","floor":7,"turns":4},{"damage":11,"enemies":"Lots of Slimes","floor":8,"turns":6},{"damage":0,"enemies":"Exordium Thugs","floor":10,"turns":3},{"damage":1,"enemies":"Looter","floor":12,"turns":3},{"damage":4,"enemies":"Red Slaver","floor":13,"turns":2},{"damage":70,"enemies":"Slime Boss","floor":16,"turns":12}],"seed_played":"-1178933041722941417","potions_obtained":[{"floor":4,"key":"Fruit Juice"},{"floor":7,"key":"GhostInAJar"},{"floor":8,"key":"Regen Potion"},{"floor":10,"key":"Strength Potion"},{"floor":12,"key":"Explosive Potion"},{"floor":13,"key":"Poison Potion"}],"is_trial":false,"path_per_floor":["M","M","M","M","M","R","E","M","T","M","R","M","M","$","R","B"],"character_chosen":"THE_SILENT","items_purchased":["Mummified Hand"],"campfire_rested":2,"item_purchase_floors":[14],"current_hp_per_floor":[68,66,66,55,58,58,34,23,23,23,45,44,40,40,62,0],"gold":91,"neow_bonus":"RANDOM_COMMON_RELIC","is_prod":false,"is_daily":false,"chose_seed":false,"campfire_upgraded":1,"win_rate":0,"timestamp":1565974902,"path_taken":["M","M","M","M","M","R","E","M","T","M","R","M","M","$","R","BOSS"],"build_version":"2019-07-17","purchased_purges":1,"victory":false,"max_hp_per_floor":[70,70,70,70,75,75,75,75,75,75,75,75,75,75,75,75],"card_choices":[{"not_picked":["Dagger Spray","Acrobatics"],"picked":"Poisoned Stab","floor":1},{"not_picked":["Choke","Bane"],"picked":"Poisoned Stab","floor":2},{"not_picked":["Cloak And Dagger","Terror"],"picked":"Finisher","floor":3},{"not_picked":["Choke","Poisoned Stab"],"picked":"Catalyst","floor":4},{"not_picked":["Unload","Acrobatics"],"picked":"Endless Agony","floor":5},{"not_picked":["Die Die Die","Flechettes"],"picked":"Calculated Gamble","floor":7},{"not_picked":["Dagger Throw","Predator"],"picked":"Deadly Poison","floor":8},{"not_picked":["Riddle With Holes","Deadly Poison"],"picked":"Dash","floor":10},{"not_picked":["Dagger Spray","Accuracy"],"picked":"Outmaneuver","floor":12},{"not_picked":["Phantasmal Killer","All Out Attack","Sucker Punch"],"picked":"SKIP","floor":13}],"player_experience":393602,"relics_obtained":[{"floor":7,"key":"Orichalcum"},{"floor":9,"key":"Juzu Bracelet"}],"event_choices":[],"is_beta":false,"boss_relics":[],"items_purged_floors":[14],"is_endless":false,"potions_floor_spawned":[4,7,8,10,12,13],"killed_by":"Slime Boss","ascension_level":4}