{"gold_per_floor":[113,131,148,148,162,162,192,89,89,102,59,78,111,111,111,188,188,202,219,134,146,67,67],"floor_reached":23,"playtime":1152,"items_purged":["Strike_G"],"score":386,"play_id":"8a6c5c0a-dc06-4c62-b97b-91ad73e547e4","local_time":"20190814143359","is_ascension_mode":true,"campfire_choices":[{"data":"Poisoned Stab","floor":6,"key":"SMITH"},{"data":"Noxious Fumes","floor":15,"key":"SMITH"}],"neow_cost":"NONE","seed_source_timestamp":54129941437643,"circlet_count":0,"master_deck":["AscendersBane","Strike_G","Strike_G","Strike_G","Defend_G","Defend_G","Defend_G","Defend_G","Defend_G","Survivor","Neutralize","Dagger Throw","Poisoned Stab+1","Acrobatics","Escape Plan","Noxious Fumes+1","Noxious Fumes","Well Laid Plans","A Thousand Cuts","Dagger Spray+1","Catalyst"],"relics":["Ring of the Snake","Lantern","MawBank","Mercury Hourglass","Unceasing Top","Pantograph","Velvet Choker","Ninja Scroll"],"potions_floor_usage":[7,13,16,23],"damage_taken":[{"damage":6,"enemies":"Jaw Worm","floor":1,"turns":7},{"damage":3,"enemies":"Cultist","floor":2,"turns":4},{"damage":0,"enemies":"2 Louse","floor":3,"turns":3},{"damage":13,"enemies":"Exordium Wildlife","floor":5,"turns":6},{"damage":12,"enemies":"Gremlin Nob","floor":7,"turns":4},{"damage":0,"enemies":"2 Fungi Beasts","floor":10,"turns":3},{"damage":3,"enemies":"Large Slime","floor":12,"turns":5},{"damage":7,"enemies":"Lagavulin","floor":13,"turns":7},{"damage":12,"enemies":"The Guardian","floor":16,"turns":8},{"damage":12,"enemies":"Spheric Guardian","floor":18,"turns":5},{"damage":0,"enemies":"3 Byrds","floor":19,"turns":3},{"damage":10,"enemies":"Centurion and Healer","floor":21,"turns":6},{"damage":36,"enemies":"Book of Stabbing","floor":23,"turns":4}],"seed_played":"-7350384262349320736","potions_obtained":[{"floor":1,"key":"SpeedPotion"},{"floor":5,"key":"LiquidBronze"},{"floor":7,"key":"SpeedPotion"},{"floor":13,"key":"Poison Potion"},{"floor":18,"key":"GamblersBrew"},{"floor":19,"key":"EssenceOfSteel"}],"is_trial":false,"path_per_floor":["M","M","M","?","M","R","E","$","T","M","?","M","E","T","R","B",null,"M","M","?","M","$","E"],"character_chosen":"THE_SILENT","items_purchased":["Noxious Fumes","Catalyst"],"campfire_rested":0,"item_purchase_floors":[8,22],"current_hp_per_floor":[53,50,50,50,37,37,25,25,25,25,25,22,15,15,15,28,57,45,45,45,35,35,0],"gold":67,"neow_bonus":"RANDOM_COMMON_RELIC","is_prod":false,"is_daily":false,"chose_seed":false,"campfire_upgraded":2,"win_rate":0,"timestamp":1565811239,"path_taken":["M","M","M","?","?","R","E","$","T","M","?","M","E","?","R","BOSS","M","M","?","M","$","E"],"build_version":"2019-07-17","purchased_purges":1,"victory":false,"max_hp_per_floor":[66,66,66,66,66,66,66,66,66,66,66,66,66,66,66,66,66,66,66,66,66,66,66],"card_choices":[{"not_picked":["Distraction","PiercingWail"],"picked":"Dagger Throw","floor":1},{"not_picked":["Dodge and Roll","Catalyst"],"picked":"Poisoned Stab","floor":2},{"not_picked":["Accuracy","Dagger Throw"],"picked":"Acrobatics","floor":3},{"not_picked":["Endless Agony","Choke"],"picked":"Escape Plan","floor":5},{"not_picked":["Masterful Stab","Slice","Acrobatics"],"picked":"SKIP","floor":7},{"not_picked":["Deadly Poison","Dodge and Roll"],"picked":"Noxious Fumes","floor":10},{"not_picked":["Slice","Masterful Stab","All Out Attack"],"picked":"SKIP","floor":12},{"not_picked":["Slice","Acrobatics"],"picked":"Well Laid Plans","floor":13},{"not_picked":["Grand Finale","Unload"],"picked":"A Thousand Cuts","floor":16},{"not_picked":["Reflex","Sucker Punch","Outmaneuver"],"picked":"SKIP","floor":18},{"not_picked":["Riddle With Holes","Sucker Punch"],"picked":"Dagger Spray+1","floor":19},{"not_picked":["Prepared","Venomology","Well Laid Plans"],"picked":"SKIP","floor":21}],"player_experience":425045,"relics_obtained":[{"floor":7,"key":"MawBank"},{"floor":9,"key":"Mercury Hourglass"},{"floor":13,"key":"Unceasing Top"},{"floor":14,"key":"Pantograph"}],"event_choices":[{"cards_removed":["Strike_G"],"damage_healed":0,"gold_gain":0,"player_choice":"Offered Basic","damage_taken":0,"max_hp_gain":0,"max_hp_loss":0,"event_name":"Bonfire Elementals","floor":4,"gold_loss":0},{"damage_healed":0,"gold_gain":0,"player_choice":"Left Gold","damage_taken":0,"max_hp_gain":0,"max_hp_loss":0,"event_name":"World of Goop","floor":11,"gold_loss":43},{"damage_healed":0,"gold_gain":0,"player_choice":"Obtained Relic","damage_taken":0,"relics_obtained":["Ninja Scroll"],"max_hp_gain":0,"max_hp_loss":0,"event_name":"Addict","floor":20,"gold_loss":85}],"is_beta":false,"boss_relics":[{"not_picked":["Runic Dome","Philosopher\u0027s Stone"],"picked":"Velvet Choker"}],"items_purged_floors":[8],"is_endless":false,"potions_floor_spawned":[1,5,7,12,13,18,19,21],"killed_by":"Book of Stabbing","ascension_level":18}