{"gold_per_floor":[366,441,441,116,116,116,150,181,193,244,280,305,33,33],"floor_reached":14,"playtime":506,"items_purged":["Injury","Strike_G"],"score":176,"play_id":"021cefb3-e4b0-4956-8ced-369ddd2faa92","local_time":"20190710065806","is_ascension_mode":true,"campfire_choices":[{"data":"Malaise","floor":6.0,"key":"SMITH"}],"neow_cost":"TEN_PERCENT_HP_LOSS","seed_source_timestamp":27614780630279,"circlet_count":0,"master_deck":["AscendersBane","Strike_G","Strike_G","Strike_G","Strike_G","Defend_G","Defend_G","Defend_G","Defend_G","Defend_G","Survivor","Neutralize","Bouncing Flask","Noxious Fumes","Malaise+1","Infinite Blades","Backstab","Riddle With Holes","Riddle With Holes","Dagger Throw","Calculated Gamble"],"special_seed":0,"relics":["Ring of the Snake","Golden Idol","MawBank","Ornamental Fan","Vajra"],"potions_floor_usage":[11,14],"damage_taken":[{"damage":3.0,"enemies":"Small Slimes","floor":1.0,"turns":5.0},{"damage":23.0,"enemies":"Gremlin Nob","floor":7.0,"turns":5.0},{"damage":14.0,"enemies":"2 Louse","floor":8.0,"turns":3.0},{"damage":21.0,"enemies":"3 Sentries","floor":10.0,"turns":8.0},{"damage":0,"enemies":"Jaw Worm","floor":11,"turns":1},{"damage":3,"enemies":"Large Slime","floor":12,"turns":6},{"damage":28,"enemies":"Gremlin Nob","floor":14,"turns":5}],"seed_played":"-7438516104745672012","potions_obtained":[{"floor":1.0,"key":"SteroidPotion"},{"floor":11,"key":"FairyPotion"},{"floor":12,"key":"Weak Potion"}],"is_trial":false,"path_per_floor":["M","?","?","$","?","R","E","M","T","E","M","M","$","?"],"character_chosen":"THE_SILENT","items_purchased":["Noxious Fumes","Malaise","Fruit Juice","Calculated Gamble"],"campfire_rested":0,"item_purchase_floors":[4,4,13,13],"current_hp_per_floor":[56,45,45,45,60,60,37,23,23,2,2,6,6,0],"gold":33,"neow_bonus":"TWO_FIFTY_GOLD","is_prod":false,"is_daily":false,"chose_seed":false,"campfire_upgraded":1,"win_rate":0,"timestamp":1562759886,"path_taken":["M","?","?","$","?","R","E","M","T","E","M","M","$","?"],"build_version":"2019-07-05","purchased_purges":2,"victory":false,"max_hp_per_floor":[60,60,60,60,60,60,60,60,60,60,60,60,60,65],"card_choices":[{"not_picked":["Flying Knee","Prepared"],"picked":"Bouncing Flask","floor":1.0},{"not_picked":["Flechettes","Dagger Throw"],"picked":"Infinite Blades","floor":7.0},{"not_picked":["Bane","Noxious Fumes"],"picked":"Backstab","floor":8.0},{"not_picked":["Poisoned Stab","Deflect"],"picked":"Riddle With Holes","floor":10.0},{"not_picked":["Accuracy","Sucker Punch"],"picked":"Riddle With Holes","floor":11},{"not_picked":["Finisher","Outmaneuver"],"picked":"Dagger Throw","floor":12}],"player_experience":359679,"relics_obtained":[{"floor":7.0,"key":"MawBank"},{"floor":9.0,"key":"Ornamental Fan"},{"floor":10.0,"key":"Vajra"}],"event_choices":[{"damage_healed":0.0,"max_hp_gain":0.0,"max_hp_loss":0.0,"gold_gain":75.0,"event_name":"World of Goop","player_choice":"Gather Gold","floor":2.0,"gold_loss":0.0,"damage_taken":11.0},{"damage_healed":0.0,"max_hp_gain":0.0,"max_hp_loss":0.0,"gold_gain":0.0,"event_name":"Golden Idol","player_choice":"Take Wound","floor":3.0,"gold_loss":0.0,"damage_taken":0.0,"relics_obtained":["Golden Idol"],"cards_obtained":["Injury"]},{"damage_healed":20.0,"max_hp_gain":0.0,"max_hp_loss":0.0,"gold_gain":0.0,"event_name":"Big Fish","player_choice":"Banana","floor":5.0,"gold_loss":0.0,"damage_taken":0.0},{"damage_healed":0,"gold_gain":0,"player_choice":"Searched \u00272\u0027 times","damage_taken":0,"max_hp_gain":0,"max_hp_loss":0,"event_name":"Dead Adventurer","floor":14,"gold_loss":0}],"is_beta":false,"boss_relics":[],"items_purged_floors":[4,13],"is_endless":false,"potions_floor_spawned":[1,11,12],"killed_by":"Gremlin Nob","ascension_level":16}