{"gold_per_floor":[118,131,131,206,221,221,253,27,54,66,104,131,168,191,203,292,304,336,364,394,406,437,449,491,503,515,22,49,67,85,113,113,187,187,207,207,217,231,231,263,278,297,297,297,297,348,348,367,367,367,367,367,7,41,41],"floor_reached":55,"playtime":2701,"items_purged":["Strike_R","Strike_R+1"],"score":1278,"play_id":"3a8cab5b-d8c5-4d73-a6b1-777dc97f5c55","local_time":"20190711221248","is_ascension_mode":true,"campfire_choices":[{"data":"Uppercut","floor":6,"key":"SMITH"},{"data":"Flame Barrier","floor":15,"key":"SMITH"},{"floor":23,"key":"REST"},{"floor":32,"key":"REST"},{"data":"Strike_R+1","floor":45,"key":"PURGE"},{"floor":47,"key":"RECALL"},{"data":"Defend_R+1","floor":49,"key":"PURGE"},{"data":"Bash","floor":52,"key":"PURGE"}],"neow_cost":"NONE","seed_source_timestamp":73478452755517,"circlet_count":0,"master_deck":["AscendersBane","Defend_R+1","Defend_R+1","Defend_R+1","Uppercut+1","Flame Barrier+1","Immolate","Metallicize","Battle Trance+1","Inflame","Impervious+1","Shockwave","Writhe","Reaper","Impervious","Limit Break","Feed","True Grit","Whirlwind+1","Disarm","Parasite","Metallicize","Armaments","Offering","True Grit+1"],"relics":["Burning Blood","Bag of Marbles","Centennial Puzzle","MawBank","Meat on the Bone","Lantern","Fusion Hammer","PreservedInsect","Turnip","Gambling Chip","Du-Vu Doll","War Paint","Ice Cream","Coffee Dripper","Peace Pipe","Bird Faced Urn","Frozen Eye","Strawberry","Art of War"],"potions_floor_usage":[7,11,28,33,55,55],"damage_taken":[{"damage":1,"enemies":"Cultist","floor":1,"turns":3},{"damage":0,"enemies":"Small Slimes","floor":2,"turns":3},{"damage":10,"enemies":"2 Louse","floor":5,"turns":3},{"damage":24,"enemies":"Gremlin Nob","floor":7,"turns":4},{"damage":38,"enemies":"Lagavulin","floor":11,"turns":6},{"damage":0,"enemies":"Large Slime","floor":12,"turns":4},{"damage":18,"enemies":"Gremlin Nob","floor":13,"turns":4},{"damage":0,"enemies":"Blue Slaver","floor":14,"turns":1},{"damage":31,"enemies":"The Guardian","floor":16,"turns":12},{"damage":19,"enemies":"Spheric Guardian","floor":18,"turns":4},{"damage":6,"enemies":"2 Thieves","floor":19,"turns":3},{"damage":5,"enemies":"Snecko","floor":20,"turns":6},{"damage":0,"enemies":"Snake Plant","floor":22,"turns":4},{"damage":44,"enemies":"Book of Stabbing","floor":24,"turns":5},{"damage":16,"enemies":"Slavers","floor":28,"turns":2},{"damage":2,"enemies":"Centurion and Healer","floor":29,"turns":5},{"damage":0,"enemies":"Snecko","floor":30,"turns":5},{"damage":24,"enemies":"Book of Stabbing","floor":31,"turns":5},{"damage":52,"enemies":"Champ","floor":33,"turns":13},{"damage":14,"enemies":"3 Darklings","floor":35,"turns":3},{"damage":37,"enemies":"3 Shapes","floor":37,"turns":7},{"damage":0,"enemies":"Jaw Worm Horde","floor":38,"turns":2},{"damage":28,"enemies":"Reptomancer","floor":40,"turns":5},{"damage":3,"enemies":"Writhing Mass","floor":41,"turns":9},{"damage":0,"enemies":"Maw","floor":42,"turns":5},{"damage":65,"enemies":"2 Orb Walkers","floor":46,"turns":6},{"damage":17,"enemies":"Sphere and 2 Shapes","floor":48,"turns":6},{"damage":83,"enemies":"Awakened One","floor":50,"turns":16},{"damage":54,"enemies":"Shield and Spear","floor":54,"turns":4},{"damage":99,"enemies":"The Heart","floor":55,"turns":8}],"seed_played":"-1249534702953535621","potions_obtained":[{"floor":2,"key":"SteroidPotion"},{"floor":5,"key":"Energy Potion"},{"floor":7,"key":"Fruit Juice"},{"floor":13,"key":"Ancient Potion"},{"floor":19,"key":"Regen Potion"},{"floor":29,"key":"LiquidBronze"},{"floor":37,"key":"Strength Potion"},{"floor":38,"key":"PowerPotion"}],"is_trial":false,"path_per_floor":["M","M","?","?","M","R","E","$","T","$","E","M","E","M","R","B",null,"M","M","M","?","M","R","E","?","T","$","E","M","M","E","R","B",null,"M","?","M","M","?","E","M","M","T","?","R","?","R","M","R","B",null,"R","$","E","B"],"character_chosen":"IRONCLAD","items_purchased":["Centennial Puzzle","Du-Vu Doll","Fruit Juice","Frozen Eye","Strawberry"],"campfire_rested":2,"item_purchase_floors":[8,27,27,53,53],"current_hp_per_floor":[77,80,80,69,65,65,47,47,47,47,20,38,38,56,56,43,75,62,62,63,63,69,85,59,59,59,59,80,90,90,79,90,67,84,85,75,65,74,74,73,92,98,98,98,98,63,63,82,82,31,90,90,97,61,0],"gold":41,"neow_bonus":"REMOVE_CARD","is_prod":false,"is_daily":false,"chose_seed":false,"campfire_upgraded":2,"win_rate":0,"timestamp":1562897568,"path_taken":["M","?","?","?","M","R","E","$","T","$","E","M","E","M","R","BOSS","M","M","M","?","M","R","E","?","T","$","E","M","M","E","R","BOSS","M","?","M","M","?","E","?","M","T","?","R","?","R","M","R","BOSS","R","$","E","BOSS"],"build_version":"2019-07-05","purchased_purges":2,"victory":false,"max_hp_per_floor":[80,80,80,80,80,80,80,80,80,80,85,85,85,85,85,85,85,85,85,85,85,85,85,85,85,85,85,90,90,90,90,90,90,90,93,93,96,99,99,102,105,105,105,105,105,105,105,109,109,109,109,109,116,116,116],"card_choices":[{"not_picked":["Body Slam","Fire Breathing"],"picked":"Uppercut","floor":1},{"not_picked":["Body Slam","Twin Strike","Searing Blow"],"picked":"SKIP","floor":2},{"not_picked":["Intimidate","Limit Break"],"picked":"Flame Barrier","floor":5},{"not_picked":["Havoc","Thunderclap","Heavy Blade"],"picked":"SKIP","floor":7},{"not_picked":["Armaments","Perfected Strike"],"picked":"Immolate","floor":11},{"not_picked":["Cleave","Searing Blow"],"picked":"Metallicize","floor":12},{"not_picked":["Heavy Blade","Double Tap"],"picked":"Battle Trance","floor":13},{"not_picked":["Body Slam","Armaments"],"picked":"Inflame","floor":14},{"not_picked":["Brutality","Exhume"],"picked":"Impervious","floor":16},{"not_picked":["Perfected Strike","Cleave"],"picked":"Shockwave","floor":18},{"not_picked":["Perfected Strike","Carnage","Clash"],"picked":"SKIP","floor":19},{"not_picked":["Searing Blow+1","Carnage","Sentinel"],"picked":"SKIP","floor":20},{"not_picked":["Sever Soul+1","Seeing Red","Warcry"],"picked":"SKIP","floor":22},{"not_picked":["Flex","Rage"],"picked":"Reaper","floor":24},{"not_picked":["Sever Soul","Hemokinesis","Wild Strike"],"picked":"SKIP","floor":28},{"not_picked":["Iron Wave","Perfected Strike","Body Slam"],"picked":"SKIP","floor":29},{"not_picked":["Perfected Strike","Second Wind"],"picked":"Impervious","floor":30},{"not_picked":["Dual Wield","Sword Boomerang+1"],"picked":"Limit Break","floor":31},{"not_picked":["Fiend Fire","Juggernaut"],"picked":"Feed","floor":33},{"not_picked":["Body Slam","Uppercut"],"picked":"True Grit","floor":35},{"not_picked":["Clash","True Grit"],"picked":"Whirlwind+1","floor":37},{"not_picked":["Evolve","True Grit","Feel No Pain"],"picked":"SKIP","floor":38},{"not_picked":["Warcry","Dropkick"],"picked":"Disarm","floor":40},{"not_picked":["Fire Breathing","Clothesline+1"],"picked":"Metallicize","floor":41},{"not_picked":["Flex","Wild Strike"],"picked":"Armaments","floor":42},{"not_picked":["Body Slam","Rage"],"picked":"Offering","floor":46},{"not_picked":["Warcry","Ghostly Armor"],"picked":"True Grit+1","floor":48},{"not_picked":["True Grit","Entrench","Cleave"],"picked":"SKIP","floor":54}],"player_experience":684246,"relics_obtained":[{"floor":7,"key":"Bag of Marbles"},{"floor":9,"key":"MawBank"},{"floor":11,"key":"Meat on the Bone"},{"floor":13,"key":"Lantern"},{"floor":24,"key":"Turnip"},{"floor":26,"key":"Gambling Chip"},{"floor":28,"key":"War Paint"},{"floor":31,"key":"Ice Cream"},{"floor":40,"key":"Peace Pipe"},{"floor":46,"key":"Bird Faced Urn"},{"floor":54,"key":"Art of War"}],"event_choices":[{"damage_healed":0,"gold_gain":0,"player_choice":"Ignored","damage_taken":0,"max_hp_gain":0,"max_hp_loss":0,"event_name":"Liars Game","floor":3,"gold_loss":0},{"damage_healed":0,"gold_gain":75,"player_choice":"Gather Gold","damage_taken":11,"max_hp_gain":0,"max_hp_loss":0,"event_name":"World of Goop","floor":4,"gold_loss":0},{"damage_healed":0,"gold_gain":0,"player_choice":"Opened","damage_taken":0,"relics_obtained":["PreservedInsect"],"max_hp_gain":0,"max_hp_loss":0,"event_name":"The Mausoleum","floor":21,"gold_loss":0,"cards_obtained":["Writhe"]},{"damage_healed":0,"gold_gain":0,"player_choice":"Simplicity","damage_taken":0,"max_hp_gain":0,"max_hp_loss":0,"event_name":"Back to Basics","floor":25,"gold_loss":0,"cards_upgraded":["Strike_R","Strike_R","Strike_R","Defend_R","Defend_R","Defend_R","Defend_R"]},{"damage_healed":0,"gold_gain":0,"player_choice":"Memory 3","damage_taken":10,"max_hp_gain":0,"max_hp_loss":0,"event_name":"SensoryStone","floor":36,"gold_loss":0},{"damage_healed":0,"gold_gain":0,"player_choice":"Ignored","damage_taken":0,"max_hp_gain":0,"max_hp_loss":0,"event_name":"SecretPortal","floor":39,"gold_loss":0},{"cards_removed":["Strike_R"],"damage_healed":0,"gold_gain":0,"player_choice":"Removed Attack","damage_taken":0,"max_hp_gain":0,"max_hp_loss":0,"event_name":"Falling","floor":44,"gold_loss":0},{"damage_healed":0,"gold_gain":0,"player_choice":"Fight","damage_taken":0,"max_hp_gain":0,"max_hp_loss":0,"event_name":"Mysterious Sphere","floor":46,"gold_loss":0}],"is_beta":false,"boss_relics":[{"not_picked":["Busted Crown","Philosopher\u0027s Stone"],"picked":"Fusion Hammer"},{"not_picked":["Cursed Key","Mark of Pain"],"picked":"Coffee Dripper"}],"items_purged_floors":[8,27],"is_endless":false,"potions_floor_spawned":[2,5,7,13,14,19,29,30,31,37,38,41,54],"killed_by":"The Heart","ascension_level":13}