{"gold_per_floor":[110,285,296,296,314,314,345,204,227,227,258,258,258,270,270,270],"floor_reached":16,"playtime":488,"items_purged":["Defend_R"],"score":119,"play_id":"f7edb0c3-a423-42ae-ad7d-2a43ba0a6865","local_time":"20190110005208","is_ascension_mode":true,"campfire_choices":[{"data":"Metallicize","floor":6,"key":"SMITH"},{"floor":10,"key":"REST"},{"data":"Deep Breath","floor":13,"key":"SMITH"},{"data":"Shrug It Off","floor":15,"key":"SMITH"}],"neow_cost":"NONE","seed_source_timestamp":111755622292291,"circlet_count":0,"master_deck":["Strike_R","Strike_R","Strike_R+1","Strike_R","Strike_R","Defend_R+1","Defend_R","Defend_R","Bash","Shrug It Off+1","Doubt","Flex","Metallicize+1","Anger","Deep Breath+1","Feed","Regret","Iron Wave"],"relics":["Burning Blood","Regal Pillow","Smiling Mask","Bronze Scales","Strawberry","Centennial Puzzle"],"potions_floor_usage":[16],"damage_taken":[{"damage":14,"enemies":"Jaw Worm","floor":1,"turns":3},{"damage":0,"enemies":"2 Louse","floor":3,"turns":3},{"damage":0,"enemies":"Small Slimes","floor":5,"turns":3},{"damage":48,"enemies":"Lagavulin","floor":7,"turns":11},{"damage":15,"enemies":"3 Sentries","floor":11,"turns":8},{"damage":14,"enemies":"Exordium Thugs","floor":14,"turns":5},{"damage":63,"enemies":"Slime Boss","floor":16,"turns":9}],"seed_played":"321552799732354706","potions_obtained":[{"floor":3,"key":"BloodPotion"},{"floor":5,"key":"SmokeBomb"}],"is_trial":false,"path_per_floor":["M","?","M","?","M","R","E","$","T","R","E","?","R","M","R","B"],"character_chosen":"IRONCLAD","items_purchased":["Deep Breath"],"campfire_rested":1,"item_purchase_floors":[8],"current_hp_per_floor":[72,72,78,62,68,68,26,26,26,65,63,63,63,55,55,0],"gold":270,"neow_bonus":"RANDOM_COMMON_RELIC","is_prod":false,"is_daily":false,"chose_seed":false,"campfire_upgraded":3,"win_rate":0,"timestamp":1547099528,"path_taken":["M","?","M","?","M","R","E","$","T","R","E","?","R","?","R","BOSS"],"build_version":"2019-01-03v4","purchased_purges":1,"victory":false,"max_hp_per_floor":[80,80,80,80,80,80,80,80,80,80,87,87,87,87,87,87],"card_choices":[{"not_picked":["True Grit","Power Through"],"picked":"Shrug It Off","floor":1},{"not_picked":["Sword Boomerang","Rage"],"picked":"Flex","floor":3},{"not_picked":["Reckless Charge","Pommel Strike"],"picked":"Metallicize","floor":5},{"not_picked":["Corruption","Sentinel"],"picked":"Anger","floor":7},{"not_picked":["Wild Strike","Havoc"],"picked":"Feed","floor":11},{"not_picked":["Headbutt","Thunderclap"],"picked":"Iron Wave","floor":14}],"player_experience":253242,"relics_obtained":[{"floor":7,"key":"Smiling Mask"},{"floor":9,"key":"Bronze Scales"},{"floor":11,"key":"Strawberry"}],"event_choices":[{"damage_healed":0,"gold_gain":175,"player_choice":"AGREE","damage_taken":0,"max_hp_gain":0,"max_hp_loss":0,"event_name":"Liars Game","floor":2,"gold_loss":0,"cards_obtained":["Doubt"]},{"damage_healed":0,"gold_gain":0,"player_choice":"Entered Light","damage_taken":16,"max_hp_gain":0,"max_hp_loss":0,"event_name":"Shining Light","floor":4,"gold_loss":0,"cards_upgraded":["Defend_R","Strike_R"]},{"damage_healed":0,"gold_gain":0,"player_choice":"Box","damage_taken":0,"relics_obtained":["Centennial Puzzle"],"max_hp_gain":0,"max_hp_loss":0,"event_name":"Big Fish","floor":12,"gold_loss":0,"cards_obtained":["Regret"]}],"is_beta":false,"boss_relics":[],"items_purged_floors":[8],"is_endless":false,"potions_floor_spawned":[3,5],"killed_by":"Slime Boss","ascension_level":2}