{"gold_per_floor":[119,119,119,136,136,136,168,168,194,194,227,245,277,287,287,388,388,400,71,71,83,83,110,129,149,149,149,168,201,201,212,212,309,309,324,337,350,350,364,364,77,102,102,119,119,119,134,145,145,145],"floor_reached":51,"playtime":3407,"items_purged":["Strike_B"],"score":773,"play_id":"b510568c-510a-43b1-8983-5c5e557909e1","local_time":"20190531214755","is_ascension_mode":true,"campfire_choices":[{"data":"Tempest","floor":6,"key":"SMITH"},{"data":"Rainbow","floor":10,"key":"SMITH"},{"data":"Ball Lightning","floor":15,"key":"SMITH"},{"data":"Sunder","floor":27,"key":"SMITH"},{"floor":32,"key":"REST"},{"data":"Buffer","floor":40,"key":"SMITH"},{"data":"Blizzard","floor":45,"key":"SMITH"},{"floor":49,"key":"REST"}],"neow_cost":"NONE","seed_source_timestamp":1082054994771605,"circlet_count":0,"master_deck":["Strike_B","Strike_B","Defend_B+1","Defend_B+1","Zap","Dualcast","Ball Lightning+1","Tempest+1","Rainbow+1","Turbo","Sunder+1","Beam Cell","Creative AI","Glacier","White Noise+1","Cold Snap","Coolheaded","Defragment+1","White Noise+1","Reboot+1","Fusion+1","Consume+1","Hologram+1","Coolheaded+1","Necronomicurse","Thunder Strike","Buffer+1","Leap+1","Blizzard+1","Self Repair","Hologram+1","White Noise+1"],"relics":["Cracked Core","Art of War","Bird Faced Urn","Strawberry","Regal Pillow","Pear","Orrery","Toxic Egg 2","Darkstone Periapt","Bottled Lightning","Torii","Necronomicon","Eternal Feather","Calipers","Letter Opener","Molten Egg 2"],"potions_floor_usage":[18,29,33,42,50,50,50],"damage_taken":[{"damage":0,"enemies":"Cultist","floor":1,"turns":4},{"damage":0,"enemies":"Small Slimes","floor":4,"turns":2},{"damage":11,"enemies":"Gremlin Nob","floor":7,"turns":3},{"damage":18,"enemies":"Lagavulin","floor":11,"turns":4},{"damage":0,"enemies":"2 Louse","floor":12,"turns":2},{"damage":4,"enemies":"Gremlin Nob","floor":13,"turns":3},{"damage":11,"enemies":"2 Fungi Beasts","floor":14,"turns":3},{"damage":19,"enemies":"The Guardian","floor":16,"turns":9},{"damage":9,"enemies":"3 Byrds","floor":18,"turns":3},{"damage":18,"enemies":"Spheric Guardian","floor":21,"turns":4},{"damage":38,"enemies":"Gremlin Leader","floor":23,"turns":8},{"damage":0,"enemies":"Snake Plant","floor":24,"turns":3},{"damage":0,"enemies":"Shelled Parasite and Fungi","floor":25,"turns":4},{"damage":2,"enemies":"3 Cultists","floor":28,"turns":4},{"damage":20,"enemies":"Slavers","floor":29,"turns":4},{"damage":2,"enemies":"Cultist and Chosen","floor":31,"turns":4},{"damage":12,"enemies":"Champ","floor":33,"turns":17},{"damage":1,"enemies":"3 Shapes","floor":35,"turns":5},{"damage":0,"enemies":"Orb Walker","floor":36,"turns":3},{"damage":9,"enemies":"4 Shapes","floor":37,"turns":6},{"damage":15,"enemies":"Writhing Mass","floor":39,"turns":5},{"damage":81,"enemies":"Reptomancer","floor":42,"turns":7},{"damage":0,"enemies":"Maw","floor":44,"turns":8},{"damage":0,"enemies":"3 Darklings","floor":47,"turns":3},{"damage":18,"enemies":"Spire Growth","floor":48,"turns":5},{"damage":26,"enemies":"Donu and Deca","floor":50,"turns":11}],"seed_played":"6524393017300859468","potions_obtained":[{"floor":4,"key":"Weak Potion"},{"floor":11,"key":"LiquidBronze"},{"floor":14,"key":"EssenceOfSteel"},{"floor":18,"key":"SteroidPotion"},{"floor":25,"key":"Energy Potion"},{"floor":29,"key":"EssenceOfSteel"},{"floor":35,"key":"Dexterity Potion"},{"floor":47,"key":"SpeedPotion"}],"is_trial":false,"path_per_floor":["M","?","?","M","?","R","E","?","T","R","E","M","E","M","R","B",null,"M","$","?","M","?","E","M","M","T","R","M","E","?","M","R","B",null,"M","M","M","?","M","R","$","E","T","M","R","?","M","M","R","B",null],"character_chosen":"DEFECT","items_purchased":["Toxic Egg 2","Calipers"],"campfire_rested":2,"item_purchase_floors":[19,41],"current_hp_per_floor":[75,68,53,53,53,53,42,42,49,49,31,31,37,26,26,7,92,83,83,83,65,65,43,51,57,57,57,59,45,35,37,81,98,98,98,98,95,95,86,98,98,23,23,40,58,58,73,61,98,98],"gold":145,"neow_bonus":"RANDOM_COMMON_RELIC","is_prod":false,"is_daily":false,"chose_seed":false,"campfire_upgraded":6,"win_rate":0,"timestamp":1559357275,"path_taken":["M","?","?","M","?","R","E","?","T","R","E","?","E","M","R","BOSS","M","$","?","M","?","E","M","?","T","R","?","E","?","M","R","BOSS","M","M","M","?","M","R","$","E","T","M","R","?","?","M","R","BOSS"],"build_version":"2019-01-23","purchased_purges":1,"victory":true,"max_hp_per_floor":[75,75,75,75,75,75,75,75,82,82,82,82,92,92,92,92,92,92,92,92,92,92,92,92,92,92,92,92,92,98,98,98,98,98,98,98,98,98,98,98,98,98,98,98,98,98,98,98,98,98],"card_choices":[{"not_picked":["Hologram","Rebound"],"picked":"Ball Lightning","floor":1},{"not_picked":["Streamline","Redo"],"picked":"Tempest","floor":4},{"not_picked":["Undo","Stack"],"picked":"Turbo","floor":7},{"not_picked":["Conserve Battery","Recycle","Storm"],"picked":"SKIP","floor":11},{"not_picked":["White Noise","Compile Driver"],"picked":"Sunder","floor":12},{"not_picked":["Stack","Streamline","Sweeping Beam"],"picked":"SKIP","floor":13},{"not_picked":["Hello World","Blizzard"],"picked":"Beam Cell","floor":14},{"not_picked":["All For One","Rainbow"],"picked":"Creative AI","floor":16},{"not_picked":["Turbo","Coolheaded"],"picked":"Glacier","floor":17},{"not_picked":["Sunder","Leap"],"picked":"White Noise","floor":17},{"not_picked":["Redo","Steam"],"picked":"Cold Snap","floor":17},{"not_picked":["Gash+1","Compile Driver"],"picked":"Coolheaded","floor":18},{"not_picked":["Steam+1","Compile Driver+1"],"picked":"White Noise+1","floor":21},{"not_picked":["Rip and Tear+1","Reprogram+1"],"picked":"Reboot+1","floor":23},{"not_picked":["Aggregate+1","Stack+1"],"picked":"Fusion+1","floor":24},{"not_picked":["Redo+1","Cold Snap"],"picked":"Consume+1","floor":25},{"not_picked":["Fusion+1","Coolheaded+1"],"picked":"Hologram+1","floor":28},{"not_picked":["Chaos+1","FTL"],"picked":"Coolheaded+1","floor":29},{"not_picked":["Gash","Barrage"],"picked":"Thunder Strike","floor":31},{"not_picked":["Hyperbeam","Fission+1"],"picked":"Buffer","floor":33},{"not_picked":["Go for the Eyes+1","Compile Driver"],"picked":"Leap+1","floor":35},{"not_picked":["Beam Cell","Lockon+1","Static Discharge"],"picked":"SKIP","floor":36},{"not_picked":["Sweeping Beam+1","Rebound"],"picked":"Blizzard","floor":37},{"not_picked":["Cold Snap","Doom and Gloom+1"],"picked":"Self Repair","floor":39},{"not_picked":["Darkness+1","Redo+1","Steam+1"],"picked":"SKIP","floor":42},{"not_picked":["Compile Driver+1","Turbo+1","Heatsinks+1"],"picked":"SKIP","floor":44},{"not_picked":["Steam+1","Tempest+1"],"picked":"Hologram+1","floor":47},{"not_picked":["Genetic Algorithm+1","Sunder+1"],"picked":"White Noise+1","floor":48}],"player_experience":48807,"relics_obtained":[{"floor":7,"key":"Bird Faced Urn"},{"floor":9,"key":"Strawberry"},{"floor":11,"key":"Regal Pillow"},{"floor":13,"key":"Pear"},{"floor":23,"key":"Darkstone Periapt"},{"floor":26,"key":"Bottled Lightning"},{"floor":29,"key":"Torii"},{"floor":30,"key":"Necronomicon"},{"floor":42,"key":"Letter Opener"},{"floor":43,"key":"Molten Egg 2"}],"event_choices":[{"cards_removed":["Strike_B"],"damage_healed":0,"gold_gain":0,"player_choice":"Card Removal","damage_taken":7,"max_hp_gain":0,"max_hp_loss":0,"event_name":"Golden Wing","floor":2,"gold_loss":0},{"damage_healed":0,"gold_gain":0,"player_choice":"Entered Light","damage_taken":15,"max_hp_gain":0,"max_hp_loss":0,"event_name":"Shining Light","floor":3,"gold_loss":0,"cards_upgraded":["Defend_B","Defend_B"]},{"damage_healed":0,"gold_gain":0,"cards_transformed":["Defend_B"],"player_choice":"Change","damage_taken":0,"max_hp_gain":0,"max_hp_loss":0,"event_name":"Living Wall","floor":5,"gold_loss":0,"cards_obtained":["Rainbow"]},{"cards_removed":["Defend_B"],"damage_healed":0,"gold_gain":0,"player_choice":"Offered Basic","damage_taken":0,"max_hp_gain":0,"max_hp_loss":0,"event_name":"Bonfire Elementals","floor":8,"gold_loss":0},{"damage_healed":0,"gold_gain":0,"player_choice":"Read","damage_taken":0,"max_hp_gain":0,"max_hp_loss":0,"event_name":"The Library","floor":20,"gold_loss":0,"cards_obtained":["Defragment"]},{"damage_healed":0,"gold_gain":0,"player_choice":"Upgraded","damage_taken":0,"max_hp_gain":0,"max_hp_loss":0,"event_name":"Upgrade Shrine","floor":22,"gold_loss":0,"cards_upgraded":["Defragment"]},{"damage_healed":0,"gold_gain":0,"player_choice":"Obtained Book","damage_taken":16,"max_hp_gain":0,"max_hp_loss":0,"event_name":"Cursed Tome","floor":30,"gold_loss":0},{"damage_healed":0,"gold_gain":0,"player_choice":"Memory 1","damage_taken":0,"max_hp_gain":0,"max_hp_loss":0,"event_name":"SensoryStone","floor":38,"gold_loss":0},{"damage_healed":0,"gold_gain":0,"player_choice":"Forge","damage_taken":0,"max_hp_gain":0,"max_hp_loss":0,"event_name":"Accursed Blacksmith","floor":46,"gold_loss":0,"cards_upgraded":["White Noise"]}],"is_beta":false,"boss_relics":[{"not_picked":["Lizard Tail","Busted Crown"],"picked":"Orrery"},{"not_picked":["Snecko Eye","Tiny House"],"picked":"Eternal Feather"}],"items_purged_floors":[19],"is_endless":false,"potions_floor_spawned":[4,11,14,16,18,25,28,29,31,35,36,47],"ascension_level":1}