{"gold_per_floor":[116,128,53,70,86,86,261,261,261,40,40,53,53,78,78,174,174,185,0,19,19,33,33,52,70,70,70,70,83,83,103,103,208,208,228,328,344,20,37,37,62,62,89,89,89,99,99],"floor_reached":47,"playtime":4628,"items_purged":["Strike_R","Strike_R","Strike_R"],"score":526,"play_id":"7a4b695f-2679-445e-aa5c-f4b7ed73878e","local_time":"20190817185935","is_ascension_mode":true,"campfire_choices":[{"data":"Shrug It Off","floor":6.0,"key":"SMITH"},{"data":"Pummel","floor":8.0,"key":"SMITH"},{"data":"Pommel Strike","floor":13.0,"key":"SMITH"},{"data":"Strike_R","floor":15.0,"key":"PURGE"},{"floor":23,"key":"REST"},{"floor":27,"key":"REST"},{"floor":30,"key":"REST"},{"floor":32,"key":"REST"},{"data":"Shockwave","floor":40,"key":"SMITH"},{"floor":45,"key":"REST"}],"neow_cost":"NONE","seed_source_timestamp":0,"circlet_count":0,"master_deck":["Strike_R","Defend_R","Defend_R","Defend_R","Defend_R","Bash","Shrug It Off+1","Pummel+1","Spot Weakness+1","Doubt","Metallicize+1","Seeing Red","Pommel Strike+1","Inflame+1","Reaper","Flame Barrier","True Grit+1","Shockwave+1","Feel No Pain+1","Evolve+1","Flex+1","Shockwave+1","Inflame+1","Metallicize+1","Barricade+1","Warcry","Madness","Madness","Flame Barrier"],"special_seed":0,"relics":["Black Blood","Frozen Egg 2","Peace Pipe","Lizard Tail","PreservedInsect","Nilry\u0027s Codex","Girya","Bag of Preparation","Oddly Smooth Stone"],"potions_floor_usage":[18,20,22,22,22,22,22,24,24,33,39,39,39,46,47],"damage_taken":[{"damage":1.0,"enemies":"Cultist","floor":1.0,"turns":4.0},{"damage":9.0,"enemies":"Jaw Worm","floor":2.0,"turns":6.0},{"damage":2.0,"enemies":"2 Louse","floor":4.0,"turns":3.0},{"damage":15.0,"enemies":"Exordium Wildlife","floor":5.0,"turns":9.0},{"damage":0.0,"enemies":"Blue Slaver","floor":12.0,"turns":2.0},{"damage":6.0,"enemies":"3 Sentries","floor":14.0,"turns":10.0},{"damage":35,"enemies":"Slime Boss","floor":16,"turns":6},{"damage":39,"enemies":"2 Thieves","floor":18,"turns":5},{"damage":24,"enemies":"Spheric Guardian","floor":20,"turns":6},{"damage":29,"enemies":"Shelled Parasite and Fungi","floor":22,"turns":7},{"damage":99,"enemies":"Cultist and Chosen","floor":24,"turns":12},{"damage":21,"enemies":"Snake Plant","floor":25,"turns":8},{"damage":15,"enemies":"Shelled Parasite and Fungi","floor":29,"turns":9},{"damage":63,"enemies":"Cultist and Chosen","floor":31,"turns":12},{"damage":40,"enemies":"Champ","floor":33,"turns":20},{"damage":77,"enemies":"3 Darklings","floor":35,"turns":10},{"damage":11,"enemies":"Mind Bloom Boss Battle","floor":36,"turns":9},{"damage":16,"enemies":"Orb Walker","floor":37,"turns":5},{"damage":26,"enemies":"3 Darklings","floor":39,"turns":8},{"damage":40,"enemies":"Nemesis","floor":41,"turns":9},{"damage":50,"enemies":"Transient","floor":46,"turns":5},{"damage":54,"enemies":"Sphere and 2 Shapes","floor":47,"turns":4}],"seed_played":"-457357595720858402","potions_obtained":[{"floor":16,"key":"EssenceOfSteel"},{"floor":18,"key":"EntropicBrew"},{"floor":22,"key":"LiquidBronze"},{"floor":31,"key":"Swift Potion"},{"floor":36,"key":"Energy Potion"},{"floor":41,"key":"Swift Potion"},{"floor":46,"key":"PowerPotion"}],"is_trial":false,"path_per_floor":["M","M","$","M","M","R","?","R","T","$","?","M","R","E","R","B",null,"M","?","M","$","M","R","M","M","T","R","?","M","R","M","R","B",null,"M","?","M","$","M","R","E","?","T","$","R","M","M"],"character_chosen":"IRONCLAD","items_purchased":["Metallicize+1","Seeing Red","Metallicize+1","Block Potion","LiquidBronze"],"campfire_rested":5,"item_purchase_floors":[10,10,38,38,38],"current_hp_per_floor":[88,85,85,88,79,79,79,79,79,79,79,85,85,85,85,56,88,66,66,53,53,52,78,50,35,35,61,45,48,74,24,50,26,88,43,54,50,50,73,73,43,32,32,32,58,45,0],"gold":99,"neow_bonus":"TEN_PERCENT_HP_BONUS","is_prod":false,"is_daily":false,"chose_seed":false,"campfire_upgraded":4,"win_rate":0,"timestamp":1566064775,"path_taken":["M","M","$","?","M","R","?","R","T","$","?","M","R","E","R","BOSS","M","?","M","$","M","R","M","M","T","R","?","M","R","M","R","BOSS","M","?","M","$","M","R","E","?","T","?","R","?","M"],"build_version":"2019-07-17","purchased_purges":3,"victory":false,"max_hp_per_floor":[88,88,88,88,88,88,88,88,88,88,88,88,88,88,88,88,88,88,88,88,88,88,88,88,88,88,88,88,88,88,88,88,88,88,88,88,88,88,88,88,88,88,88,88,88,88,88],"card_choices":[{"not_picked":["Clothesline","Flex"],"picked":"Shrug It Off","floor":1.0},{"not_picked":["Body Slam","Pommel Strike"],"picked":"Pummel","floor":2.0},{"not_picked":["Clothesline","Havoc","Anger"],"picked":"SKIP","floor":4.0},{"not_picked":["Sentinel","Iron Wave"],"picked":"Spot Weakness","floor":5.0},{"not_picked":["Body Slam","True Grit"],"picked":"Pommel Strike","floor":12.0},{"not_picked":["Anger","Wild Strike"],"picked":"Inflame+1","floor":14.0},{"not_picked":["Impervious","Juggernaut+1"],"picked":"Reaper","floor":16},{"not_picked":["Ghostly Armor","Shrug It Off"],"picked":"Flame Barrier","floor":18},{"not_picked":["Cleave+1","Havoc"],"picked":"True Grit+1","floor":20},{"not_picked":["Disarm","Iron Wave"],"picked":"Shockwave","floor":22},{"not_picked":["Iron Wave","Body Slam"],"picked":"Feel No Pain+1","floor":24},{"not_picked":["Flame Barrier","Cleave","Bloodletting"],"picked":"SKIP","floor":25},{"not_picked":["Pummel+1","Body Slam"],"picked":"Evolve+1","floor":29},{"not_picked":["Pommel Strike","Perfected Strike"],"picked":"Flex+1","floor":31},{"not_picked":["Flex","Anger"],"picked":"Shockwave+1","floor":35},{"not_picked":["Carnage","True Grit"],"picked":"Inflame+1","floor":37},{"not_picked":["Ghostly Armor+1","Cleave+1"],"picked":"Barricade+1","floor":39},{"not_picked":["True Grit+1","Twin Strike"],"picked":"Warcry","floor":41},{"not_picked":["Evolve+1","Pummel"],"picked":"Flame Barrier","floor":46}],"player_experience":396867,"relics_obtained":[{"floor":9.0,"key":"Frozen Egg 2"},{"floor":14.0,"key":"Peace Pipe"},{"floor":26,"key":"PreservedInsect"},{"floor":28,"key":"Nilry\u0027s Codex"},{"floor":36,"key":"Girya"},{"floor":41,"key":"Bag of Preparation"},{"floor":43,"key":"Oddly Smooth Stone"}],"event_choices":[{"damage_healed":0.0,"max_hp_gain":0.0,"max_hp_loss":0.0,"gold_gain":175.0,"event_name":"Liars Game","player_choice":"AGREE","floor":7.0,"gold_loss":0.0,"damage_taken":0.0,"cards_obtained":["Doubt"]},{"damage_healed":0.0,"max_hp_gain":0.0,"max_hp_loss":0.0,"gold_gain":0.0,"event_name":"Living Wall","player_choice":"Grow","floor":11.0,"gold_loss":0.0,"damage_taken":0.0,"cards_upgraded":["Spot Weakness"]},{"damage_healed":0,"gold_gain":0,"player_choice":"Paid Fearfully","damage_taken":0,"max_hp_gain":0,"max_hp_loss":0,"event_name":"Masked Bandits","floor":19,"gold_loss":185},{"damage_healed":0,"gold_gain":0,"player_choice":"Obtained Book","damage_taken":16,"max_hp_gain":0,"max_hp_loss":0,"event_name":"Cursed Tome","floor":28,"gold_loss":0},{"damage_healed":0,"gold_gain":0,"player_choice":"Fight","damage_taken":0,"max_hp_gain":0,"max_hp_loss":0,"event_name":"MindBloom","floor":36,"gold_loss":0},{"damage_healed":0,"gold_gain":0,"player_choice":"Embrace Madness","damage_taken":11,"max_hp_gain":0,"max_hp_loss":0,"event_name":"Winding Halls","floor":42,"gold_loss":0,"cards_obtained":["Madness","Madness"]}],"is_beta":false,"boss_relics":[{"not_picked":["Fusion Hammer","Runic Dome"],"picked":"Lizard Tail"},{"not_picked":["Snecko Eye","Empty Cage"],"picked":"Black Blood"}],"items_purged_floors":[3,10,38],"is_endless":false,"potions_floor_spawned":[16,18,22,31,36,41,46],"killed_by":"Sphere and 2 Shapes","ascension_level":3}