{"gold_per_floor":[109,122,142,142,142,167,167,200,200,233,233,259,274,288,288,362,362,379,0,0,0,19,46,46,62,88,108,133,133,160,179,179,257,257,274,274,292,311,211,240,285,320,373,373,423,423,455,467,467,467,467,467,467,40,67,67],"floor_reached":57,"playtime":4390,"items_purged":["Searing Blow","Writhe","Clash"],"score":3506,"play_id":"Baalorlord-03aa027c","local_time":"20190604182947","is_ascension_mode":true,"campfire_choices":[{"floor":7,"key":"REST"},{"floor":11,"key":"REST"},{"data":"Barricade","floor":15,"key":"SMITH"},{"data":"Fiend Fire","floor":24,"key":"SMITH"},{"data":"Impervious","floor":32,"key":"SMITH"},{"data":"Dual Wield","floor":44,"key":"SMITH"},{"floor":46,"key":"RECALL"},{"data":"Disarm","floor":49,"key":"SMITH"},{"floor":53,"key":"REST"}],"neow_cost":"NONE","seed_source_timestamp":68182963083500,"circlet_count":0,"master_deck":["AscendersBane","Bash+1","Whirlwind+1","Shrug It Off","Spot Weakness","Pommel Strike","Spot Weakness","Inflame","Clothesline","Barricade+1","Impervious+1","Shockwave","Shrug It Off","Body Slam","Fiend Fire+1","Uppercut","Sentinel","Body Slam","Shrug It Off","Carnage","Inflame","Metallicize","Limit Break","Feel No Pain","Offering","Dual Wield+1","Feed","Inflame+1","Whirlwind+1","Disarm+1","Reaper","Feel No Pain"],"relics":["Mark of Pain","Mummified Hand","Gremlin Horn","Matryoshka","Whetstone","Bag of Preparation","Darkstone Periapt","Bronze Scales","Pandora\u0027s Box","Meat on the Bone","Boot","Strawberry","Centennial Puzzle","Kunai","Oddly Smooth Stone","Snecko Eye","Prayer Wheel","Gambling Chip","Paper Frog","Blood Vial","Bag of Marbles","OrangePellets","Pen Nib"],"potions_floor_usage":[6,10,10,56,56],"damage_taken":[{"damage":8,"enemies":"Small Slimes","floor":1,"turns":4},{"damage":2,"enemies":"Jaw Worm","floor":2,"turns":3},{"damage":0,"enemies":"2 Louse","floor":3,"turns":1},{"damage":29,"enemies":"Lagavulin","floor":6,"turns":8},{"damage":15,"enemies":"3 Sentries","floor":8,"turns":3},{"damage":21,"enemies":"Gremlin Nob","floor":10,"turns":4},{"damage":0,"enemies":"3 Sentries","floor":12,"turns":2},{"damage":8,"enemies":"Large Slime","floor":13,"turns":3},{"damage":0,"enemies":"2 Fungi Beasts","floor":14,"turns":2},{"damage":0,"enemies":"Slime Boss","floor":16,"turns":4},{"damage":6,"enemies":"3 Byrds","floor":18,"turns":3},{"damage":10,"enemies":"2 Thieves","floor":22,"turns":4},{"damage":2,"enemies":"Gremlin Leader","floor":23,"turns":3},{"damage":16,"enemies":"3 Cultists","floor":25,"turns":4},{"damage":0,"enemies":"Snake Plant","floor":27,"turns":3},{"damage":7,"enemies":"Book of Stabbing","floor":28,"turns":2},{"damage":0,"enemies":"Gremlin Leader","floor":30,"turns":3},{"damage":0,"enemies":"Snecko","floor":31,"turns":4},{"damage":9,"enemies":"Champ","floor":33,"turns":9},{"damage":4,"enemies":"3 Darklings","floor":35,"turns":3},{"damage":0,"enemies":"Orb Walker","floor":37,"turns":2},{"damage":11,"enemies":"Maw","floor":38,"turns":6},{"damage":6,"enemies":"Reptomancer","floor":40,"turns":3},{"damage":21,"enemies":"2 Orb Walkers","floor":41,"turns":5},{"damage":6,"enemies":"Giant Head","floor":42,"turns":5},{"damage":12,"enemies":"Reptomancer","floor":47,"turns":2},{"damage":6,"enemies":"Transient","floor":48,"turns":5},{"damage":6,"enemies":"Awakened One","floor":50,"turns":4},{"damage":19,"enemies":"Time Eater","floor":51,"turns":11},{"damage":6,"enemies":"Shield and Spear","floor":55,"turns":3},{"damage":6,"enemies":"The Heart","floor":56,"turns":7}],"seed_played":"6844719213927835550","potions_obtained":[{"floor":1,"key":"FearPotion"},{"floor":3,"key":"EssenceOfSteel"},{"floor":6,"key":"SpeedPotion"},{"floor":12,"key":"SpeedPotion"},{"floor":22,"key":"Block Potion"},{"floor":38,"key":"Ancient Potion"}],"is_trial":false,"path_per_floor":["M","M","M","?","T","E","R","E","T","E","R","E","M","M","R","B",null,"M","$","?","?","M","E","R","M","T","M","E","?","E","M","R","B",null,"M","?","M","M","$","E","?","E","T","R","?","R","E","M","R","B","B",null,"R","$","E","B",null],"character_chosen":"IRONCLAD","items_purchased":["Shrug It Off","Meat on the Bone","OrangePellets","GamblersBrew"],"campfire_rested":3,"item_purchase_floors":[19,19,54,54],"current_hp_per_floor":[60,58,58,58,58,29,51,36,36,15,37,37,29,29,29,29,64,58,58,58,64,54,59,59,55,55,55,48,48,48,48,48,51,79,75,75,78,70,70,64,58,55,55,55,55,55,60,56,56,82,68,99,109,109,112,109],"gold":67,"neow_bonus":"BOSS_RELIC","is_prod":false,"is_daily":false,"chose_seed":false,"campfire_upgraded":5,"win_rate":0,"timestamp":1559687387,"path_taken":["M","M","M","?","?","E","R","E","T","E","R","E","M","M","R","BOSS","M","$","?","?","M","E","R","M","T","M","E","?","E","?","R","BOSS","M","?","M","?","$","E","?","E","T","R","?","R","E","M","R","BOSS","BOSS","R","$","E","BOSS"],"build_version":"2019-01-23","purchased_purges":3,"victory":true,"max_hp_per_floor":[75,75,75,75,75,75,75,75,75,75,75,75,75,75,75,75,75,75,75,75,81,81,88,88,88,88,88,88,88,88,88,88,88,88,88,88,91,94,94,94,97,100,100,100,100,100,103,103,103,106,109,109,109,109,112,115],"card_choices":[{"not_picked":["Havoc","Pommel Strike"],"picked":"Whirlwind","floor":1},{"not_picked":["Rampage","Warcry"],"picked":"Shrug It Off","floor":2},{"not_picked":["Power Through","Sentinel"],"picked":"Spot Weakness","floor":3},{"not_picked":["Havoc","Combust"],"picked":"Pommel Strike","floor":6},{"not_picked":["Reckless Charge","Flex"],"picked":"Spot Weakness","floor":8},{"not_picked":["Pommel Strike","Entrench"],"picked":"Inflame","floor":10},{"not_picked":["Bloodletting","Clash","Twin Strike"],"picked":"SKIP","floor":12},{"not_picked":["Infernal Blade","Body Slam"],"picked":"Clothesline","floor":13},{"not_picked":["Rupture","Warcry"],"picked":"Barricade","floor":14},{"not_picked":["Demon Form","Juggernaut"],"picked":"Impervious","floor":16},{"not_picked":["Perfected Strike","Anger","Intimidate"],"picked":"SKIP","floor":18},{"not_picked":["Warcry","Bloodletting"],"picked":"Carnage","floor":22},{"not_picked":["Warcry","Clash","Twin Strike"],"picked":"SKIP","floor":23},{"not_picked":["Wild Strike","Seeing Red"],"picked":"Inflame","floor":25},{"not_picked":["Clothesline","Dropkick"],"picked":"Metallicize","floor":27},{"not_picked":["Iron Wave","Perfected Strike","Fire Breathing+1"],"picked":"SKIP","floor":28},{"not_picked":["Cleave","Shrug It Off"],"picked":"Limit Break","floor":30},{"not_picked":["Ghostly Armor","Twin Strike"],"picked":"Feel No Pain","floor":31},{"not_picked":["Berserk","Impervious"],"picked":"Offering","floor":33},{"not_picked":["Sword Boomerang+1","Pommel Strike","Rage"],"picked":"SKIP","floor":35},{"not_picked":["Perfected Strike","Searing Blow"],"picked":"Inflame+1","floor":37},{"not_picked":["True Grit","Infernal Blade","Havoc"],"picked":"SKIP","floor":38},{"not_picked":["Power Through","Inflame"],"picked":"Whirlwind+1","floor":40},{"not_picked":["Twin Strike","Blood for Blood+1","Searing Blow+1"],"picked":"SKIP","floor":42},{"not_picked":["Armaments+1","Pummel"],"picked":"Disarm","floor":47},{"not_picked":["Body Slam+1","Thunderclap"],"picked":"Reaper","floor":48},{"not_picked":["Anger","Perfected Strike","Headbutt"],"picked":"SKIP","floor":48},{"not_picked":["Twin Strike","Pommel Strike"],"picked":"Feel No Pain","floor":55}],"player_experience":2072041,"relics_obtained":[{"floor":5,"key":"Mummified Hand"},{"floor":6,"key":"Gremlin Horn"},{"floor":8,"key":"Matryoshka"},{"floor":9,"key":"Whetstone"},{"floor":9,"key":"Bag of Preparation"},{"floor":10,"key":"Darkstone Periapt"},{"floor":12,"key":"Bronze Scales"},{"floor":23,"key":"Strawberry"},{"floor":26,"key":"Centennial Puzzle"},{"floor":28,"key":"Kunai"},{"floor":30,"key":"Oddly Smooth Stone"},{"floor":40,"key":"Prayer Wheel"},{"floor":41,"key":"Gambling Chip"},{"floor":42,"key":"Paper Frog"},{"floor":43,"key":"Blood Vial"},{"floor":47,"key":"Bag of Marbles"},{"floor":55,"key":"Pen Nib"}],"event_choices":[{"damage_healed":0,"gold_gain":0,"player_choice":"Grow","damage_taken":0,"max_hp_gain":0,"max_hp_loss":0,"event_name":"Living Wall","floor":4,"gold_loss":0,"cards_upgraded":["Whirlwind"]},{"damage_healed":0,"gold_gain":0,"player_choice":"Opened","damage_taken":0,"relics_obtained":["Boot"],"max_hp_gain":0,"max_hp_loss":0,"event_name":"The Mausoleum","floor":21,"gold_loss":0,"cards_obtained":["Writhe"]},{"damage_healed":0,"gold_gain":0,"player_choice":"0 cards matched","damage_taken":0,"max_hp_gain":0,"max_hp_loss":0,"event_name":"Match and Keep!","floor":29,"gold_loss":0,"cards_obtained":[]},{"damage_healed":0,"gold_gain":0,"player_choice":"2 cards matched","damage_taken":0,"max_hp_gain":0,"max_hp_loss":0,"event_name":"Match and Keep!","floor":36,"gold_loss":0,"cards_obtained":["Dual Wield","Feed"]},{"damage_healed":0,"gold_gain":0,"player_choice":"Fight","damage_taken":0,"max_hp_gain":0,"max_hp_loss":0,"event_name":"Mysterious Sphere","floor":41,"gold_loss":0},{"damage_healed":0,"gold_gain":50,"player_choice":"Pray","damage_taken":0,"max_hp_gain":0,"max_hp_loss":0,"event_name":"Golden Shrine","floor":45,"gold_loss":0}],"is_beta":false,"boss_relics":[{"not_picked":["Tiny House","Orrery"],"picked":"Pandora\u0027s Box"},{"not_picked":["Cursed Key","Busted Crown"],"picked":"Snecko Eye"}],"items_purged_floors":[19,39,54],"is_endless":false,"potions_floor_spawned":[1,3,6,12,22,27,31,38,40,41,47],"ascension_level":20}