{"gold_per_floor":[118,118,118,23,23,23,37,37,37,72,72,91,109,150,150,150],"floor_reached":16,"playtime":585,"items_purged":[],"score":124,"play_id":"0db25bf0-d47f-4e17-bdd3-253eddea1f8d","local_time":"20190303131645","is_ascension_mode":true,"campfire_choices":[{"data":"Cleave","floor":6.0,"key":"SMITH"},{"data":"Cleave","floor":8,"key":"SMITH"},{"data":"Shrug It Off","floor":11,"key":"SMITH"},{"floor":15,"key":"REST"}],"neow_cost":"NONE","seed_source_timestamp":212296054935333,"circlet_count":0,"master_deck":["Strike_R","Strike_R","Strike_R","Strike_R","Defend_R","Defend_R","Defend_R","Defend_R","Bash+1","Shrug It Off+1","Cleave+1","Injury","Cleave+1","Bloodletting","Hemokinesis","Feed"],"special_seed":0,"relics":["Burning Blood","Paper Frog","Golden Idol","The Courier","Peace Pipe","Shovel"],"potions_floor_usage":[16,16,16],"damage_taken":[{"damage":1.0,"enemies":"Cultist","floor":1.0,"turns":4.0},{"damage":1.0,"enemies":"Small Slimes","floor":7.0,"turns":3.0},{"damage":27,"enemies":"3 Sentries","floor":10,"turns":5},{"damage":0,"enemies":"2 Louse","floor":12,"turns":2},{"damage":12,"enemies":"Looter","floor":13,"turns":3},{"damage":32,"enemies":"Lagavulin","floor":14,"turns":6},{"damage":58,"enemies":"The Guardian","floor":16,"turns":10}],"seed_played":"-1059984663518420395","potions_obtained":[{"floor":10,"key":"FearPotion"},{"floor":13,"key":"Swift Potion"}],"is_trial":false,"path_per_floor":["M","T","?","$","?","R","M","R","T","E","R","M","M","E","R","B"],"character_chosen":"IRONCLAD","items_purchased":["Cleave","Weak Potion"],"campfire_rested":1,"item_purchase_floors":[4,4],"current_hp_per_floor":[80,80,80,80,80,80,80,80,80,59,59,65,59,33,57,0],"gold":150,"neow_bonus":"REMOVE_CARD","is_prod":false,"is_daily":false,"chose_seed":false,"campfire_upgraded":3,"win_rate":0,"timestamp":1551637005,"path_taken":["M","?","?","$","?","R","M","R","T","E","R","M","M","E","R","BOSS"],"build_version":"2019-01-23","purchased_purges":0,"victory":false,"max_hp_per_floor":[80,80,80,80,80,80,80,80,80,80,80,80,80,80,80,80],"card_choices":[{"not_picked":["Armaments","Searing Blow"],"picked":"Shrug It Off","floor":1.0},{"not_picked":["Flex","Rage"],"picked":"Cleave","floor":7.0},{"not_picked":["Clash","Uppercut"],"picked":"Bloodletting","floor":10},{"not_picked":["Flex","Headbutt"],"picked":"Hemokinesis","floor":12},{"not_picked":["Body Slam","Clash","Uppercut"],"picked":"SKIP","floor":13},{"not_picked":["Clash","Headbutt"],"picked":"Feed","floor":14}],"player_experience":275690,"relics_obtained":[{"floor":2.0,"key":"Paper Frog"},{"floor":9,"key":"The Courier"},{"floor":10,"key":"Peace Pipe"},{"floor":14,"key":"Shovel"}],"event_choices":[{"damage_healed":0.0,"max_hp_gain":0.0,"max_hp_loss":0.0,"gold_gain":0.0,"event_name":"Living Wall","player_choice":"Grow","floor":3.0,"gold_loss":0.0,"damage_taken":0.0,"cards_upgraded":["Bash"]},{"damage_healed":0.0,"max_hp_gain":0.0,"max_hp_loss":0.0,"gold_gain":0.0,"event_name":"Golden Idol","player_choice":"Take Wound","floor":5.0,"gold_loss":0.0,"damage_taken":0.0,"relics_obtained":["Golden Idol"],"cards_obtained":["Injury"]}],"is_beta":false,"boss_relics":[],"items_purged_floors":[],"is_endless":false,"potions_floor_spawned":[10,13],"killed_by":"The Guardian","ascension_level":3}