{"gold_per_floor":[110,57,73,83,383,383,415,20,20,47,47,65,115,190,190,289,289,306,319,319,336,336],"floor_reached":22,"playtime":1186,"items_purged":[],"score":293,"play_id":"a6ec4a5c-4301-4d6d-bc60-d36c18d9107d","local_time":"20190607152703","is_ascension_mode":true,"campfire_choices":[{"data":"Zap","floor":6,"key":"SMITH"},{"floor":11,"key":"REST"},{"floor":15,"key":"REST"}],"neow_cost":"NONE","seed_source_timestamp":12395388027704,"circlet_count":0,"master_deck":["Strike_B","Strike_B","Strike_B","Defend_B","Defend_B","Defend_B","Defend_B","Zap+1","Dualcast","Capacitor","Leap","Loop","Compile Driver","Seek","Conserve Battery","Cold Snap","Loop","Self Repair","Echo Form","Steam","Barrage","Genetic Algorithm"],"relics":["Cracked Core","Old Coin","Ornamental Fan","Unceasing Top","Letter Opener","Ancient Tea Set","Omamori","Inserter"],"potions_floor_usage":[16,19,21,22],"damage_taken":[{"damage":0,"enemies":"Cultist","floor":1,"turns":4},{"damage":0,"enemies":"2 Louse","floor":3,"turns":2},{"damage":2,"enemies":"Jaw Worm","floor":4,"turns":3},{"damage":25,"enemies":"3 Sentries","floor":7,"turns":7},{"damage":25,"enemies":"Lagavulin","floor":10,"turns":7},{"damage":15,"enemies":"3 Louse","floor":12,"turns":2},{"damage":0,"enemies":"Slime Boss","floor":16,"turns":11},{"damage":57,"enemies":"3 Byrds","floor":18,"turns":6},{"damage":15,"enemies":"Shell Parasite","floor":19,"turns":7},{"damage":23,"enemies":"Sentry and Sphere","floor":21,"turns":7},{"damage":38,"enemies":"3 Cultists","floor":22,"turns":6}],"seed_played":"7048249690962690517","potions_obtained":[{"floor":3,"key":"SpeedPotion"},{"floor":10,"key":"Strength Potion"},{"floor":12,"key":"FocusPotion"},{"floor":16,"key":"Dexterity Potion"},{"floor":18,"key":"AttackPotion"}],"is_trial":false,"path_per_floor":["M","$","M","M","?","R","E","$","T","E","R","M","T","?","R","B",null,"M","M","?","M","M"],"character_chosen":"DEFECT","items_purchased":["Leap","Conserve Battery","Cold Snap","Unceasing Top"],"campfire_rested":2,"item_purchase_floors":[2,8,8,8],"current_hp_per_floor":[82,82,82,80,68,68,43,43,43,18,42,27,27,16,40,47,82,39,38,38,29,0],"gold":336,"neow_bonus":"TEN_PERCENT_HP_BONUS","is_prod":false,"is_daily":false,"chose_seed":false,"campfire_upgraded":1,"win_rate":0,"timestamp":1559939223,"path_taken":["M","?","M","M","?","R","E","$","T","E","R","M","?","?","R","BOSS","M","M","?","M","M"],"build_version":"2019-01-23","purchased_purges":0,"victory":false,"max_hp_per_floor":[82,82,82,82,82,82,82,82,82,82,82,82,82,82,82,82,82,82,82,82,82,82],"card_choices":[{"not_picked":["Barrage","Cold Snap"],"picked":"Capacitor","floor":1},{"not_picked":["Heatsinks","Rebound"],"picked":"Loop","floor":3},{"not_picked":["Turbo","Reprogram"],"picked":"Compile Driver","floor":4},{"not_picked":["Beam Cell","Gash"],"picked":"Seek","floor":7},{"not_picked":["Darkness","Chaos"],"picked":"Loop","floor":10},{"not_picked":["Coolheaded","Barrage"],"picked":"Self Repair","floor":12},{"not_picked":["Core Surge","Electrodynamics"],"picked":"Echo Form","floor":16},{"not_picked":["Streamline","Beam Cell"],"picked":"Steam","floor":18},{"not_picked":["Compile Driver","Skim","Sweeping Beam"],"picked":"SKIP","floor":19},{"not_picked":["Gash","Turbo"],"picked":"Genetic Algorithm","floor":21}],"player_experience":119156,"relics_obtained":[{"floor":7,"key":"Ornamental Fan"},{"floor":9,"key":"Letter Opener"},{"floor":10,"key":"Ancient Tea Set"},{"floor":13,"key":"Omamori"}],"event_choices":[{"damage_healed":0,"gold_gain":0,"player_choice":"Success","damage_taken":12,"relics_obtained":["Old Coin"],"max_hp_gain":0,"max_hp_loss":0,"event_name":"Scrap Ooze","floor":5,"gold_loss":0},{"damage_healed":0,"gold_gain":75,"player_choice":"Gather Gold","damage_taken":11,"max_hp_gain":0,"max_hp_loss":0,"event_name":"World of Goop","floor":14,"gold_loss":0},{"damage_healed":0,"gold_gain":0,"cards_transformed":["Strike_B"],"player_choice":"Transformed","damage_taken":0,"max_hp_gain":0,"max_hp_loss":0,"event_name":"Transmorgrifier","floor":20,"gold_loss":0,"cards_obtained":["Barrage"]}],"is_beta":false,"boss_relics":[{"not_picked":["White Beast Statue","Snecko Eye"],"picked":"Inserter"}],"items_purged_floors":[],"is_endless":false,"potions_floor_spawned":[3,10,12,16,18],"killed_by":"3 Cultists","ascension_level":4}