{"gold_per_floor":[109,109,89,101,50,50,84,84,84,119,174,174,199,3,3,77,77,97,97,97,110,110],"floor_reached":22,"playtime":1117,"items_purged":[],"score":401,"play_id":"e0beb15d-566e-4d1f-b22c-3f0786ce8fbc","local_time":"20190815005053","is_ascension_mode":true,"campfire_choices":[{"data":"Skewer","floor":6.0,"key":"SMITH"},{"floor":12.0,"key":"REST"},{"data":"Infinite Blades","floor":15,"key":"SMITH"}],"neow_cost":"CURSE","seed_source_timestamp":23719112609500,"circlet_count":0,"master_deck":["AscendersBane","Strike_G","Strike_G","Defend_G","Defend_G","Defend_G","Defend_G","Survivor","Neutralize","Skewer+1","Cloak And Dagger","Deadly Poison","Noxious Fumes","Infinite Blades+1","Blade Dance","Noxious Fumes","Corpse Explosion","Escape Plan+1","Doppelganger+1","Die Die Die+1","Backflip+1"],"special_seed":0,"relics":["Ring of the Snake","Strawberry","Mummified Hand","PreservedInsect","Orichalcum","Bag of Preparation","Bronze Scales","Astrolabe"],"potions_floor_usage":[16],"damage_taken":[{"damage":8.0,"enemies":"Small Slimes","floor":1.0,"turns":6.0},{"damage":0.0,"enemies":"Jaw Worm","floor":4.0,"turns":4.0},{"damage":17.0,"enemies":"3 Sentries","floor":7.0,"turns":13.0},{"damage":23.0,"enemies":"Lagavulin","floor":10.0,"turns":6.0},{"damage":6.0,"enemies":"3 Sentries","floor":11.0,"turns":4.0},{"damage":15,"enemies":"Hexaghost","floor":16,"turns":8},{"damage":29,"enemies":"Shell Parasite","floor":18,"turns":5},{"damage":22,"enemies":"Spheric Guardian","floor":21,"turns":6},{"damage":6,"enemies":"Centurion and Healer","floor":22,"turns":2}],"seed_played":"163061903439584333","potions_obtained":[{"floor":1.0,"key":"Block Potion"},{"floor":3.0,"key":"Strength Potion"},{"floor":7.0,"key":"Strength Potion"},{"floor":11.0,"key":"Weak Potion"},{"floor":21,"key":"SpeedPotion"}],"is_trial":false,"path_per_floor":["M","?","?","M","$","R","E","$","T","E","?","R","T","$","R","B",null,"M","?","?","M","M"],"character_chosen":"THE_SILENT","items_purchased":["Deadly Poison","Noxious Fumes","Bronze Scales"],"campfire_rested":1,"item_purchase_floors":[5,14,14],"current_hp_per_floor":[63,56,56,56,56,56,46,46,46,23,17,42,42,42,42,27,71,42,42,30,8,2],"gold":110,"neow_bonus":"TWENTY_PERCENT_HP_BONUS","is_prod":false,"is_daily":false,"chose_seed":false,"campfire_upgraded":2,"win_rate":0,"timestamp":1565823053,"path_taken":["M","?","?","?","?","R","E","?","T","E","?","R","?","$","R","BOSS","M","?","?","M","M"],"build_version":"2019-07-17","purchased_purges":0,"victory":false,"max_hp_per_floor":[78,78,78,78,78,78,85,85,85,85,85,85,85,85,85,85,85,85,85,85,85,85],"card_choices":[{"not_picked":["Blade Dance","Underhanded Strike"],"picked":"Skewer","floor":1.0},{"not_picked":["Outmaneuver","Distraction"],"picked":"Cloak And Dagger","floor":4.0},{"not_picked":["Backstab","Dagger Throw"],"picked":"Noxious Fumes","floor":7.0},{"not_picked":["Flechettes","Escape Plan"],"picked":"Infinite Blades","floor":10.0},{"not_picked":["Poisoned Stab","Bane"],"picked":"Blade Dance","floor":11.0},{"not_picked":["Unload","A Thousand Cuts"],"picked":"Corpse Explosion","floor":16},{"not_picked":["Deadly Poison","Dagger Throw"],"picked":"Backflip+1","floor":18},{"not_picked":["Outmaneuver","Heel Hook","Noxious Fumes"],"picked":"SKIP","floor":21}],"player_experience":998435,"relics_obtained":[{"floor":7.0,"key":"Strawberry"},{"floor":9.0,"key":"Mummified Hand"},{"floor":10.0,"key":"PreservedInsect"},{"floor":11.0,"key":"Orichalcum"},{"floor":13.0,"key":"Bag of Preparation"}],"event_choices":[{"cards_removed":["Shame"],"damage_healed":0.0,"max_hp_gain":0.0,"max_hp_loss":0.0,"gold_gain":0.0,"event_name":"Golden Wing","player_choice":"Card Removal","floor":2.0,"gold_loss":0.0,"damage_taken":7.0},{"damage_healed":0.0,"max_hp_gain":0.0,"max_hp_loss":0.0,"gold_gain":0.0,"event_name":"The Woman in Blue","player_choice":"Bought 1 Potion","floor":3.0,"gold_loss":0.0,"damage_taken":0.0},{"damage_healed":0.0,"max_hp_gain":0.0,"max_hp_loss":0.0,"gold_gain":0.0,"event_name":"Dead Adventurer","player_choice":"Searched \u00271\u0027 times","floor":11.0,"gold_loss":0.0,"damage_taken":0.0},{"cards_removed":["Strike_G"],"damage_healed":0,"gold_gain":0,"player_choice":"Elegance","damage_taken":0,"max_hp_gain":0,"max_hp_loss":0,"event_name":"Back to Basics","floor":19,"gold_loss":0},{"damage_healed":0,"gold_gain":0,"player_choice":"Damaged","damage_taken":12,"max_hp_gain":0,"max_hp_loss":0,"event_name":"Wheel of Change","floor":20,"gold_loss":0}],"is_beta":false,"boss_relics":[{"not_picked":["Fusion Hammer","Philosopher\u0027s Stone"],"picked":"Astrolabe"}],"items_purged_floors":[],"is_endless":false,"potions_floor_spawned":[1,7,11,21],"killed_by":"Centurion and Healer","ascension_level":20}