{"gold_per_floor":[109,128,140,157,232,260,210,210,210,62,72,72,83,115,115,212,212,232,244,255,155,175,200,200,213,213,232,250,250,350,384,384,482,482,494,512,531,49,59,59,73,86,86,86,86,86,86,102,102,102],"floor_reached":51,"playtime":15014,"items_purged":["Strike_R","Strike_R","Strike_R"],"score":660,"play_id":"7025663c-5acf-452c-a8e6-cd875d9a5de2","local_time":"20190626030718","is_ascension_mode":false,"campfire_choices":[{"data":"Heavy Blade","floor":8,"key":"SMITH"},{"data":"Whirlwind","floor":12,"key":"SMITH"},{"floor":15,"key":"REST"},{"data":"Limit Break","floor":24,"key":"SMITH"},{"data":"True Grit","floor":29,"key":"SMITH"},{"floor":32,"key":"REST"},{"floor":40,"key":"REST"},{"data":"Spot Weakness","floor":44,"key":"SMITH"},{"data":"Madness","floor":46,"key":"SMITH"},{"floor":49,"key":"REST"}],"neow_cost":"NONE","seed_source_timestamp":941217636393288,"circlet_count":0,"master_deck":["Strike_R","Defend_R","Defend_R","Defend_R","Defend_R","Bash","Cleave","Shrug It Off","Spot Weakness+1","Heavy Blade+1","Headbutt","Whirlwind+1","Limit Break+1","Double Tap","Shrug It Off","Ghostly Armor+1","True Grit+1","Madness","Madness+1"],"relics":["Black Blood","Lantern","Dodecahedron","Pocketwatch","Calipers","Red Skull","Paper Frog","Nunchaku","Molten Egg 2","Red Mask","Sozu","TheAbacus","Blood Vial","Sundial"],"potions_floor_usage":[19,19,23,30,33,33,39],"damage_taken":[{"damage":0,"enemies":"2 Louse","floor":1,"turns":3},{"damage":3,"enemies":"Jaw Worm","floor":2,"turns":4},{"damage":0,"enemies":"Small Slimes","floor":3,"turns":2},{"damage":12,"enemies":"Exordium Wildlife","floor":4,"turns":4},{"damage":35,"enemies":"Lagavulin","floor":6,"turns":8},{"damage":0,"enemies":"Red Slaver","floor":11,"turns":3},{"damage":9,"enemies":"2 Fungi Beasts","floor":13,"turns":2},{"damage":4,"enemies":"3 Sentries","floor":14,"turns":3},{"damage":13,"enemies":"Slime Boss","floor":16,"turns":8},{"damage":20,"enemies":"Shell Parasite","floor":18,"turns":5},{"damage":9,"enemies":"2 Thieves","floor":19,"turns":4},{"damage":30,"enemies":"Shelled Parasite and Fungi","floor":20,"turns":8},{"damage":3,"enemies":"Centurion and Healer","floor":22,"turns":4},{"damage":33,"enemies":"Book of Stabbing","floor":23,"turns":7},{"damage":20,"enemies":"Sentry and Sphere","floor":25,"turns":4},{"damage":2,"enemies":"Cultist and Chosen","floor":27,"turns":3},{"damage":7,"enemies":"Snecko","floor":28,"turns":3},{"damage":25,"enemies":"Colosseum Slavers","floor":30,"turns":6},{"damage":7,"enemies":"Colosseum Nobs","floor":30,"turns":3},{"damage":0,"enemies":"Masked Bandits","floor":31,"turns":1},{"damage":54,"enemies":"Automaton","floor":33,"turns":9},{"damage":28,"enemies":"3 Darklings","floor":35,"turns":3},{"damage":22,"enemies":"3 Shapes","floor":36,"turns":5},{"damage":29,"enemies":"Maw","floor":37,"turns":7},{"damage":25,"enemies":"Spire Growth","floor":39,"turns":4},{"damage":1,"enemies":"3 Darklings","floor":41,"turns":4},{"damage":4,"enemies":"Maw","floor":42,"turns":7},{"damage":18,"enemies":"Spire Growth","floor":48,"turns":5},{"damage":55,"enemies":"Awakened One","floor":50,"turns":8}],"seed_played":"2068687824939622009","potions_obtained":[{"floor":3,"key":"Swift Potion"},{"floor":6,"key":"Fire Potion"},{"floor":11,"key":"SpeedPotion"},{"floor":14,"key":"Dexterity Potion"},{"floor":22,"key":"SkillPotion"},{"floor":25,"key":"Fire Potion"},{"floor":30,"key":"Fire Potion"},{"floor":33,"key":"Regen Potion"}],"is_trial":false,"path_per_floor":["M","M","M","M","?","E","?","R","T","$","M","R","M","E","R","B",null,"M","M","M","$","M","E","R","M","T","M","M","R","?","?","R","B",null,"M","M","M","$","M","R","M","M","T","R","?","R","?","M","R","B",null],"character_chosen":"IRONCLAD","items_purchased":["Whirlwind","TheAbacus","Blood Vial"],"campfire_rested":4,"item_purchase_floors":[10,38,38],"current_hp_per_floor":[80,80,80,74,63,34,34,34,34,34,40,40,37,39,63,56,80,70,71,51,51,58,35,35,25,25,33,36,36,24,34,58,14,80,62,50,31,31,23,47,58,66,66,66,56,56,56,50,74,31],"gold":102,"neow_bonus":"RANDOM_COMMON_RELIC","is_prod":false,"is_daily":false,"chose_seed":false,"campfire_upgraded":6,"win_rate":0.0,"timestamp":1561543638,"path_taken":["M","M","M","M","?","E","?","R","T","$","M","R","M","E","R","BOSS","M","M","M","$","M","E","R","M","T","M","M","R","?","?","R","BOSS","M","M","M","$","M","R","M","M","T","R","?","R","?","?","R","BOSS"],"build_version":"2019-01-23","purchased_purges":3,"victory":true,"max_hp_per_floor":[80,80,80,80,80,80,80,80,80,80,80,80,80,80,80,80,80,80,80,80,80,80,80,80,80,80,80,80,80,80,80,80,80,80,80,80,80,80,80,80,80,80,80,80,80,80,80,80,80,80],"card_choices":[{"not_picked":["Headbutt","Shrug It Off"],"picked":"Cleave","floor":1},{"not_picked":["True Grit","Clothesline"],"picked":"Shrug It Off","floor":2},{"not_picked":["Sword Boomerang","Thunderclap"],"picked":"Spot Weakness","floor":3},{"not_picked":["Thunderclap","Blood for Blood"],"picked":"Heavy Blade","floor":4},{"not_picked":["Bloodletting","Clash"],"picked":"Headbutt","floor":6},{"not_picked":["Carnage","Infernal Blade"],"picked":"Limit Break","floor":11},{"not_picked":["Headbutt","Twin Strike","Seeing Red"],"picked":"SKIP","floor":13},{"not_picked":["Anger","Rupture","Iron Wave"],"picked":"SKIP","floor":14},{"not_picked":["Juggernaut","Barricade"],"picked":"Double Tap","floor":16},{"not_picked":["Perfected Strike","Rampage+1","Spot Weakness"],"picked":"SKIP","floor":18},{"not_picked":["Heavy Blade","Burning Pact"],"picked":"Shrug It Off","floor":19},{"not_picked":["Inflame","Rupture","Rampage+1"],"picked":"SKIP","floor":20},{"not_picked":["Bloodletting+1","Inflame","Uppercut"],"picked":"SKIP","floor":22},{"not_picked":["Demon Form","Armaments+1"],"picked":"Ghostly Armor+1","floor":23},{"not_picked":["Searing Blow","Iron Wave+1","Body Slam"],"picked":"SKIP","floor":25},{"not_picked":["Cleave+1","Uppercut"],"picked":"True Grit","floor":27},{"not_picked":["Limit Break","Body Slam+1","Armaments"],"picked":"SKIP","floor":28},{"not_picked":["Bludgeon+1","Brutality"],"picked":"Impervious","floor":33},{"not_picked":["Clash+1","Body Slam+1","Twin Strike+1"],"picked":"SKIP","floor":35},{"not_picked":["Cleave+1","Carnage+1","Flex+1"],"picked":"SKIP","floor":36},{"not_picked":["True Grit+1","Intimidate","Flex"],"picked":"SKIP","floor":37},{"not_picked":["Bludgeon+1","Flex+1","Pommel Strike+1"],"picked":"SKIP","floor":39},{"not_picked":["Perfected Strike+1","Iron Wave+1","Sword Boomerang+1"],"picked":"SKIP","floor":41},{"not_picked":["Anger+1","Hemokinesis+1","Feel No Pain+1"],"picked":"SKIP","floor":42},{"not_picked":["Pommel Strike+1","Whirlwind+1","Thunderclap+1"],"picked":"SKIP","floor":48}],"player_experience":17225,"relics_obtained":[{"floor":6,"key":"Dodecahedron"},{"floor":9,"key":"Pocketwatch"},{"floor":14,"key":"Calipers"},{"floor":23,"key":"Red Skull"},{"floor":26,"key":"Paper Frog"},{"floor":30,"key":"Nunchaku"},{"floor":30,"key":"Molten Egg 2"},{"floor":31,"key":"Red Mask"},{"floor":43,"key":"Sundial"}],"event_choices":[{"damage_healed":0,"gold_gain":75,"player_choice":"Gather Gold","damage_taken":11,"max_hp_gain":0,"max_hp_loss":0,"event_name":"World of Goop","floor":5,"gold_loss":0},{"cards_removed":["Strike_R"],"damage_healed":0,"gold_gain":0,"player_choice":"Card Removal","damage_taken":0,"max_hp_gain":0,"max_hp_loss":0,"event_name":"The Cleric","floor":7,"gold_loss":50},{"damage_healed":0,"gold_gain":0,"player_choice":"Fight","damage_taken":0,"max_hp_gain":0,"max_hp_loss":0,"event_name":"Colosseum","floor":30,"gold_loss":0},{"damage_healed":0,"gold_gain":0,"player_choice":"Fought Nobs","damage_taken":0,"max_hp_gain":0,"max_hp_loss":0,"event_name":"Colosseum","floor":30,"gold_loss":0},{"damage_healed":0,"gold_gain":0,"player_choice":"Fought Bandits","damage_taken":0,"max_hp_gain":0,"max_hp_loss":0,"event_name":"Masked Bandits","floor":31,"gold_loss":0},{"damage_healed":0,"gold_gain":0,"player_choice":"Embrace Madness","damage_taken":10,"max_hp_gain":0,"max_hp_loss":0,"event_name":"Winding Halls","floor":45,"gold_loss":0,"cards_obtained":["Madness","Madness"]},{"cards_removed":["Impervious"],"damage_healed":0,"gold_gain":0,"player_choice":"Removed Skill","damage_taken":0,"max_hp_gain":0,"max_hp_loss":0,"event_name":"Falling","floor":47,"gold_loss":0}],"is_beta":false,"boss_relics":[{"not_picked":["Orrery","Black Star"],"picked":"Black Blood"},{"not_picked":["Snecko Eye","Coffee Dripper"],"picked":"Sozu"}],"items_purged_floors":[10,21,38],"is_endless":false,"potions_floor_spawned":[3,6,11,14,18,19,22,25,30,30,33,37,42,48],"ascension_level":0}