{"gold_per_floor":[18,93,18,18,34,34,59,94,94,44,44,44,44,19,19,120,120,134,134,145,162,185,185,185,185,210,210,226,289,289,307,307,307],"floor_reached":33,"playtime":2660,"items_purged":["Strike_R"],"score":264,"play_id":"0d882db0-48df-4cf7-b50d-e48eb2acf4c1","local_time":"20190106221219","is_ascension_mode":true,"campfire_choices":[{"data":"Bash","floor":6,"key":"SMITH"},{"data":"Perfected Strike","floor":11,"key":"SMITH"},{"floor":13,"key":"REST"},{"data":"Thunderclap","floor":15,"key":"SMITH"},{"floor":23,"key":"REST"},{"floor":24,"key":"REST"},{"floor":27,"key":"REST"},{"floor":30,"key":"REST"},{"data":"Juggernaut","floor":32,"key":"SMITH"}],"neow_cost":"NO_GOLD","seed_source_timestamp":1338799134179160,"circlet_count":0,"master_deck":["Strike_R","Strike_R","Strike_R","Strike_R","Defend_R","Defend_R","Defend_R","Bash+1","Wild Strike","Twin Strike","Perfected Strike+1","Thunderclap+1","Juggernaut+1","Iron Wave","Shrug It Off","Warcry+1","Armaments","Feel No Pain","Shrug It Off"],"relics":["Burning Blood","WingedGreaves","Smiling Mask","Pocketwatch","Pear","Letter Opener","Singing Bowl","Runic Pyramid","Boot","SsserpentHead","Bronze Scales"],"potions_floor_usage":[20,21,31,33],"damage_taken":[{"damage":1,"enemies":"Cultist","floor":1,"turns":3},{"damage":0,"enemies":"2 Louse","floor":5,"turns":3},{"damage":41,"enemies":"Lagavulin","floor":7,"turns":6},{"damage":21,"enemies":"3 Sentries","floor":8,"turns":6},{"damage":52,"enemies":"Hexaghost","floor":16,"turns":7},{"damage":35,"enemies":"2 Thieves","floor":18,"turns":4},{"damage":15,"enemies":"Shell Parasite","floor":20,"turns":6},{"damage":57,"enemies":"Sentry and Sphere","floor":21,"turns":11},{"damage":26,"enemies":"Chosen and Byrds","floor":28,"turns":5},{"damage":32,"enemies":"3 Cultists","floor":29,"turns":6},{"damage":3,"enemies":"Snake Plant","floor":31,"turns":4},{"damage":78,"enemies":"Automaton","floor":33,"turns":6}],"seed_played":"-2337820935622961793","potions_obtained":[{"floor":5,"key":"SteroidPotion"},{"floor":16,"key":"EssenceOfSteel"},{"floor":20,"key":"BloodPotion"},{"floor":28,"key":"PowerPotion"},{"floor":29,"key":"Block Potion"},{"floor":31,"key":"Ancient Potion"}],"is_trial":false,"path_per_floor":["M","?","$","?","M","R","E","E","T","?","R","?","R","$","R","B",null,"M","$","M","M","T","R","R","?","T","R","M","M","R","M","R","B"],"character_chosen":"IRONCLAD","items_purchased":["Thunderclap"],"campfire_rested":5,"item_purchase_floors":[14],"current_hp_per_floor":[80,69,69,69,75,75,40,35,35,35,35,35,62,62,62,16,90,61,61,52,10,10,37,64,64,64,90,70,44,71,74,74,0],"gold":307,"neow_bonus":"ONE_RARE_RELIC","is_prod":false,"is_daily":false,"chose_seed":false,"campfire_upgraded":4,"win_rate":0,"timestamp":1546830739,"path_taken":["M","?","$","?","?","R","E","E","T","?","R","?","R","?","R","BOSS","M","$","M","M","?","R","R","?","T","R","M","?","R","M","R","BOSS"],"build_version":"2019-01-03v4","purchased_purges":1,"victory":false,"max_hp_per_floor":[80,80,80,80,80,80,80,90,90,90,90,90,90,90,90,90,90,90,90,90,90,90,90,90,90,90,90,90,90,90,90,90,90],"card_choices":[{"not_picked":["Headbutt","Cleave"],"picked":"Shrug It Off","floor":1},{"not_picked":["True Grit","Exhume"],"picked":"Wild Strike","floor":5},{"not_picked":["Corruption","Bloodletting"],"picked":"Twin Strike","floor":7},{"not_picked":["Wild Strike","Sever Soul"],"picked":"Perfected Strike","floor":8},{"not_picked":["Exhume","Bludgeon"],"picked":"Juggernaut","floor":16},{"not_picked":["Sentinel+1","Intimidate+1"],"picked":"Iron Wave","floor":18},{"not_picked":["Flex","Rupture"],"picked":"Shrug It Off","floor":20},{"not_picked":["Disarm","Sword Boomerang"],"picked":"Warcry+1","floor":21},{"not_picked":["True Grit","Twin Strike"],"picked":"Armaments","floor":28},{"not_picked":["Warcry+1","Headbutt+1"],"picked":"Feel No Pain","floor":29},{"not_picked":["Brutality","Fire Breathing+1"],"picked":"Shrug It Off","floor":31}],"player_experience":228135,"relics_obtained":[{"floor":7,"key":"Pocketwatch"},{"floor":8,"key":"Pear"},{"floor":9,"key":"Letter Opener"},{"floor":22,"key":"Boot"},{"floor":26,"key":"Bronze Scales"}],"event_choices":[{"damage_healed":0,"gold_gain":75,"player_choice":"Gather Gold","damage_taken":11,"max_hp_gain":0,"max_hp_loss":0,"event_name":"World of Goop","floor":2,"gold_loss":0},{"cards_removed":["Shrug It Off"],"damage_healed":0,"gold_gain":0,"player_choice":"Gave Card","damage_taken":0,"relics_obtained":["Smiling Mask"],"max_hp_gain":0,"max_hp_loss":0,"event_name":"WeMeetAgain","floor":4,"gold_loss":0},{"cards_removed":["Defend_R"],"damage_healed":0,"gold_gain":0,"player_choice":"Card Removal","damage_taken":0,"max_hp_gain":0,"max_hp_loss":0,"event_name":"The Cleric","floor":10,"gold_loss":50},{"damage_healed":0,"gold_gain":0,"player_choice":"Searched \u00271\u0027 times","damage_taken":0,"relics_obtained":["Singing Bowl"],"max_hp_gain":0,"max_hp_loss":0,"event_name":"Dead Adventurer","floor":12,"gold_loss":0},{"damage_healed":0,"gold_gain":0,"player_choice":"Trade","damage_taken":0,"relics_obtained":["SsserpentHead"],"max_hp_gain":0,"max_hp_loss":0,"event_name":"FaceTrader","floor":25,"gold_loss":0}],"is_beta":false,"boss_relics":[{"not_picked":["Pandora\u0027s Box","Tiny House"],"picked":"Runic Pyramid"}],"items_purged_floors":[3],"is_endless":false,"potions_floor_spawned":[5,16,20,28,29,31],"killed_by":"Automaton","ascension_level":1}