{"gold_per_floor":[110,110,110,124,142,176,176,188,215,215,242,262,275,291,291,389,389,401,501,515,527,122,122,148,158,158,158,176,196,196,196,196,298,298,308,322,341,351,51,80,80,80,104,104,104,132,132,132],"floor_reached":48,"playtime":5949,"items_purged":["Strike_B"],"score":599,"play_id":"36d1ee0a-7960-4cd1-991d-87cd809fc07d","local_time":"20190814034748","is_ascension_mode":false,"campfire_choices":[{"data":"Undo","floor":7,"key":"SMITH"},{"data":"Loop","floor":10,"key":"SMITH"},{"floor":15,"key":"REST"},{"data":"Coolheaded","floor":23,"key":"SMITH"},{"data":"Electrodynamics","floor":27,"key":"SMITH"},{"floor":30,"key":"REST"},{"data":"Undo","floor":32,"key":"SMITH"},{"floor":41,"key":"REST"},{"floor":45,"key":"REST"}],"neow_cost":"NONE","seed_source_timestamp":1085080750249600,"circlet_count":0,"master_deck":["Strike_B+1","Strike_B+1","Defend_B+1","Defend_B","Defend_B","Defend_B+1","Zap","Dualcast","Loop+1","Storm","Undo+1","All For One","FTL","Loop","Cold Snap","Electrodynamics+1","Gash","Gash","Reinforced Body","Gash","Heatsinks","Coolheaded+1","White Noise+1","Undo+1","Glacier+1","Multi-Cast","Undo+1","Gash+1","Go for the Eyes+1","Heatsinks","Cold Snap","Force Field+1","Mayhem","Undo+1","Reinforced Body+1"],"relics":["Cracked Core","NeowsBlessing","War Paint","Vajra","Ancient Tea Set","Orrery","Bottled Lightning","Mango","Letter Opener","Sozu","Kunai","Pantograph","Regal Pillow","Toxic Egg 2"],"potions_floor_usage":[24,25,29,33,33,33,33,33],"damage_taken":[{"damage":0,"enemies":"2 Louse","floor":1,"turns":1},{"damage":0,"enemies":"Small Slimes","floor":4,"turns":1},{"damage":0,"enemies":"Cultist","floor":5,"turns":1},{"damage":21,"enemies":"3 Sentries","floor":6,"turns":7},{"damage":0,"enemies":"Large Slime","floor":8,"turns":4},{"damage":14,"enemies":"Lagavulin","floor":11,"turns":6},{"damage":13,"enemies":"Lots of Slimes","floor":12,"turns":4},{"damage":0,"enemies":"Exordium Wildlife","floor":13,"turns":3},{"damage":0,"enemies":"2 Fungi Beasts","floor":14,"turns":4},{"damage":4,"enemies":"Slime Boss","floor":16,"turns":10},{"damage":17,"enemies":"Spheric Guardian","floor":18,"turns":4},{"damage":10,"enemies":"3 Byrds","floor":20,"turns":2},{"damage":14,"enemies":"Cultist and Chosen","floor":21,"turns":6},{"damage":6,"enemies":"Gremlin Leader","floor":24,"turns":6},{"damage":11,"enemies":"Snecko","floor":25,"turns":6},{"damage":5,"enemies":"Shelled Parasite and Fungi","floor":28,"turns":5},{"damage":0,"enemies":"Chosen and Byrds","floor":29,"turns":5},{"damage":19,"enemies":"Champ","floor":33,"turns":10},{"damage":3,"enemies":"3 Darklings","floor":35,"turns":6},{"damage":7,"enemies":"Orb Walker","floor":36,"turns":5},{"damage":3,"enemies":"Sphere and 2 Shapes","floor":37,"turns":4},{"damage":9,"enemies":"Jaw Worm Horde","floor":38,"turns":3},{"damage":65,"enemies":"Reptomancer","floor":40,"turns":7},{"damage":12,"enemies":"Nemesis","floor":46,"turns":8},{"damage":59,"enemies":"Reptomancer","floor":48,"turns":2}],"seed_played":"-6051414136788680315","potions_obtained":[{"floor":1,"key":"PowerPotion"},{"floor":3,"key":"EntropicBrew"},{"floor":8,"key":"SpeedPotion"},{"floor":11,"key":"Energy Potion"},{"floor":24,"key":"EssenceOfSteel"},{"floor":28,"key":"Swift Potion"}],"is_trial":false,"path_per_floor":["M","?","?","M","M","E","R","M","T","R","E","M","M","M","R","B",null,"M","?","M","M","$","R","E","M","T","R","M","M","R","?","R","B",null,"M","M","M","M","$","E","R","?","T","?","R","E","?","E"],"character_chosen":"DEFECT","items_purchased":["Bottled Lightning","Heatsinks","Coolheaded","Kunai","Cold Snap"],"campfire_rested":4,"item_purchase_floors":[22,22,22,39,39],"current_hp_per_floor":[75,60,60,60,60,39,39,39,39,39,25,12,12,12,34,30,75,58,58,48,34,34,34,42,31,31,31,26,26,52,36,36,17,89,86,79,76,67,67,2,28,28,28,28,69,57,57,0],"gold":132,"neow_bonus":"THREE_ENEMY_KILL","is_prod":false,"is_daily":false,"chose_seed":false,"campfire_upgraded":5,"win_rate":0.0,"timestamp":1565779668,"path_taken":["M","?","?","?","M","E","R","M","T","R","E","M","M","M","R","BOSS","M","?","M","M","$","R","E","M","T","R","?","M","R","?","R","BOSS","M","M","M","M","$","E","R","?","T","?","R","E","?","E"],"build_version":"2019-07-17","purchased_purges":1,"victory":false,"max_hp_per_floor":[75,75,75,75,75,75,75,75,75,75,75,75,75,75,75,75,75,75,75,75,75,75,75,89,89,89,89,89,89,89,89,89,89,89,89,89,89,89,89,89,89,89,89,89,89,89,89,89],"card_choices":[{"not_picked":["Chaos","Cold Snap"],"picked":"Loop","floor":1},{"not_picked":["Conserve Battery","Beam Cell"],"picked":"Leap","floor":4},{"not_picked":["Sweeping Beam","Cold Snap"],"picked":"Storm","floor":5},{"not_picked":["Sweeping Beam","Sunder"],"picked":"Undo","floor":6},{"not_picked":["Conserve Battery","Rebound","Darkness"],"picked":"SKIP","floor":8},{"not_picked":["Compile Driver","Undo"],"picked":"All For One","floor":11},{"not_picked":["Stack","Coolheaded"],"picked":"FTL","floor":12},{"not_picked":["Compile Driver","FTL"],"picked":"Loop","floor":13},{"not_picked":["Aggregate","Stack"],"picked":"Cold Snap","floor":14},{"not_picked":["All For One","Machine Learning"],"picked":"Electrodynamics","floor":16},{"not_picked":["Compile Driver","Streamline"],"picked":"Gash","floor":17},{"not_picked":["Stack","Conserve Battery"],"picked":"Gash","floor":17},{"not_picked":["Turbo","Buffer"],"picked":"Reinforced Body","floor":17},{"not_picked":["Redo","Turbo","Leap"],"picked":"SKIP","floor":18},{"not_picked":["Rebound","Stack+1","Turbo"],"picked":"SKIP","floor":20},{"not_picked":["Go for the Eyes","Fusion+1"],"picked":"Gash","floor":21},{"not_picked":["Doom and Gloom+1","Darkness"],"picked":"White Noise+1","floor":24},{"not_picked":["Rainbow","Beam Cell","Streamline"],"picked":"SKIP","floor":25},{"not_picked":["Sweeping Beam","Cold Snap"],"picked":"Undo","floor":28},{"not_picked":["Double Energy+1","Reinforced Body"],"picked":"Glacier+1","floor":29},{"not_picked":["Amplify","Reboot"],"picked":"Multi-Cast","floor":33},{"not_picked":["Hologram+1","Leap+1"],"picked":"Undo+1","floor":35},{"not_picked":["Glacier+1","Streamline"],"picked":"Gash+1","floor":36},{"not_picked":["Sweeping Beam","Aggregate"],"picked":"Go for the Eyes+1","floor":37},{"not_picked":["Consume","Leap+1"],"picked":"Heatsinks","floor":38},{"not_picked":["Rip and Tear+1","Leap+1"],"picked":"Force Field+1","floor":40},{"not_picked":["Mind Blast","Sadistic Nature"],"picked":"Mayhem","floor":42},{"not_picked":["Steam Power+1","Aggregate+1"],"picked":"Undo+1","floor":46}],"player_experience":92244,"relics_obtained":[{"floor":6,"key":"War Paint"},{"floor":9,"key":"Vajra"},{"floor":11,"key":"Ancient Tea Set"},{"floor":24,"key":"Mango"},{"floor":26,"key":"Letter Opener"},{"floor":40,"key":"Pantograph"},{"floor":43,"key":"Regal Pillow"},{"floor":46,"key":"Toxic Egg 2"}],"event_choices":[{"damage_healed":0,"gold_gain":0,"player_choice":"Entered Light","damage_taken":15,"max_hp_gain":0,"max_hp_loss":0,"event_name":"Shining Light","floor":2,"gold_loss":0,"cards_upgraded":["Strike_B","Strike_B"]},{"damage_healed":0,"gold_gain":0,"player_choice":"Got Potions","damage_taken":0,"max_hp_gain":0,"max_hp_loss":0,"event_name":"Lab","floor":3,"gold_loss":0},{"damage_healed":0,"gold_gain":100,"player_choice":"Pray","damage_taken":0,"max_hp_gain":0,"max_hp_loss":0,"event_name":"Golden Shrine","floor":19,"gold_loss":0},{"damage_healed":0,"gold_gain":0,"player_choice":"Obtained Book","damage_taken":16,"max_hp_gain":0,"max_hp_loss":0,"event_name":"Cursed Tome","floor":31,"gold_loss":0},{"damage_healed":0,"gold_gain":0,"player_choice":"Memory 1","damage_taken":0,"max_hp_gain":0,"max_hp_loss":0,"event_name":"SensoryStone","floor":42,"gold_loss":0},{"cards_removed":["Strike_B"],"damage_healed":0,"gold_gain":0,"player_choice":"Removed Attack","damage_taken":0,"max_hp_gain":0,"max_hp_loss":0,"event_name":"Falling","floor":44,"gold_loss":0},{"damage_healed":0,"gold_gain":0,"cards_transformed":["Leap"],"player_choice":"Transformed","damage_taken":0,"max_hp_gain":0,"max_hp_loss":0,"event_name":"Transmorgrifier","floor":47,"gold_loss":0,"cards_obtained":["Reinforced Body"]}],"is_beta":false,"boss_relics":[{"not_picked":["FrozenCore","Velvet Choker"],"picked":"Orrery"},{"not_picked":["Nuclear Battery","Coffee Dripper"],"picked":"Sozu"}],"items_purged_floors":[22],"is_endless":false,"potions_floor_spawned":[1,8,11,16,18,21,24,28,36,37,46],"killed_by":"Reptomancer","ascension_level":0}