{"gold_per_floor":[116,132,132,149,159,177,177,212,248,260,197,197,187,201,201,201],"floor_reached":16,"playtime":530,"items_purged":["Parasite"],"score":104,"play_id":"2e1245f0-62d7-452b-b87b-ac24035a860f","local_time":"20190806225154","is_ascension_mode":false,"campfire_choices":[{"data":"True Grit","floor":7,"key":"SMITH"},{"data":"Sever Soul","floor":15,"key":"SMITH"}],"neow_cost":"NONE","seed_source_timestamp":98641968971335,"circlet_count":0,"master_deck":["Strike_R","Strike_R","Strike_R","Strike_R","Strike_R","Defend_R","Defend_R","Defend_R","Defend_R","Bash","True Grit+1","Dark Embrace","True Grit+1","Dropkick","Sever Soul+1"],"relics":["Burning Blood","NeowsBlessing","MawBank","Bronze Scales"],"potions_floor_usage":[8,16,16],"damage_taken":[{"damage":0,"enemies":"Cultist","floor":1,"turns":1},{"damage":0,"enemies":"Small Slimes","floor":2,"turns":1},{"damage":0,"enemies":"Jaw Worm","floor":4,"turns":1},{"damage":37,"enemies":"Large Slime","floor":5,"turns":9},{"damage":15,"enemies":"Looter","floor":6,"turns":3},{"damage":28,"enemies":"Lagavulin","floor":8,"turns":10},{"damage":13,"enemies":"Exordium Thugs","floor":13,"turns":5},{"damage":11,"enemies":"Exordium Wildlife","floor":14,"turns":5},{"damage":33,"enemies":"Hexaghost","floor":16,"turns":16}],"seed_played":"6181778933946285535","potions_obtained":[{"floor":1,"key":"Weak Potion"},{"floor":4,"key":"SpeedPotion"},{"floor":8,"key":"Swift Potion"}],"is_trial":false,"path_per_floor":["M","M","?","M","M","M","R","E","T","?","$","?","M","M","R","B"],"character_chosen":"IRONCLAD","items_purchased":[],"campfire_rested":0,"item_purchase_floors":[],"current_hp_per_floor":[80,80,80,80,49,40,40,18,18,38,38,43,36,31,31,0],"gold":201,"neow_bonus":"THREE_ENEMY_KILL","is_prod":false,"is_daily":false,"chose_seed":false,"campfire_upgraded":2,"win_rate":0,"timestamp":1565146314,"path_taken":["M","M","?","?","M","M","R","E","T","?","$","?","M","M","R","BOSS"],"build_version":"2019-07-17","purchased_purges":1,"victory":false,"max_hp_per_floor":[80,80,80,80,80,80,80,80,80,80,77,82,82,82,82,82],"card_choices":[{"not_picked":["Second Wind","Headbutt","Pommel Strike"],"picked":"SKIP","floor":1},{"not_picked":["Flex","Wild Strike"],"picked":"True Grit","floor":2},{"not_picked":["Power Through","Clothesline"],"picked":"Dark Embrace","floor":4},{"not_picked":["Uppercut","Disarm","Iron Wave"],"picked":"SKIP","floor":5},{"not_picked":["Cleave","Evolve"],"picked":"True Grit","floor":6},{"not_picked":["Cleave","Heavy Blade","Feed"],"picked":"SKIP","floor":8},{"not_picked":["Feel No Pain","Sentinel"],"picked":"Dropkick","floor":13},{"not_picked":["Shrug It Off","True Grit"],"picked":"Sever Soul","floor":14}],"player_experience":751153,"relics_obtained":[{"floor":8,"key":"MawBank"},{"floor":9,"key":"Bronze Scales"}],"event_choices":[{"damage_healed":0,"gold_gain":0,"player_choice":"Upgraded","damage_taken":0,"max_hp_gain":0,"max_hp_loss":0,"event_name":"Upgrade Shrine","floor":3,"gold_loss":0,"cards_upgraded":["True Grit"]},{"damage_healed":20,"gold_gain":0,"player_choice":"Healed and dodged fight","damage_taken":0,"max_hp_gain":0,"max_hp_loss":0,"event_name":"Mushrooms","floor":10,"gold_loss":0,"cards_obtained":["Parasite"]},{"damage_healed":0,"gold_gain":0,"player_choice":"Donut","damage_taken":0,"max_hp_gain":5,"max_hp_loss":0,"event_name":"Big Fish","floor":12,"gold_loss":0}],"is_beta":false,"boss_relics":[],"items_purged_floors":[11],"is_endless":false,"potions_floor_spawned":[1,4,8],"killed_by":"Hexaghost","ascension_level":0}