{"gold_per_floor":[112,112,130,147,160,160,110,121,169,185,185,216,216,242,242,337,337,354,371,116,128,128,128,56,56,56,91,91,109,109,509,509,610,610,629,643,743,743,743,770,787,787,865,865,439,439,86,106,106,106],"floor_reached":51,"playtime":2074,"items_purged":[],"score":981,"play_id":"46d3f5e5-10ea-4dbf-9b88-103fda5816c8","local_time":"20190615145127","is_ascension_mode":true,"campfire_choices":[{"data":"Dualcast","floor":6,"key":"SMITH"},{"data":"Fission","floor":15,"key":"SMITH"},{"data":"Loop","floor":23,"key":"SMITH"},{"floor":28,"key":"REST"},{"floor":30,"key":"REST"},{"data":"Capacitor","floor":32,"key":"SMITH"},{"floor":44,"key":"REST"},{"floor":49,"key":"REST"}],"neow_cost":"NONE","seed_source_timestamp":321227574521933,"circlet_count":0,"master_deck":["Defend_B","Defend_B","Defend_B","Defend_B","Zap+1","Dualcast+1","Sweeping Beam+1","Leap","Ball Lightning","Melter","BootSequence","Doom and Gloom+1","Beam Cell","Fission+1","White Noise+1","Machine Learning","Capacitor+1","Loop+1","Go for the Eyes+1","Consume","Seek+1","Glacier+1","Storm+1","Creative AI+1","Sunder+1","Echo Form+1","Undo+1","Reinforced Body+1","Capacitor+1","Stack+1"],"relics":["Cracked Core","Ancient Tea Set","Symbiotic Virus","Mummified Hand","Bag of Preparation","Sozu","Bottled Tornado","Mango","Whetstone","PreservedInsect","Old Coin","Frozen Egg 2","Fusion Hammer","StoneCalendar","Toxic Egg 2","Kunai","Membership Card","Mercury Hourglass","Juzu Bracelet","Runic Capacitor","War Paint","Ornamental Fan"],"potions_floor_usage":[8,10,12,18,19,50],"damage_taken":[{"damage":4,"enemies":"Jaw Worm","floor":1,"turns":3},{"damage":0,"enemies":"Cultist","floor":3,"turns":3},{"damage":0,"enemies":"2 Louse","floor":4,"turns":2},{"damage":3,"enemies":"Blue Slaver","floor":5,"turns":2},{"damage":3,"enemies":"Lots of Slimes","floor":8,"turns":2},{"damage":0,"enemies":"Exordium Thugs","floor":10,"turns":3},{"damage":0,"enemies":"Gremlin Nob","floor":12,"turns":3},{"damage":20,"enemies":"Lagavulin","floor":14,"turns":6},{"damage":22,"enemies":"Hexaghost","floor":16,"turns":9},{"damage":13,"enemies":"2 Thieves","floor":18,"turns":3},{"damage":5,"enemies":"3 Byrds","floor":19,"turns":3},{"damage":15,"enemies":"3 Cultists","floor":21,"turns":4},{"damage":34,"enemies":"Gremlin Leader","floor":27,"turns":5},{"damage":0,"enemies":"Centurion and Healer","floor":29,"turns":5},{"damage":0,"enemies":"Colosseum Slavers","floor":31,"turns":3},{"damage":0,"enemies":"Colosseum Nobs","floor":31,"turns":3},{"damage":17,"enemies":"Champ","floor":33,"turns":7},{"damage":23,"enemies":"3 Darklings","floor":35,"turns":2},{"damage":0,"enemies":"3 Shapes","floor":36,"turns":2},{"damage":1,"enemies":"Mind Bloom Boss Battle","floor":37,"turns":6},{"damage":20,"enemies":"Reptomancer","floor":40,"turns":3},{"damage":0,"enemies":"Sphere and 2 Shapes","floor":41,"turns":3},{"damage":0,"enemies":"3 Darklings","floor":48,"turns":3},{"damage":34,"enemies":"Time Eater","floor":50,"turns":7}],"seed_played":"6917950497475731673","potions_obtained":[{"floor":2,"key":"PowerPotion"},{"floor":2,"key":"Block Potion"},{"floor":2,"key":"EssenceOfSteel"},{"floor":5,"key":"Fire Potion"},{"floor":10,"key":"Dexterity Potion"},{"floor":12,"key":"EssenceOfSteel"},{"floor":16,"key":"Explosive Potion"}],"is_trial":false,"path_per_floor":["M","?","M","M","M","R","?","M","T","M","?","E","T","E","R","B",null,"M","M","$","M","T","R","$","?","T","E","R","M","R","?","R","B",null,"M","M","?","?","?","E","M","?","T","R","$","?","$","M","R","B",null],"character_chosen":"DEFECT","items_purchased":["Bottled Tornado","Consume","Membership Card","Mercury Hourglass","Juzu Bracelet","Reinforced Body+1","Capacitor+1","Runic Capacitor","War Paint","Ornamental Fan","Stack+1"],"campfire_rested":4,"item_purchase_floors":[20,24,45,45,45,45,47,47,47,47,47],"current_hp_per_floor":[64,64,64,64,61,61,61,58,58,58,58,58,58,38,38,16,60,47,42,42,27,41,41,41,41,41,7,33,33,59,59,59,42,77,54,54,53,53,53,33,33,78,78,78,78,78,78,78,78,44],"gold":106,"neow_bonus":"UPGRADE_CARD","is_prod":false,"is_daily":false,"chose_seed":false,"campfire_upgraded":4,"win_rate":0,"timestamp":1560628287,"path_taken":["M","?","M","?","M","R","?","M","T","M","?","E","?","E","R","BOSS","M","M","$","?","?","R","$","?","T","E","R","M","R","?","R","BOSS","M","M","?","?","?","E","?","?","T","R","$","?","$","M","R","BOSS"],"build_version":"2019-01-23","purchased_purges":0,"victory":true,"max_hp_per_floor":[75,75,75,75,75,75,75,75,75,75,75,75,75,75,75,75,75,75,75,75,75,89,89,89,89,89,89,89,89,89,89,89,89,89,89,89,89,89,89,89,89,78,78,78,78,78,78,78,78,78],"card_choices":[{"not_picked":["Beam Cell","Compile Driver"],"picked":"Sweeping Beam","floor":1},{"not_picked":["Conserve Battery","Double Energy"],"picked":"Leap","floor":3},{"not_picked":["Streamline","Gash"],"picked":"Ball Lightning","floor":4},{"not_picked":["Heatsinks","Reboot"],"picked":"Melter","floor":5},{"not_picked":["Static Discharge","Hologram"],"picked":"BootSequence","floor":8},{"not_picked":["Streamline","Turbo"],"picked":"Doom and Gloom","floor":10},{"not_picked":["Glacier","Streamline"],"picked":"Fission","floor":12},{"not_picked":["Steam","Stack"],"picked":"White Noise","floor":14},{"not_picked":["Rainbow","Amplify"],"picked":"Machine Learning","floor":16},{"not_picked":["Gash","Steam"],"picked":"Capacitor","floor":18},{"not_picked":["Rebound","Skim"],"picked":"Loop","floor":19},{"not_picked":["Ball Lightning+1","Streamline"],"picked":"Go for the Eyes+1","floor":21},{"not_picked":["All For One","Conserve Battery"],"picked":"Glacier+1","floor":27},{"not_picked":["Go for the Eyes","Streamline","Sweeping Beam"],"picked":"SKIP","floor":29},{"not_picked":["Stack","Go for the Eyes"],"picked":"Storm+1","floor":31},{"not_picked":["All For One","Seek"],"picked":"Creative AI+1","floor":33},{"not_picked":["Leap","Go for the Eyes","Coolheaded"],"picked":"SKIP","floor":35},{"not_picked":["Doom and Gloom","Conserve Battery"],"picked":"Sunder+1","floor":36},{"not_picked":["Defragment+1","Go for the Eyes"],"picked":"Echo Form+1","floor":40},{"not_picked":["Hello World+1","Gash"],"picked":"Undo+1","floor":41},{"not_picked":["Hologram+1","Ball Lightning","Melter"],"picked":"SKIP","floor":48}],"player_experience":185564,"relics_obtained":[{"floor":9,"key":"Ancient Tea Set"},{"floor":12,"key":"Symbiotic Virus"},{"floor":13,"key":"Mummified Hand"},{"floor":14,"key":"Bag of Preparation"},{"floor":22,"key":"Mango"},{"floor":26,"key":"Whetstone"},{"floor":27,"key":"PreservedInsect"},{"floor":31,"key":"Old Coin"},{"floor":31,"key":"Frozen Egg 2"},{"floor":37,"key":"StoneCalendar"},{"floor":40,"key":"Toxic Egg 2"},{"floor":43,"key":"Kunai"}],"event_choices":[{"damage_healed":0,"gold_gain":0,"player_choice":"Got Potions","damage_taken":0,"max_hp_gain":0,"max_hp_loss":0,"event_name":"Lab","floor":2,"gold_loss":0},{"cards_removed":["Strike_B"],"damage_healed":0,"gold_gain":0,"player_choice":"Card Removal","damage_taken":0,"max_hp_gain":0,"max_hp_loss":0,"event_name":"The Cleric","floor":7,"gold_loss":50},{"damage_healed":0,"gold_gain":0,"cards_transformed":["Strike_B"],"player_choice":"Change","damage_taken":0,"max_hp_gain":0,"max_hp_loss":0,"event_name":"Living Wall","floor":11,"gold_loss":0,"cards_obtained":["Beam Cell"]},{"damage_healed":0,"gold_gain":0,"cards_transformed":["Strike_B","Strike_B"],"player_choice":"Became Test Subject","damage_taken":0,"max_hp_gain":0,"max_hp_loss":0,"event_name":"Drug Dealer","floor":25,"gold_loss":0,"cards_obtained":["Seek","Hello World"]},{"damage_healed":0,"gold_gain":0,"player_choice":"Fight","damage_taken":0,"max_hp_gain":0,"max_hp_loss":0,"event_name":"Colosseum","floor":31,"gold_loss":0},{"damage_healed":0,"gold_gain":0,"player_choice":"Fought Nobs","damage_taken":0,"max_hp_gain":0,"max_hp_loss":0,"event_name":"Colosseum","floor":31,"gold_loss":0},{"damage_healed":0,"gold_gain":0,"player_choice":"Fight","damage_taken":0,"max_hp_gain":0,"max_hp_loss":0,"event_name":"MindBloom","floor":37,"gold_loss":0},{"cards_removed":["Hello World"],"damage_healed":0,"gold_gain":0,"player_choice":"Removed Power","damage_taken":0,"max_hp_gain":0,"max_hp_loss":0,"event_name":"Falling","floor":38,"gold_loss":0},{"damage_healed":0,"gold_gain":0,"player_choice":"Ignored","damage_taken":0,"max_hp_gain":0,"max_hp_loss":0,"event_name":"Tomb of Lord Red Mask","floor":39,"gold_loss":0},{"damage_healed":78,"gold_gain":0,"player_choice":"Heal","damage_taken":0,"max_hp_gain":0,"max_hp_loss":11,"event_name":"The Moai Head","floor":42,"gold_loss":0},{"damage_healed":0,"gold_gain":0,"player_choice":"Bought 0 Potions","damage_taken":0,"max_hp_gain":0,"max_hp_loss":0,"event_name":"The Woman in Blue","floor":46,"gold_loss":0}],"is_beta":false,"boss_relics":[{"not_picked":["Busted Crown","Black Star"],"picked":"Sozu"},{"not_picked":["Orrery","Astrolabe"],"picked":"Fusion Hammer"}],"items_purged_floors":[],"is_endless":false,"potions_floor_spawned":[5,10,12,16,19,21,29,31,35,36,37],"ascension_level":6}