{"gold_per_floor":[112,126,11,11,11,40,40,54,54,66,101,101,129,142,142,246,246,264,264,45,45,145,157,157,186,186,196,212,212,242,252,252,347,347,360,371,387,387,387,387,387,417,444,458,458,9,9,23,23,23],"floor_reached":50,"playtime":4530,"items_purged":["Strike_B","Strike_B"],"score":663,"play_id":"7c440f1d-a9e8-4ed5-bf71-f7e0af17342b","local_time":"20190406230750","is_ascension_mode":true,"campfire_choices":[{"data":"Zap","floor":7,"key":"SMITH"},{"floor":12,"key":"REST"},{"data":"Undo","floor":15,"key":"SMITH"},{"data":"White Noise","floor":24,"key":"SMITH"},{"data":"Echo Form","floor":29,"key":"SMITH"},{"floor":32,"key":"REST"},{"floor":40,"key":"RECALL"},{"data":"Heatsinks","floor":41,"key":"SMITH"},{"floor":45,"key":"REST"},{"data":"Biased Cognition","floor":47,"key":"SMITH"},{"data":"Reinforced Body","floor":49,"key":"SMITH"}],"neow_cost":"NONE","seed_source_timestamp":1197169430396740,"circlet_count":0,"master_deck":["Defend_B","Defend_B","Defend_B","Defend_B","Zap+1","Dualcast","Machine Learning","Ball Lightning","Cold Snap","Static Discharge","White Noise+1","Conserve Battery","Gash","Undo+1","Electrodynamics","Glacier","Hello World","Heatsinks+1","Echo Form+1","Sunder+1","Hologram","Reinforced Body+1","Biased Cognition+1","Conserve Battery+1","Coolheaded+1","Doom and Gloom"],"relics":["Cracked Core","Ice Cream","Gambling Chip","Meat on the Bone","Bronze Scales","Empty Cage","Oddly Smooth Stone","Symbiotic Virus","WingedGreaves","Mango","Anchor","Snecko Eye","Bottled Tornado","OrangePellets"],"potions_floor_usage":[8,14,16,25,28,30,37,42,48,50,50],"damage_taken":[{"damage":1,"enemies":"Cultist","floor":1,"turns":3},{"damage":0,"enemies":"Small Slimes","floor":2,"turns":2},{"damage":38,"enemies":"Lagavulin","floor":6,"turns":6},{"damage":0,"enemies":"2 Louse","floor":8,"turns":1},{"damage":0,"enemies":"Exordium Thugs","floor":10,"turns":4},{"damage":21,"enemies":"3 Sentries","floor":11,"turns":6},{"damage":25,"enemies":"Gremlin Nob","floor":13,"turns":4},{"damage":6,"enemies":"2 Fungi Beasts","floor":14,"turns":3},{"damage":6,"enemies":"Hexaghost","floor":16,"turns":8},{"damage":2,"enemies":"Shell Parasite","floor":18,"turns":6},{"damage":0,"enemies":"Chosen","floor":23,"turns":4},{"damage":13,"enemies":"Gremlin Leader","floor":25,"turns":6},{"damage":20,"enemies":"Snake Plant","floor":27,"turns":5},{"damage":25,"enemies":"Snecko","floor":28,"turns":6},{"damage":25,"enemies":"Book of Stabbing","floor":30,"turns":5},{"damage":8,"enemies":"Cultist and Chosen","floor":31,"turns":8},{"damage":54,"enemies":"Automaton","floor":33,"turns":11},{"damage":0,"enemies":"3 Darklings","floor":35,"turns":3},{"damage":5,"enemies":"3 Shapes","floor":36,"turns":3},{"damage":28,"enemies":"Spire Growth","floor":37,"turns":5},{"damage":31,"enemies":"Nemesis","floor":42,"turns":8},{"damage":0,"enemies":"Sphere and 2 Shapes","floor":44,"turns":3},{"damage":2,"enemies":"Maw","floor":48,"turns":7},{"damage":89,"enemies":"Awakened One","floor":50,"turns":11}],"seed_played":"8236569955437866935","potions_obtained":[{"floor":1,"key":"Strength Potion"},{"floor":2,"key":"Regen Potion"},{"floor":5,"key":"EssenceOfSteel"},{"floor":5,"key":"Fruit Juice"},{"floor":5,"key":"Explosive Potion"},{"floor":10,"key":"SkillPotion"},{"floor":11,"key":"SpeedPotion"},{"floor":14,"key":"SkillPotion"},{"floor":23,"key":"AttackPotion"},{"floor":28,"key":"FearPotion"},{"floor":33,"key":"FocusPotion"},{"floor":35,"key":"GamblersBrew"},{"floor":44,"key":"SkillPotion"},{"floor":48,"key":"SkillPotion"}],"is_trial":false,"path_per_floor":["M","M","$","?","?","E","R","M","T","M","E","R","E","M","R","B",null,"M","?","$","?","?","M","R","E","T","M","M","R","E","M","R","B",null,"M","M","M","?","?","R","R","E","T","M","R","$","R","M","R","B"],"character_chosen":"DEFECT","items_purchased":["Static Discharge","Oddly Smooth Stone","Hello World","OrangePellets","Ancient Potion","Doom and Gloom"],"campfire_rested":3,"item_purchase_floors":[3,20,20,46,46,46],"current_hp_per_floor":[74,74,74,74,74,36,36,36,36,36,15,37,24,30,30,36,65,63,63,63,63,63,63,63,50,64,56,43,43,30,34,60,18,71,71,66,50,50,50,50,50,31,31,43,69,69,69,67,67,0],"gold":23,"neow_bonus":"ONE_RANDOM_RARE_CARD","is_prod":false,"is_daily":false,"chose_seed":false,"campfire_upgraded":7,"win_rate":0,"timestamp":1554606470,"path_taken":["M","M","?","?","?","E","R","M","T","M","E","R","E","M","R","BOSS","M","?","$","?","?","M","R","E","T","M","M","R","E","?","R","BOSS","M","M","?","?","?","R","R","E","T","?","R","$","R","M","R","BOSS"],"build_version":"2019-01-23","purchased_purges":2,"victory":false,"max_hp_per_floor":[75,75,75,75,75,75,75,75,75,75,75,75,75,75,75,75,75,75,75,75,75,75,75,75,75,89,89,89,89,89,89,89,89,89,89,89,89,89,89,89,89,89,89,89,89,89,89,89,89,89],"card_choices":[{"not_picked":["White Noise","Leap"],"picked":"Ball Lightning","floor":1},{"not_picked":["Leap","Beam Cell"],"picked":"Cold Snap","floor":2},{"not_picked":["Aggregate","Gash"],"picked":"White Noise","floor":6},{"not_picked":["White Noise","Streamline"],"picked":"Conserve Battery","floor":8},{"not_picked":["Buffer","Go for the Eyes"],"picked":"Gash","floor":10},{"not_picked":["Compile Driver","Stack","Beam Cell"],"picked":"SKIP","floor":11},{"not_picked":["Leap","Machine Learning","Rebound"],"picked":"SKIP","floor":13},{"not_picked":["Redo","Melter"],"picked":"Undo","floor":14},{"not_picked":["Hyperbeam","Rainbow"],"picked":"Electrodynamics","floor":16},{"not_picked":["Ball Lightning+1","Double Energy+1"],"picked":"Glacier","floor":18},{"not_picked":["Reprogram+1","Gash"],"picked":"Heatsinks","floor":23},{"not_picked":["Melter+1","Ball Lightning+1","Leap"],"picked":"SKIP","floor":25},{"not_picked":["Coolheaded","Beam Cell"],"picked":"Echo Form","floor":27},{"not_picked":["Barrage+1","Sweeping Beam"],"picked":"Sunder+1","floor":28},{"not_picked":["FTL","Auto Shields+1"],"picked":"Hologram","floor":30},{"not_picked":["Hello World+1","Rip and Tear"],"picked":"Reinforced Body","floor":31},{"not_picked":["Core Surge","Hyperbeam"],"picked":"Biased Cognition","floor":33},{"not_picked":["Turbo+1","Barrage+1","Gash"],"picked":"SKIP","floor":35},{"not_picked":["Ball Lightning+1","Barrage","Turbo"],"picked":"SKIP","floor":36},{"not_picked":["Leap+1","Electrodynamics"],"picked":"Conserve Battery+1","floor":37},{"not_picked":["Cold Snap","Go for the Eyes+1","Conserve Battery"],"picked":"SKIP","floor":42},{"not_picked":["BootSequence+1","Hello World"],"picked":"Coolheaded+1","floor":44},{"not_picked":["Rebound","Turbo","Beam Cell+1"],"picked":"SKIP","floor":48}],"player_experience":372717,"relics_obtained":[{"floor":6,"key":"Ice Cream"},{"floor":9,"key":"Gambling Chip"},{"floor":11,"key":"Meat on the Bone"},{"floor":13,"key":"Bronze Scales"},{"floor":25,"key":"WingedGreaves"},{"floor":26,"key":"Mango"},{"floor":30,"key":"Anchor"},{"floor":42,"key":"Bottled Tornado"}],"event_choices":[{"damage_healed":0,"gold_gain":0,"player_choice":"Leave","damage_taken":0,"max_hp_gain":0,"max_hp_loss":0,"event_name":"The Cleric","floor":4,"gold_loss":0},{"damage_healed":0,"gold_gain":0,"player_choice":"Got Potions","damage_taken":0,"max_hp_gain":0,"max_hp_loss":0,"event_name":"Lab","floor":5,"gold_loss":0},{"damage_healed":0,"gold_gain":0,"player_choice":"Ignored","damage_taken":0,"max_hp_gain":0,"max_hp_loss":0,"event_name":"Vampires","floor":19,"gold_loss":0},{"damage_healed":0,"gold_gain":0,"player_choice":"Stole Relic","damage_taken":0,"relics_obtained":["Symbiotic Virus"],"max_hp_gain":0,"max_hp_loss":0,"event_name":"Addict","floor":21,"gold_loss":0,"cards_obtained":["Shame"]},{"damage_healed":0,"gold_gain":100,"player_choice":"Pray","damage_taken":0,"max_hp_gain":0,"max_hp_loss":0,"event_name":"Golden Shrine","floor":22,"gold_loss":0},{"damage_healed":0,"gold_gain":0,"player_choice":"Memory 1","damage_taken":0,"max_hp_gain":0,"max_hp_loss":0,"event_name":"SensoryStone","floor":38,"gold_loss":0},{"cards_removed":["Shame"],"damage_healed":0,"gold_gain":0,"player_choice":"Removed Curses","damage_taken":0,"max_hp_gain":0,"max_hp_loss":0,"event_name":"Fountain of Cleansing","floor":39,"gold_loss":0}],"is_beta":false,"boss_relics":[{"not_picked":["Philosopher\u0027s Stone","Eternal Feather"],"picked":"Empty Cage"},{"not_picked":["Pandora\u0027s Box","Nuclear Battery"],"picked":"Snecko Eye"}],"items_purged_floors":[3,46],"is_endless":false,"potions_floor_spawned":[1,2,10,11,14,23,28,33,35,44,48],"killed_by":"Awakened One","ascension_level":5}