{"gold_per_floor":[10,30,44,119,132,157,5,5,5,5,18,45,60,95,95,192,192,212,487,7,106,38,38,70,70,97,109,184,184,211,221,221,325,325,341,152,171,171,221,221,31,62,62,0,0,10,26,26,26,26],"floor_reached":51,"playtime":2898,"items_purged":["Strike_G","Regret","Decay","Doubt"],"score":824,"play_id":"acfe2049-aada-462d-b346-e3b76e26f375","local_time":"20190305164654","is_ascension_mode":true,"campfire_choices":[{"data":"Prepared","floor":8,"key":"SMITH"},{"data":"Poisoned Stab","floor":10,"key":"SMITH"},{"floor":15,"key":"REST"},{"data":"Prepared","floor":23,"key":"SMITH"},{"data":"Dodge and Roll","floor":25,"key":"SMITH"},{"floor":29,"key":"REST"},{"floor":32,"key":"REST"},{"floor":40,"key":"REST"},{"floor":45,"key":"REST"},{"floor":49,"key":"REST"}],"neow_cost":"NO_GOLD","seed_source_timestamp":395398400599238,"circlet_count":0,"master_deck":["Defend_G","Defend_G","Defend_G+1","Defend_G","Defend_G","Strike_G","Strike_G","Strike_G","Strike_G","Survivor","Neutralize","PiercingWail+1","Flying Knee","Bane","Poisoned Stab+1","Prepared+1","Flying Knee","Prepared+1","Dodge and Roll+1","PiercingWail","Deadly Poison","Night Terror","Dagger Throw","Noxious Fumes","Dagger Spray","Noxious Fumes","Backflip","Dagger Throw","Footwork+1","Footwork","All Out Attack+1","Footwork","Caltrops","Envenom","Bouncing Flask+1","Eviscerate+1","Dodge and Roll","Flying Knee+1","Crippling Poison+1","Tools of the Trade","Shame","Dodge and Roll+1","Backflip+1"],"relics":["Ring of the Snake","Thread and Needle","Tough Bandages","Shovel","War Paint","Cursed Key","Membership Card","PreservedInsect","Bronze Scales","Strawberry","Prayer Wheel","Velvet Choker","Snake Skull","Ginger","Ice Cream","Vajra","Dream Catcher","Mummified Hand","Red Mask"],"potions_floor_usage":[6,14,16,24,39,47],"damage_taken":[{"damage":0,"enemies":"Cultist","floor":1,"turns":5},{"damage":0,"enemies":"Jaw Worm","floor":2,"turns":5},{"damage":0,"enemies":"Small Slimes","floor":3,"turns":3},{"damage":0,"enemies":"Exordium Thugs","floor":5,"turns":5},{"damage":8,"enemies":"Gremlin Nob","floor":6,"turns":3},{"damage":0,"enemies":"3 Louse","floor":11,"turns":3},{"damage":4,"enemies":"Lagavulin","floor":12,"turns":7},{"damage":0,"enemies":"2 Fungi Beasts","floor":13,"turns":4},{"damage":11,"enemies":"Gremlin Nob","floor":14,"turns":4},{"damage":2,"enemies":"Hexaghost","floor":16,"turns":10},{"damage":13,"enemies":"Spheric Guardian","floor":18,"turns":6},{"damage":17,"enemies":"Slavers","floor":24,"turns":6},{"damage":0,"enemies":"3 Byrds","floor":27,"turns":3},{"damage":12,"enemies":"Gremlin Leader","floor":30,"turns":5},{"damage":0,"enemies":"Cultist and Chosen","floor":31,"turns":6},{"damage":25,"enemies":"Champ","floor":33,"turns":14},{"damage":20,"enemies":"3 Shapes","floor":35,"turns":4},{"damage":0,"enemies":"Orb Walker","floor":37,"turns":3},{"damage":44,"enemies":"2 Orb Walkers","floor":39,"turns":6},{"damage":18,"enemies":"Nemesis","floor":42,"turns":5},{"damage":20,"enemies":"Maw","floor":46,"turns":7},{"damage":13,"enemies":"Spire Growth","floor":47,"turns":4},{"damage":23,"enemies":"Donu and Deca","floor":50,"turns":8}],"seed_played":"-5464883124728541343","potions_obtained":[{"floor":3,"key":"Fire Potion"},{"floor":12,"key":"LiquidBronze"},{"floor":13,"key":"PowerPotion"},{"floor":16,"key":"Block Potion"},{"floor":24,"key":"Poison Potion"},{"floor":27,"key":"Strength Potion"},{"floor":47,"key":"GhostInAJar"}],"is_trial":false,"path_per_floor":["M","M","M","?","M","E","$","R","T","R","M","E","M","E","R","B",null,"M","?","$","?","$","R","E","R","T","M","?","R","E","M","R","B",null,"M","$","M","T","?","R","$","E","T","?","R","M","M","?","R","B",null],"character_chosen":"THE_SILENT","items_purchased":["Flying Knee","Prepared","Noxious Fumes","Membership Card","Dagger Spray","PreservedInsect","Noxious Fumes","Backflip","Dagger Throw","Snake Skull","Dexterity Potion","Dodge and Roll","EssenceOfSteel","Vajra"],"campfire_rested":6,"item_purchase_floors":[7,7,20,20,20,20,22,22,22,36,36,36,41,41],"current_hp_per_floor":[70,70,70,59,59,51,51,51,51,51,51,47,47,36,57,55,70,57,57,57,57,57,57,40,40,47,47,40,63,51,51,74,49,77,57,57,57,57,13,36,36,18,18,18,41,21,8,8,31,8],"gold":26,"neow_bonus":"ONE_RARE_RELIC","is_prod":false,"is_daily":false,"chose_seed":false,"campfire_upgraded":4,"win_rate":0,"timestamp":1551822414,"path_taken":["M","M","?","?","M","E","$","R","T","R","M","E","M","E","R","BOSS","M","?","?","?","$","R","E","R","T","M","?","R","E","M","R","BOSS","M","$","M","?","?","R","$","E","T","?","R","M","M","?","R","BOSS"],"build_version":"2019-01-23","purchased_purges":4,"victory":true,"max_hp_per_floor":[70,70,70,70,70,70,70,70,70,70,70,70,70,70,70,70,70,70,70,70,70,70,70,70,70,77,77,77,77,77,77,77,77,77,77,77,77,77,77,77,77,77,77,77,77,77,77,77,77,77],"card_choices":[{"not_picked":["Underhanded Strike","Concentrate"],"picked":"PiercingWail","floor":1},{"not_picked":["Blur","Endless Agony"],"picked":"Flying Knee","floor":2},{"not_picked":["Prepared","Blade Dance"],"picked":"Bane","floor":3},{"not_picked":["Finisher","Quick Slash"],"picked":"Poisoned Stab","floor":5},{"not_picked":["Phantasmal Killer","Cloak And Dagger"],"picked":"Prepared","floor":6},{"not_picked":["Poisoned Stab","Accuracy"],"picked":"Dodge and Roll","floor":11},{"not_picked":["Glass Knife","Catalyst"],"picked":"PiercingWail","floor":12},{"not_picked":["Prepared","Masterful Stab"],"picked":"Deadly Poison","floor":13},{"not_picked":["Accuracy","Quick Slash","Prepared"],"picked":"SKIP","floor":14},{"not_picked":["Die Die Die","Bullet Time"],"picked":"Night Terror","floor":16},{"not_picked":["Poisoned Stab","Underhanded Strike"],"picked":"Dagger Throw","floor":18},{"not_picked":["Tactician","Heel Hook"],"picked":"Footwork+1","floor":24},{"not_picked":["Dodge and Roll+1","Infinite Blades"],"picked":"Footwork","floor":27},{"not_picked":["Deflect","PiercingWail+1"],"picked":"All Out Attack+1","floor":30},{"not_picked":["Die Die Die","Bouncing Flask"],"picked":"Footwork","floor":31},{"not_picked":["Footwork","Poisoned Stab"],"picked":"Caltrops","floor":31},{"not_picked":["Phantasmal Killer","Night Terror"],"picked":"Envenom","floor":33},{"not_picked":["Deadly Poison","Tactician"],"picked":"Bouncing Flask+1","floor":35},{"not_picked":["Deflect","Slice+1"],"picked":"Eviscerate+1","floor":35},{"not_picked":["Acrobatics","Deflect+1"],"picked":"Flying Knee+1","floor":37},{"not_picked":["Heel Hook+1","Flying Knee","Escape Plan+1"],"picked":"SKIP","floor":37},{"not_picked":["Setup+1","Acrobatics"],"picked":"Crippling Poison+1","floor":39},{"not_picked":["Flying Knee","Finisher+1"],"picked":"Tools of the Trade","floor":42},{"not_picked":["Quick Slash","Catalyst"],"picked":"Dodge and Roll+1","floor":45},{"not_picked":["Expertise+1","PiercingWail+1","Choke"],"picked":"SKIP","floor":46},{"not_picked":["Blade Dance","Bane","Noxious Fumes"],"picked":"SKIP","floor":46},{"not_picked":["Heel Hook","Distraction"],"picked":"Backflip+1","floor":47},{"not_picked":["Finisher","Slice+1","Endless Agony"],"picked":"SKIP","floor":47}],"player_experience":285767,"relics_obtained":[{"floor":6,"key":"Tough Bandages"},{"floor":12,"key":"Shovel"},{"floor":14,"key":"War Paint"},{"floor":24,"key":"Bronze Scales"},{"floor":26,"key":"Strawberry"},{"floor":30,"key":"Prayer Wheel"},{"floor":38,"key":"Ginger"},{"floor":39,"key":"Ice Cream"},{"floor":42,"key":"Dream Catcher"},{"floor":43,"key":"Mummified Hand"}],"event_choices":[{"damage_healed":0,"gold_gain":75,"player_choice":"Gather Gold","damage_taken":11,"max_hp_gain":0,"max_hp_loss":0,"event_name":"World of Goop","floor":4,"gold_loss":0},{"damage_healed":0,"gold_gain":275,"player_choice":"Desecrate","damage_taken":0,"max_hp_gain":0,"max_hp_loss":0,"event_name":"Golden Shrine","floor":19,"gold_loss":0,"cards_obtained":["Regret"]},{"damage_healed":0,"gold_gain":99,"player_choice":"Stole From Cult","damage_taken":0,"max_hp_gain":0,"max_hp_loss":0,"event_name":"Nest","floor":21,"gold_loss":0},{"damage_healed":0,"gold_gain":75,"player_choice":"Touch","damage_taken":7,"max_hp_gain":0,"max_hp_loss":0,"event_name":"FaceTrader","floor":28,"gold_loss":0},{"damage_healed":0,"gold_gain":0,"player_choice":"Fight","damage_taken":0,"max_hp_gain":0,"max_hp_loss":0,"event_name":"Mysterious Sphere","floor":39,"gold_loss":0},{"damage_healed":0,"gold_gain":0,"player_choice":"Paid","damage_taken":0,"relics_obtained":["Red Mask"],"max_hp_gain":0,"max_hp_loss":0,"event_name":"Tomb of Lord Red Mask","floor":44,"gold_loss":62},{"damage_healed":0,"gold_gain":0,"player_choice":"Memory 1","damage_taken":0,"max_hp_gain":0,"max_hp_loss":0,"event_name":"SensoryStone","floor":48,"gold_loss":0}],"is_beta":false,"boss_relics":[{"not_picked":["Sozu","Philosopher\u0027s Stone"],"picked":"Cursed Key"},{"not_picked":["WristBlade","HoveringKite"],"picked":"Velvet Choker"}],"items_purged_floors":[7,20,36,41],"is_endless":false,"potions_floor_spawned":[3,12,13,16,24,27,37,47],"ascension_level":2}