{"gold_per_floor":[109,121,139,155,120,146,146,157,204,279,306,306,64,90,90,192,192,211,211,229,249,66,91,91,126,156,9,21,21,31,31,31,31],"floor_reached":33,"playtime":1975,"items_purged":[],"score":467,"play_id":"c883446f-1f08-4f7e-bb60-b4167bcf71ee","local_time":"20190622090839","is_ascension_mode":true,"campfire_choices":[{"floor":7.0,"key":"REST"},{"data":"True Grit","floor":12.0,"key":"SMITH"},{"data":"Fire Breathing","floor":15,"key":"SMITH"},{"data":"Feel No Pain","floor":24,"key":"SMITH"},{"floor":32,"key":"REST"}],"neow_cost":"NONE","seed_source_timestamp":131028639368206,"circlet_count":0,"master_deck":["Strike_R+1","Strike_R+1","Defend_R+1","Defend_R+1","Defend_R+1","Defend_R+1","Bash","Offering","Flame Barrier","Fire Breathing+1","Pommel Strike","Wild Strike","Feed","True Grit+1","Feed","Feel No Pain+1","Dark Embrace","Inflame+1","Brutality+1","Burning Pact+1","Thunderclap+1","Seeing Red+1","Juggernaut","Rage","Reaper","Dual Wield","Rampage+1"],"special_seed":0,"relics":["Burning Blood","Question Card","Smiling Mask","Meat on the Bone","Bronze Scales","Omamori","Astrolabe","Mercury Hourglass","Regal Pillow","Tiny Chest","Bag of Preparation","WarpedTongs"],"potions_floor_usage":[14,14,16,20,23,23],"damage_taken":[{"damage":11.0,"enemies":"Cultist","floor":1.0,"turns":4.0},{"damage":0.0,"enemies":"Small Slimes","floor":2.0,"turns":3.0},{"damage":7.0,"enemies":"Jaw Worm","floor":3.0,"turns":4.0},{"damage":24.0,"enemies":"Large Slime","floor":4.0,"turns":4.0},{"damage":47.0,"enemies":"Lagavulin","floor":6.0,"turns":8.0},{"damage":15.0,"enemies":"3 Louse","floor":8.0,"turns":2.0},{"damage":28.0,"enemies":"3 Sentries","floor":11.0,"turns":7.0},{"damage":7,"enemies":"Lagavulin","floor":14,"turns":9},{"damage":21,"enemies":"Slime Boss","floor":16,"turns":11},{"damage":21,"enemies":"3 Byrds","floor":18,"turns":3},{"damage":36,"enemies":"Spheric Guardian","floor":20,"turns":6},{"damage":18,"enemies":"Snake Plant","floor":21,"turns":6},{"damage":14,"enemies":"Gremlin Leader","floor":23,"turns":7},{"damage":53,"enemies":"Book of Stabbing","floor":25,"turns":6},{"damage":33,"enemies":"Centurion and Healer","floor":28,"turns":8},{"damage":23,"enemies":"Snecko","floor":30,"turns":4},{"damage":88,"enemies":"Collector","floor":33,"turns":7}],"seed_played":"959426254908338507","potions_obtained":[{"floor":3.0,"key":"GamblersBrew"},{"floor":6.0,"key":"Dexterity Potion"},{"floor":8.0,"key":"AttackPotion"},{"floor":14,"key":"Explosive Potion"},{"floor":16,"key":"Explosive Potion"},{"floor":18,"key":"BloodPotion"},{"floor":20,"key":"Explosive Potion"}],"is_trial":false,"path_per_floor":["M","M","M","M","?","E","R","M","T","?","E","R","$","E","R","B",null,"M","?","M","M","$","E","R","E","T","$","M","?","M","?","R","B"],"character_chosen":"IRONCLAD","items_purchased":["Bronze Scales","Fire Potion","Feel No Pain","Juggernaut","Rage","Bag of Preparation"],"campfire_rested":2,"item_purchase_floors":[13,13,13,22,22,27],"current_hp_per_floor":[67,73,72,54,74,33,57,51,51,40,21,21,21,32,32,29,72,60,60,53,56,56,63,63,28,28,28,31,31,26,26,72,0],"gold":31,"neow_bonus":"ONE_RANDOM_RARE_CARD","is_prod":false,"is_daily":false,"chose_seed":false,"campfire_upgraded":3,"win_rate":0,"timestamp":1561212519,"path_taken":["M","M","M","?","?","E","R","M","T","?","E","R","$","E","R","BOSS","M","?","M","M","$","E","R","E","T","$","M","?","M","?","R","BOSS"],"build_version":"2019-01-23","purchased_purges":0,"victory":false,"max_hp_per_floor":[80,80,80,80,80,80,80,83,83,83,86,86,86,86,86,86,86,89,89,92,95,95,98,98,98,98,98,104,104,104,104,104,104],"card_choices":[{"not_picked":["Heavy Blade","Pummel"],"picked":"Flame Barrier","floor":1.0},{"not_picked":["Clash","Heavy Blade"],"picked":"Fire Breathing","floor":2.0},{"not_picked":["Rage","Seeing Red"],"picked":"Pommel Strike","floor":3.0},{"not_picked":["Armaments","Warcry"],"picked":"Wild Strike","floor":4.0},{"not_picked":["Cleave","Uppercut"],"picked":"Feed","floor":6.0},{"not_picked":["Warcry","Wild Strike","Havoc"],"picked":"True Grit","floor":8.0},{"not_picked":["Seeing Red","Wild Strike","Thunderclap"],"picked":"Feed","floor":11.0},{"not_picked":["Body Slam","Clothesline","Iron Wave","Dropkick"],"picked":"SKIP","floor":14},{"not_picked":["Berserk","Limit Break","Double Tap"],"picked":"Dark Embrace","floor":16},{"not_picked":["Body Slam+1","Havoc","Headbutt"],"picked":"Thunderclap+1","floor":18},{"not_picked":["Dual Wield","Twin Strike","Anger+1"],"picked":"Seeing Red+1","floor":20},{"not_picked":["Bloodletting","Cleave","Perfected Strike","Hemokinesis"],"picked":"SKIP","floor":21},{"not_picked":["Sever Soul+1","Clash+1","Warcry+1"],"picked":"Reaper","floor":23},{"not_picked":["Burning Pact","Havoc","Carnage"],"picked":"Dual Wield","floor":25},{"not_picked":["Heavy Blade","Thunderclap","Clash","Fire Breathing"],"picked":"SKIP","floor":28},{"not_picked":["Twin Strike","Feel No Pain+1","Headbutt"],"picked":"Rampage+1","floor":30}],"player_experience":237356,"relics_obtained":[{"floor":6.0,"key":"Question Card"},{"floor":9.0,"key":"Smiling Mask"},{"floor":11.0,"key":"Meat on the Bone"},{"floor":14,"key":"Omamori"},{"floor":23,"key":"Mercury Hourglass"},{"floor":25,"key":"Regal Pillow"},{"floor":26,"key":"Tiny Chest"}],"event_choices":[{"damage_healed":20.0,"max_hp_gain":0.0,"max_hp_loss":0.0,"gold_gain":0.0,"event_name":"The Cleric","player_choice":"Healed","floor":5.0,"gold_loss":35.0,"damage_taken":0.0},{"damage_healed":0.0,"max_hp_gain":0.0,"max_hp_loss":0.0,"gold_gain":75.0,"event_name":"World of Goop","player_choice":"Gather Gold","floor":10.0,"gold_loss":0.0,"damage_taken":11.0},{"damage_healed":0,"gold_gain":0,"player_choice":"Ignored","damage_taken":0,"max_hp_gain":0,"max_hp_loss":0,"event_name":"Beggar","floor":19,"gold_loss":0},{"damage_healed":0,"gold_gain":0,"player_choice":"Simplicity","damage_taken":0,"max_hp_gain":0,"max_hp_loss":0,"event_name":"Back to Basics","floor":29,"gold_loss":0,"cards_upgraded":["Strike_R","Strike_R","Defend_R","Defend_R","Defend_R","Defend_R"]},{"damage_healed":0,"gold_gain":0,"player_choice":"Rummage","damage_taken":0,"relics_obtained":["WarpedTongs"],"max_hp_gain":0,"max_hp_loss":0,"event_name":"Accursed Blacksmith","floor":31,"gold_loss":0,"cards_obtained":["Pain"]}],"is_beta":false,"boss_relics":[{"not_picked":["Lizard Tail","Busted Crown"],"picked":"Astrolabe"}],"items_purged_floors":[],"is_endless":false,"potions_floor_spawned":[3,6,8,14,16,18,20],"killed_by":"Collector","ascension_level":9}