{"gold_per_floor":[114,131,206,221,72,102,102,102,102,127,127,144,174,174,174,278,278,295,394,39,54,54,54,82,82],"floor_reached":25,"playtime":1307,"items_purged":["Strike_G"],"score":332,"play_id":"82477ac6-59a1-448f-8188-bc191a1d20a2","local_time":"20190819123934","is_ascension_mode":true,"campfire_choices":[{"floor":8,"key":"REST"},{"floor":11,"key":"REST"},{"floor":15,"key":"REST"},{"floor":23,"key":"REST"}],"neow_cost":"NONE","seed_source_timestamp":8976080077400,"circlet_count":0,"master_deck":["Strike_G+1","Strike_G+1","Strike_G","Defend_G","Defend_G+1","Defend_G","Defend_G","Defend_G","Survivor","Neutralize","Noxious Fumes","Cloak And Dagger","Deadly Poison","Calculated Gamble+1","Die Die Die","Corpse Explosion","Envenom","Footwork","PiercingWail","Accuracy","Dodge and Roll+1"],"relics":["Ring of the Snake","Whetstone","Pantograph","Nunchaku","War Paint","Cursed Key","Regal Pillow","Thread and Needle"],"potions_floor_usage":[2,12,16],"damage_taken":[{"damage":0,"enemies":"2 Louse","floor":1,"turns":3},{"damage":0,"enemies":"Small Slimes","floor":2,"turns":5},{"damage":5,"enemies":"Jaw Worm","floor":4,"turns":6},{"damage":24,"enemies":"3 Sentries","floor":6,"turns":7},{"damage":28,"enemies":"Lagavulin","floor":10,"turns":9},{"damage":19,"enemies":"Large Slime","floor":12,"turns":5},{"damage":17,"enemies":"3 Sentries","floor":13,"turns":5},{"damage":22,"enemies":"The Guardian","floor":16,"turns":9},{"damage":22,"enemies":"2 Thieves","floor":18,"turns":3},{"damage":0,"enemies":"Chosen","floor":21,"turns":6},{"damage":57,"enemies":"Book of Stabbing","floor":24,"turns":8},{"damage":20,"enemies":"3 Cultists","floor":25,"turns":3}],"seed_played":"-1517733811496050932","potions_obtained":[{"floor":1,"key":"Poison Potion"},{"floor":10,"key":"FearPotion"},{"floor":13,"key":"Dexterity Potion"},{"floor":18,"key":"Explosive Potion"},{"floor":21,"key":"Ancient Potion"}],"is_trial":false,"path_per_floor":["M","M","?","M","$","E","?","R","T","E","R","M","E","?","R","B",null,"M","?","$","M","?","R","E","M"],"character_chosen":"THE_SILENT","items_purchased":["Calculated Gamble","Die Die Die","Footwork","PiercingWail","Regal Pillow"],"campfire_rested":4,"item_purchase_floors":[5,5,20,20,20],"current_hp_per_floor":[70,70,59,54,54,30,30,53,53,25,48,29,12,12,35,38,67,45,45,45,45,45,77,20,0],"gold":82,"neow_bonus":"TEN_PERCENT_HP_BONUS","is_prod":false,"is_daily":false,"chose_seed":false,"campfire_upgraded":0,"win_rate":0,"timestamp":1566214774,"path_taken":["M","M","?","M","$","E","?","R","T","E","R","M","E","?","R","BOSS","M","?","$","M","?","R","E","?"],"build_version":"2019-07-17","purchased_purges":1,"victory":false,"max_hp_per_floor":[77,77,77,77,77,77,77,77,77,77,77,77,77,77,77,77,77,77,77,77,77,77,77,77,77],"card_choices":[{"not_picked":["Prepared","Blade Dance"],"picked":"Noxious Fumes","floor":1},{"not_picked":["Dagger Spray","All Out Attack"],"picked":"Cloak And Dagger","floor":2},{"not_picked":["PiercingWail","Dodge and Roll"],"picked":"Deadly Poison","floor":4},{"not_picked":["Underhanded Strike","Cloak And Dagger","PiercingWail"],"picked":"SKIP","floor":6},{"not_picked":["Choke","Quick Slash","Underhanded Strike"],"picked":"SKIP","floor":10},{"not_picked":["Prepared","Sucker Punch"],"picked":"Corpse Explosion","floor":12},{"not_picked":["Slice","Dagger Throw","Dodge and Roll"],"picked":"SKIP","floor":13},{"not_picked":["Glass Knife","Storm of Steel"],"picked":"Envenom","floor":16},{"not_picked":["Underhanded Strike","Dagger Spray+1","Prepared"],"picked":"SKIP","floor":18},{"not_picked":["Deadly Poison","Blade Dance","Slice"],"picked":"SKIP","floor":21},{"not_picked":["Wraith Form v2","Blur"],"picked":"Dodge and Roll+1","floor":24}],"player_experience":435691,"relics_obtained":[{"floor":6,"key":"Whetstone"},{"floor":9,"key":"Pantograph"},{"floor":10,"key":"Nunchaku"},{"floor":13,"key":"War Paint"},{"floor":24,"key":"Thread and Needle"}],"event_choices":[{"damage_healed":0,"gold_gain":75,"player_choice":"Gather Gold","damage_taken":11,"max_hp_gain":0,"max_hp_loss":0,"event_name":"World of Goop","floor":3,"gold_loss":0},{"damage_healed":0,"gold_gain":0,"player_choice":"Searched \u00271\u0027 times","damage_taken":0,"max_hp_gain":0,"max_hp_loss":0,"event_name":"Dead Adventurer","floor":7,"gold_loss":0},{"damage_healed":0,"gold_gain":0,"player_choice":"Ignored","damage_taken":0,"max_hp_gain":0,"max_hp_loss":0,"event_name":"Shining Light","floor":14,"gold_loss":0},{"damage_healed":0,"gold_gain":99,"player_choice":"Stole From Cult","damage_taken":0,"max_hp_gain":0,"max_hp_loss":0,"event_name":"Nest","floor":19,"gold_loss":0},{"damage_healed":0,"gold_gain":0,"cards_transformed":["Strike_G"],"player_choice":"Transformed","damage_taken":0,"max_hp_gain":0,"max_hp_loss":0,"event_name":"Transmorgrifier","floor":22,"gold_loss":0,"cards_obtained":["Accuracy"]}],"is_beta":false,"boss_relics":[{"not_picked":["Runic Dome","Astrolabe"],"picked":"Cursed Key"}],"items_purged_floors":[20],"is_endless":false,"potions_floor_spawned":[1,10,13,18,21],"killed_by":"3 Cultists","ascension_level":8}