{"gold_per_floor":[114,128,143,155,171,202,267,232,303,303,330,10,10,21,21,21],"floor_reached":16,"playtime":643,"items_purged":[],"score":140,"play_id":"c182cb8e-e700-4019-b583-a3700689bd9c","local_time":"20190613185119","is_ascension_mode":true,"campfire_choices":[{"data":"Zap","floor":10,"key":"SMITH"},{"floor":13,"key":"REST"},{"data":"Darkness","floor":15,"key":"SMITH"}],"neow_cost":"NONE","seed_source_timestamp":164295111580886,"circlet_count":0,"master_deck":["Strike_B","Strike_B","Strike_B","Strike_B","Defend_B","Defend_B+1","Defend_B","Zap+1","Dualcast","Steam+1","Leap","Static Discharge","Seek","Rebound","Self Repair","Conserve Battery","Darkness+1","Compile Driver+1"],"relics":["Cracked Core","Symbiotic Virus","Ginger","Matryoshka","War Paint","Molten Egg 2"],"potions_floor_usage":[6,7,11],"damage_taken":[{"damage":6,"enemies":"Cultist","floor":1,"turns":3},{"damage":8,"enemies":"2 Louse","floor":2,"turns":3},{"damage":7,"enemies":"Jaw Worm","floor":3,"turns":4},{"damage":10,"enemies":"Exordium Wildlife","floor":4,"turns":4},{"damage":4,"enemies":"Red Slaver","floor":5,"turns":5},{"damage":22,"enemies":"Lagavulin","floor":6,"turns":7},{"damage":5,"enemies":"Lagavulin Event","floor":7,"turns":5},{"damage":27,"enemies":"Gremlin Nob","floor":11,"turns":4},{"damage":11,"enemies":"Exordium Thugs","floor":14,"turns":4},{"damage":32,"enemies":"The Guardian","floor":16,"turns":8}],"seed_played":"5566519858949590117","potions_obtained":[{"floor":2,"key":"Dexterity Potion"},{"floor":4,"key":"SpeedPotion"},{"floor":7,"key":"GamblersBrew"},{"floor":11,"key":"SteroidPotion"},{"floor":14,"key":"FocusPotion"}],"is_trial":false,"path_per_floor":["M","M","M","M","M","E","?","?","T","R","E","$","R","M","R","B"],"character_chosen":"DEFECT","items_purchased":["Molten Egg 2","Darkness"],"campfire_rested":1,"item_purchase_floors":[12,12],"current_hp_per_floor":[69,61,54,44,40,18,13,31,31,31,11,11,33,29,29,0],"gold":21,"neow_bonus":"REMOVE_CARD","is_prod":false,"is_daily":false,"chose_seed":false,"campfire_upgraded":2,"win_rate":0,"timestamp":1560469879,"path_taken":["M","?","M","M","M","E","?","?","T","R","E","?","R","M","R","BOSS"],"build_version":"2019-01-23","purchased_purges":0,"victory":false,"max_hp_per_floor":[75,75,75,75,75,75,75,75,75,75,75,75,75,75,75,75],"card_choices":[{"not_picked":["Go for the Eyes","Rebound"],"picked":"Steam","floor":1},{"not_picked":["Barrage","Gash"],"picked":"Leap","floor":2},{"not_picked":["Gash","Turbo","Stack"],"picked":"SKIP","floor":3},{"not_picked":["Go for the Eyes","Reinforced Body"],"picked":"Static Discharge","floor":4},{"not_picked":["Hologram","Leap"],"picked":"Seek","floor":5},{"not_picked":["Streamline","Leap"],"picked":"Rebound","floor":6},{"not_picked":["Turbo","Beam Cell"],"picked":"Self Repair","floor":7},{"not_picked":["White Noise","Sweeping Beam"],"picked":"Conserve Battery","floor":11},{"not_picked":["Hologram","Turbo"],"picked":"Compile Driver+1","floor":14}],"player_experience":170484,"relics_obtained":[{"floor":6,"key":"Symbiotic Virus"},{"floor":7,"key":"Ginger"},{"floor":9,"key":"Matryoshka"},{"floor":11,"key":"War Paint"}],"event_choices":[{"damage_healed":0,"gold_gain":30,"player_choice":"Searched \u00272\u0027 times","damage_taken":0,"max_hp_gain":0,"max_hp_loss":0,"event_name":"Dead Adventurer","floor":7,"gold_loss":0},{"damage_healed":18,"gold_gain":0,"player_choice":"Healed","damage_taken":0,"max_hp_gain":0,"max_hp_loss":0,"event_name":"The Cleric","floor":8,"gold_loss":35}],"is_beta":false,"boss_relics":[],"items_purged_floors":[],"is_endless":false,"potions_floor_spawned":[2,4,7,11,14],"killed_by":"The Guardian","ascension_level":5}