{"gold_per_floor":[118,118,118,130,141,141,173,139,139,139,154,154,183,195,195,294,294,304,286,286,303,313,348,365,365,418,418,518,518,546,546,546,645,645,664,664,681,681,312,312,345,361,361,361,396,396,426,443,443,443],"floor_reached":51,"playtime":2454,"items_purged":["Strike_R"],"score":1211,"play_id":"5108fc7e-5eef-4d9c-a87b-94656ee9ce4b","local_time":"20190623010959","is_ascension_mode":true,"campfire_choices":[{"data":"Twin Strike","floor":6.0,"key":"SMITH"},{"data":"Inflame","floor":15.0,"key":"SMITH"},{"floor":25.0,"key":"REST"},{"data":"True Grit","floor":27.0,"key":"SMITH"},{"data":"Demon Form","floor":29,"key":"SMITH"},{"data":"Body Slam","floor":32,"key":"SMITH"},{"data":"Flame Barrier","floor":40,"key":"SMITH"},{"floor":44,"key":"REST"},{"data":"Double Tap","floor":46,"key":"SMITH"},{"data":"Battle Trance","floor":49,"key":"SMITH"}],"neow_cost":"NONE","seed_source_timestamp":188114163734338,"circlet_count":0,"master_deck":["AscendersBane","Strike_R","Strike_R","Strike_R","Strike_R+1","Defend_R","Defend_R","Defend_R","Defend_R+1","Bash+1","Shrug It Off","Clothesline","Shrug It Off","Twin Strike+1","Flame Barrier+1","Inflame+1","Iron Wave+1","Reaper","Reaper+1","Body Slam+1","Flex+1","True Grit+1","Demon Form+1","Seeing Red+1","Seeing Red","Headbutt+1","Double Tap+1","Sword Boomerang+1","Mind Blast+1","Perfected Strike+1","Madness","Madness","Sword Boomerang+1","Intimidate+1","Battle Trance+1","Ghostly Armor+1"],"special_seed":0,"relics":["Burning Blood","Letter Opener","Anchor","Happy Flower","Orichalcum","Black Star","Nunchaku","Molten Egg 2","Dodecahedron","Bag of Preparation","Unceasing Top","Bottled Tornado","Question Card","Gambling Chip","Sozu","Ginger","Smiling Mask","Gremlin Horn","Art of War","Calipers","Magic Flower","Strawberry","Whetstone"],"potions_floor_usage":[28,30,33,47],"damage_taken":[{"damage":5.0,"enemies":"2 Louse","floor":1.0,"turns":4.0},{"damage":7.0,"enemies":"Jaw Worm","floor":4.0,"turns":4.0},{"damage":2.0,"enemies":"Small Slimes","floor":5.0,"turns":4.0},{"damage":22.0,"enemies":"Gremlin Nob","floor":7.0,"turns":4.0},{"damage":2.0,"enemies":"Gremlin Gang","floor":11.0,"turns":6.0},{"damage":13.0,"enemies":"3 Sentries","floor":13.0,"turns":7.0},{"damage":0.0,"enemies":"Red Slaver","floor":14.0,"turns":4.0},{"damage":18.0,"enemies":"Slime Boss","floor":16.0,"turns":8.0},{"damage":18.0,"enemies":"Shell Parasite","floor":18.0,"turns":6.0},{"damage":12.0,"enemies":"2 Thieves","floor":19.0,"turns":4.0},{"damage":37.0,"enemies":"Snake Plant","floor":21.0,"turns":5.0},{"damage":10.0,"enemies":"Centurion and Healer","floor":22.0,"turns":6.0},{"damage":45.0,"enemies":"Book of Stabbing","floor":23.0,"turns":7.0},{"damage":41.0,"enemies":"Shelled Parasite and Fungi","floor":24.0,"turns":6.0},{"damage":30,"enemies":"Colosseum Slavers","floor":28,"turns":8},{"damage":33,"enemies":"Colosseum Nobs","floor":28,"turns":7},{"damage":64,"enemies":"Slavers","floor":30,"turns":7},{"damage":86,"enemies":"Collector","floor":33,"turns":9},{"damage":1,"enemies":"3 Shapes","floor":35,"turns":3},{"damage":20,"enemies":"3 Darklings","floor":37,"turns":4},{"damage":20,"enemies":"Nemesis","floor":41,"turns":5},{"damage":24,"enemies":"Maw","floor":42,"turns":6},{"damage":23,"enemies":"Giant Head","floor":45,"turns":6},{"damage":44,"enemies":"Nemesis","floor":47,"turns":7},{"damage":0,"enemies":"4 Shapes","floor":48,"turns":4},{"damage":75,"enemies":"Awakened One","floor":50,"turns":7}],"seed_played":"194694442359672040","potions_obtained":[{"floor":5.0,"key":"Fire Potion"},{"floor":11.0,"key":"AttackPotion"},{"floor":16.0,"key":"PowerPotion"},{"floor":18.0,"key":"Block Potion"},{"floor":23.0,"key":"Dexterity Potion"},{"floor":28,"key":"Block Potion"},{"floor":30,"key":"LiquidBronze"},{"floor":33,"key":"GamblersBrew"}],"is_trial":false,"path_per_floor":["M","?","?","M","M","R","E","$","T","T","M","?","E","M","R","B",null,"M","M","T","M","M","E","M","R","T","R","?","R","E","?","R","B",null,"M","?","M","?","$","R","E","M","T","R","E","R","E","M","R","B",null],"character_chosen":"IRONCLAD","items_purchased":["Inflame","Ginger"],"campfire_rested":2,"item_purchase_floors":[8,39],"current_hp_per_floor":[73,57,57,56,60,60,44,44,44,44,48,48,41,47,47,35,69,57,64,64,33,63,31,20,44,44,44,59,59,57,57,57,42,71,80,80,80,70,70,70,73,55,55,79,64,64,38,87,87,69],"gold":443,"neow_bonus":"THREE_CARDS","is_prod":false,"is_daily":false,"chose_seed":false,"campfire_upgraded":8,"win_rate":0,"timestamp":1561270199,"path_taken":["M","?","?","M","M","R","E","$","T","?","M","?","E","M","R","BOSS","M","?","?","M","?","E","M","R","T","R","?","R","E","?","R","BOSS","M","?","M","?","$","R","E","M","T","R","E","R","E","M","R","BOSS"],"build_version":"2019-01-23","purchased_purges":1,"victory":true,"max_hp_per_floor":[80,80,80,80,80,80,80,80,80,80,80,80,80,80,80,80,80,80,80,80,80,80,80,80,80,80,80,80,80,80,80,80,80,80,80,80,80,80,80,80,80,80,80,80,80,80,87,87,87,87],"card_choices":[{"not_picked":["Infernal Blade","True Grit"],"picked":"Shrug It Off","floor":0.0},{"not_picked":["Combust","Rupture"],"picked":"Clothesline","floor":1.0},{"not_picked":["Second Wind","Clash"],"picked":"Shrug It Off","floor":4.0},{"not_picked":["Warcry","Seeing Red"],"picked":"Twin Strike","floor":5.0},{"not_picked":["Disarm","Clash"],"picked":"Flame Barrier","floor":7.0},{"not_picked":["Clothesline","Rage"],"picked":"Iron Wave","floor":11.0},{"not_picked":["Headbutt","Pommel Strike"],"picked":"Reaper","floor":13.0},{"not_picked":["Dropkick","Warcry","Entrench"],"picked":"SKIP","floor":14.0},{"not_picked":["Dark Embrace","Berserk"],"picked":"Reaper","floor":16.0},{"not_picked":["Sword Boomerang","Shrug It Off"],"picked":"Body Slam","floor":18.0},{"not_picked":["Seeing Red","Shrug It Off+1"],"picked":"Flex+1","floor":19.0},{"not_picked":["Clash","Wild Strike","Intimidate"],"picked":"SKIP","floor":21.0},{"not_picked":["Iron Wave","Clothesline"],"picked":"True Grit","floor":22.0},{"not_picked":["Flex","Battle Trance"],"picked":"Demon Form","floor":23.0},{"not_picked":["Pommel Strike+1","Clash+1"],"picked":"Seeing Red+1","floor":24.0},{"not_picked":["Anger+1","Spot Weakness+1"],"picked":"Seeing Red","floor":28},{"not_picked":["Perfected Strike+1","Wild Strike+1"],"picked":"Headbutt+1","floor":30},{"not_picked":["Berserk","Barricade","Dark Embrace"],"picked":"Double Tap","floor":33},{"not_picked":["Fire Breathing+1","Intimidate","Sentinel+1"],"picked":"Sword Boomerang+1","floor":35},{"not_picked":["Bandage Up","Flash of Steel+1","The Bomb"],"picked":"Mind Blast+1","floor":36},{"not_picked":["Thunderclap+1","Clash+1","Reaper+1"],"picked":"Perfected Strike+1","floor":37},{"not_picked":["Shrug It Off+1","Fire Breathing","Brutality"],"picked":"Sword Boomerang+1","floor":41},{"not_picked":["Twin Strike+1","Iron Wave+1","Carnage+1","Shrug It Off"],"picked":"SKIP","floor":42},{"not_picked":["Seeing Red","Combust","Sword Boomerang+1"],"picked":"Intimidate+1","floor":45},{"not_picked":["Seeing Red+1","Perfected Strike+1","Anger+1"],"picked":"Battle Trance","floor":47},{"not_picked":["Shockwave","Barricade","Thunderclap+1"],"picked":"Ghostly Armor+1","floor":48}],"player_experience":265821,"relics_obtained":[{"floor":7.0,"key":"Letter Opener"},{"floor":9.0,"key":"Anchor"},{"floor":10.0,"key":"Happy Flower"},{"floor":13.0,"key":"Orichalcum"},{"floor":20.0,"key":"Nunchaku"},{"floor":23.0,"key":"Molten Egg 2"},{"floor":23.0,"key":"Dodecahedron"},{"floor":26.0,"key":"Bag of Preparation"},{"floor":28,"key":"Unceasing Top"},{"floor":28,"key":"Bottled Tornado"},{"floor":30,"key":"Question Card"},{"floor":30,"key":"Gambling Chip"},{"floor":41,"key":"Smiling Mask"},{"floor":41,"key":"Gremlin Horn"},{"floor":43,"key":"Art of War"},{"floor":45,"key":"Calipers"},{"floor":45,"key":"Magic Flower"},{"floor":47,"key":"Strawberry"},{"floor":47,"key":"Whetstone"}],"event_choices":[{"damage_healed":0.0,"max_hp_gain":0.0,"max_hp_loss":0.0,"gold_gain":0.0,"event_name":"Shining Light","player_choice":"Entered Light","floor":2.0,"gold_loss":0.0,"damage_taken":16.0,"cards_upgraded":["Strike_R","Defend_R"]},{"damage_healed":0.0,"max_hp_gain":0.0,"max_hp_loss":0.0,"gold_gain":0.0,"event_name":"Liars Game","player_choice":"Ignored","floor":3.0,"gold_loss":0.0,"damage_taken":0.0},{"damage_healed":0.0,"max_hp_gain":0.0,"max_hp_loss":0.0,"gold_gain":0.0,"event_name":"Upgrade Shrine","player_choice":"Upgraded","floor":12.0,"gold_loss":0.0,"damage_taken":0.0,"cards_upgraded":["Iron Wave"]},{"damage_healed":0,"gold_gain":0,"player_choice":"Fight","damage_taken":0,"max_hp_gain":0,"max_hp_loss":0,"event_name":"Colosseum","floor":28,"gold_loss":0},{"damage_healed":0,"gold_gain":0,"player_choice":"Fought Nobs","damage_taken":0,"max_hp_gain":0,"max_hp_loss":0,"event_name":"Colosseum","floor":28,"gold_loss":0},{"damage_healed":0,"gold_gain":0,"player_choice":"Ignored","damage_taken":0,"max_hp_gain":0,"max_hp_loss":0,"event_name":"Vampires","floor":31,"gold_loss":0},{"damage_healed":0,"gold_gain":0,"player_choice":"Memory 1","damage_taken":0,"max_hp_gain":0,"max_hp_loss":0,"event_name":"SensoryStone","floor":36,"gold_loss":0},{"damage_healed":0,"gold_gain":0,"player_choice":"Embrace Madness","damage_taken":10,"max_hp_gain":0,"max_hp_loss":0,"event_name":"Winding Halls","floor":38,"gold_loss":0,"cards_obtained":["Madness","Madness"]}],"is_beta":false,"boss_relics":[{"not_picked":["Black Blood","Orrery"],"picked":"Black Star"},{"not_picked":["Runic Cube","White Beast Statue"],"picked":"Sozu"}],"items_purged_floors":[39],"is_endless":false,"potions_floor_spawned":[5,11,16,18,23,28,30,33,41,42],"ascension_level":11}