{"gold_per_floor":[117,128,2,13,13,13,47,81,81,81,81,94,127,152,152,281,281,301,322,322,338,25,25,69,69,69,69,83,100,129,146,146,244,244,257,167,185,197,216,37,71,87,87,87,87,97,24,55,55,55,55,55,4,29,29],"floor_reached":55,"playtime":25353,"items_purged":["Strike_R","Parasite"],"score":779,"play_id":"1f906529-78dc-40c9-8cdf-90198c2d8fea","local_time":"20190815015238","is_ascension_mode":false,"campfire_choices":[{"data":"Carnage","floor":6.0,"key":"SMITH"},{"floor":11.0,"key":"REST"},{"data":"Armaments","floor":15.0,"key":"SMITH"},{"floor":23.0,"key":"REST"},{"data":"Offering","floor":25.0,"key":"SMITH"},{"data":"Fiend Fire","floor":32.0,"key":"SMITH"},{"floor":44.0,"key":"RECALL"},{"data":"Ghostly Armor","floor":49.0,"key":"SMITH"},{"data":"Battle Trance","floor":52.0,"key":"SMITH"}],"neow_cost":"NONE","seed_source_timestamp":0,"circlet_count":0,"master_deck":["Strike_R","Strike_R","Strike_R","Defend_R","Defend_R","Defend_R","Defend_R+1","Bash","Battle Trance+1","Inflame","Carnage+1","Pommel Strike","Metallicize","Cleave","Warcry","Pommel Strike","Armaments+1","Iron Wave","Fiend Fire+1","Whirlwind+1","Flame Barrier+1","Headbutt","Inflame+1","Offering+1","Seeing Red","Dual Wield+1","Clothesline+1","Sword Boomerang+1","Reaper+1","True Grit+1","Thunderclap+1","Juggernaut","Feed+1","Entrench","Ghostly Armor+1","Fire Breathing+1","Doubt","Normality","Burning Pact+1","Intimidate","Intimidate+1","Shrug It Off"],"special_seed":0,"relics":["Burning Blood","Odd Mushroom","Darkstone Periapt","Girya","Torii","White Beast Statue","Charon\u0027s Ashes","Self Forming Clay","Question Card","Nloth\u0027s Gift","Molten Egg 2","Cursed Key","Dream Catcher","Mercury Hourglass","Bottled Lightning","Pen Nib"],"potions_floor_usage":[55,55],"damage_taken":[{"damage":1.0,"enemies":"Cultist","floor":1.0,"turns":4.0},{"damage":5.0,"enemies":"2 Louse","floor":2.0,"turns":2.0},{"damage":2.0,"enemies":"Small Slimes","floor":4.0,"turns":3.0},{"damage":12.0,"enemies":"The Mushroom Lair","floor":7.0,"turns":4.0},{"damage":14.0,"enemies":"Gremlin Nob","floor":8.0,"turns":4.0},{"damage":4.0,"enemies":"2 Fungi Beasts","floor":12.0,"turns":3.0},{"damage":9.0,"enemies":"3 Sentries","floor":13.0,"turns":6.0},{"damage":2.0,"enemies":"Large Slime","floor":14.0,"turns":7.0},{"damage":1.0,"enemies":"Slime Boss","floor":16.0,"turns":7.0},{"damage":18.0,"enemies":"Shell Parasite","floor":18.0,"turns":6.0},{"damage":10.0,"enemies":"3 Byrds","floor":19.0,"turns":4.0},{"damage":23.0,"enemies":"Snake Plant","floor":21.0,"turns":3.0},{"damage":20.0,"enemies":"Slavers","floor":24.0,"turns":5.0},{"damage":4.0,"enemies":"Shelled Parasite and Fungi","floor":28.0,"turns":9.0},{"damage":0.0,"enemies":"Chosen and Byrds","floor":29.0,"turns":3.0},{"damage":22.0,"enemies":"Book of Stabbing","floor":30.0,"turns":8.0},{"damage":0.0,"enemies":"3 Cultists","floor":31.0,"turns":2.0},{"damage":59.0,"enemies":"Collector","floor":33.0,"turns":9.0},{"damage":6.0,"enemies":"Orb Walker","floor":35.0,"turns":1.0},{"damage":6.0,"enemies":"3 Shapes","floor":37.0,"turns":7.0},{"damage":6.0,"enemies":"Jaw Worm Horde","floor":38.0,"turns":2.0},{"damage":6.0,"enemies":"Writhing Mass","floor":39.0,"turns":2.0},{"damage":7.0,"enemies":"Nemesis","floor":41.0,"turns":3.0},{"damage":13.0,"enemies":"Transient","floor":42.0,"turns":5.0},{"damage":17.0,"enemies":"3 Darklings","floor":46.0,"turns":6.0},{"damage":7.0,"enemies":"Reptomancer","floor":48.0,"turns":4.0},{"damage":96.0,"enemies":"Time Eater","floor":50.0,"turns":12.0},{"damage":71.0,"enemies":"Shield and Spear","floor":54.0,"turns":8.0},{"damage":71,"enemies":"The Heart","floor":55,"turns":8}],"seed_played":"-3170575669888991240","potions_obtained":[{"floor":1.0,"key":"Explosive Potion"},{"floor":2.0,"key":"Ancient Potion"},{"floor":13.0,"key":"AttackPotion"},{"floor":14.0,"key":"Fruit Juice"},{"floor":16.0,"key":"Dexterity Potion"},{"floor":18.0,"key":"AttackPotion"},{"floor":19.0,"key":"EssenceOfSteel"},{"floor":21.0,"key":"Poison Potion"},{"floor":24.0,"key":"AttackPotion"},{"floor":28.0,"key":"Dexterity Potion"},{"floor":29.0,"key":"Energy Potion"},{"floor":30.0,"key":"Dexterity Potion"},{"floor":31.0,"key":"EssenceOfSteel"},{"floor":33.0,"key":"AttackPotion"},{"floor":35.0,"key":"Swift Potion"},{"floor":37.0,"key":"Strength Potion"},{"floor":38.0,"key":"BloodPotion"},{"floor":41.0,"key":"SpeedPotion"},{"floor":42.0,"key":"EntropicBrew"},{"floor":46.0,"key":"SteroidPotion"},{"floor":48.0,"key":"Swift Potion"},{"floor":54.0,"key":"Strength Potion"}],"is_trial":false,"path_per_floor":["M","M","$","M","?","R","?","E","T","?","R","M","E","M","R","B",null,"M","M","?","M","$","R","E","R","T","?","M","M","E","M","R","B",null,"M","?","M","M","M","$","E","M","T","R","T","M","$","E","R","B",null,"R","$","E","B"],"character_chosen":"IRONCLAD","items_purchased":["Pommel Strike","Charon\u0027s Ashes","Entrench","Intimidate","FearPotion"],"campfire_rested":2,"item_purchase_floors":[3,22,40,47,53],"current_hp_per_floor":[80,80,80,80,60,60,54,46,46,46,70,72,69,73,73,83,85,73,69,69,52,52,77,63,63,63,63,65,71,55,61,61,8,85,85,85,85,85,91,88,91,84,90,90,96,85,85,84,84,45,104,104,104,48,0],"gold":29,"neow_bonus":"THREE_CARDS","is_prod":false,"is_daily":false,"chose_seed":false,"campfire_upgraded":6,"win_rate":1,"timestamp":1565823158,"path_taken":["M","M","$","?","?","R","?","E","T","?","R","M","E","M","R","BOSS","M","M","?","M","$","R","E","R","T","?","M","?","E","M","R","BOSS","M","?","?","M","M","$","E","M","T","R","?","M","$","E","R","BOSS","R","$","E","BOSS"],"build_version":"2019-07-17","purchased_purges":2,"victory":false,"max_hp_per_floor":[80,80,80,80,80,80,80,80,80,80,80,80,80,80,80,85,85,85,85,85,85,85,85,85,85,85,85,85,85,85,85,85,85,85,85,85,85,85,91,88,92,92,98,98,104,104,104,104,104,104,104,104,104,104,104],"card_choices":[{"not_picked":["Thunderclap","Carnage"],"picked":"Battle Trance","floor":0.0},{"not_picked":["Fire Breathing","Body Slam"],"picked":"Inflame","floor":1.0},{"not_picked":["Blood for Blood","Dual Wield"],"picked":"Carnage","floor":2.0},{"not_picked":["Iron Wave","Warcry"],"picked":"Metallicize","floor":4.0},{"not_picked":["Rupture","Dropkick"],"picked":"Cleave","floor":7.0},{"not_picked":["Clash","Blood for Blood"],"picked":"Warcry","floor":8.0},{"not_picked":["Spot Weakness","Hemokinesis"],"picked":"Pommel Strike","floor":12.0},{"not_picked":["Flex","Berserk"],"picked":"Armaments","floor":13.0},{"not_picked":["Perfected Strike","Cleave"],"picked":"Iron Wave","floor":14.0},{"not_picked":["Impervious","Demon Form"],"picked":"Fiend Fire","floor":16.0},{"not_picked":["True Grit","Sword Boomerang"],"picked":"Whirlwind+1","floor":18.0},{"not_picked":["True Grit+1","Clothesline"],"picked":"Flame Barrier+1","floor":19.0},{"not_picked":["Armaments","Whirlwind"],"picked":"Inflame+1","floor":21.0},{"not_picked":["Clash","Blood for Blood"],"picked":"Offering","floor":24.0},{"not_picked":["Anger+1","Disarm","Heavy Blade+1"],"picked":"Seeing Red","floor":28.0},{"not_picked":["Fiend Fire","Cleave","True Grit"],"picked":"Dual Wield+1","floor":29.0},{"not_picked":["Warcry","Bloodletting","Rampage"],"picked":"Clothesline","floor":30.0},{"not_picked":["Rampage+1","Battle Trance","Carnage+1"],"picked":"Sword Boomerang+1","floor":31.0},{"not_picked":["Limit Break","Demon Form","Offering"],"picked":"Reaper+1","floor":33.0},{"not_picked":["Infernal Blade+1","Rage+1","Pommel Strike+1"],"picked":"True Grit+1","floor":35.0},{"not_picked":["Clothesline+1","Rupture+1","Battle Trance+1"],"picked":"Thunderclap+1","floor":37.0},{"not_picked":["Pommel Strike+1","Body Slam+1","Corruption+1"],"picked":"Juggernaut","floor":38.0},{"not_picked":["Anger+1","Metallicize","Headbutt+1"],"picked":"Feed+1","floor":39.0},{"not_picked":["Pummel+1","Feed+1","Sever Soul+1"],"picked":"Ghostly Armor","floor":41.0},{"not_picked":["True Grit+1","Clothesline+1","Metallicize"],"picked":"Fire Breathing+1","floor":42.0},{"not_picked":["Shrug It Off","Twin Strike+1","Bloodletting+1"],"picked":"Burning Pact+1","floor":46.0},{"not_picked":["Cleave+1","Juggernaut","Clash+1"],"picked":"Intimidate+1","floor":48.0},{"not_picked":["Anger+1","Cleave+1","Sever Soul+1"],"picked":"Shrug It Off","floor":54.0}],"player_experience":70495,"relics_obtained":[{"floor":7.0,"key":"Odd Mushroom"},{"floor":8.0,"key":"Darkstone Periapt"},{"floor":9.0,"key":"Girya"},{"floor":13.0,"key":"Torii"},{"floor":24.0,"key":"Self Forming Clay"},{"floor":26.0,"key":"Question Card"},{"floor":30.0,"key":"Molten Egg 2"},{"floor":41.0,"key":"Dream Catcher"},{"floor":45.0,"key":"Mercury Hourglass"},{"floor":48.0,"key":"Bottled Lightning"},{"floor":54.0,"key":"Pen Nib"}],"event_choices":[{"damage_healed":0.0,"max_hp_gain":0.0,"max_hp_loss":0.0,"gold_gain":0.0,"event_name":"Golden Idol","player_choice":"Take Damage","floor":5.0,"gold_loss":0.0,"damage_taken":20.0,"relics_obtained":["Golden Idol"]},{"damage_healed":0.0,"max_hp_gain":0.0,"max_hp_loss":0.0,"gold_gain":0.0,"event_name":"Mushrooms","player_choice":"Fought Mushrooms","floor":7.0,"gold_loss":0.0,"damage_taken":0.0},{"damage_healed":0.0,"max_hp_gain":0.0,"max_hp_loss":0.0,"gold_gain":0.0,"event_name":"Liars Game","player_choice":"Ignored","floor":10.0,"gold_loss":0.0,"damage_taken":0.0},{"damage_healed":0.0,"max_hp_gain":0.0,"max_hp_loss":0.0,"gold_gain":0.0,"event_name":"The Library","player_choice":"Read","floor":20.0,"gold_loss":0.0,"damage_taken":0.0,"cards_obtained":["Headbutt"]},{"damage_healed":0.0,"max_hp_gain":0.0,"max_hp_loss":0.0,"gold_gain":0.0,"event_name":"N\u0027loth","player_choice":"Traded Relic","floor":27.0,"relics_lost":["Golden Idol"],"gold_loss":0.0,"damage_taken":0.0,"relics_obtained":["Nloth\u0027s Gift"]},{"cards_removed":["Strike_R"],"damage_healed":0.0,"max_hp_gain":0.0,"max_hp_loss":0.0,"gold_gain":0.0,"event_name":"Designer","player_choice":"Upgrade and Remove","floor":36.0,"gold_loss":90.0,"damage_taken":0.0,"cards_upgraded":["Defend_R"]}],"is_beta":false,"boss_relics":[{"not_picked":["Lizard Tail","Eternal Feather"],"picked":"White Beast Statue"},{"not_picked":["Busted Crown","Astrolabe"],"picked":"Cursed Key"}],"items_purged_floors":[3,40],"is_endless":false,"potions_floor_spawned":[1,2,13,14,16,18,19,21,24,28,29,30,31,33,35,37,38,39,41,42,46,48,54],"killed_by":"The Heart","ascension_level":0}