{"gold_per_floor":[113,133,1,1,1,30,30,30,54,74,87,122,143,164,164,164],"floor_reached":16,"playtime":667,"items_purged":[],"score":202,"play_id":"7cdda48b-fb00-4ffd-a537-4505919a39c5","local_time":"20190708211404","is_ascension_mode":true,"campfire_choices":[{"floor":8,"key":"REST"},{"floor":15,"key":"REST"}],"neow_cost":"NONE","seed_source_timestamp":1558309501481780,"circlet_count":0,"master_deck":["AscendersBane","Strike_G","Strike_G+1","Strike_G+1","Strike_G+1","Strike_G","Defend_G","Defend_G","Defend_G","Defend_G","Defend_G","Survivor","Neutralize","Deadly Poison","Footwork","Noxious Fumes+1","Catalyst","Injury","Well Laid Plans","Quick Slash","Dodge and Roll","Riddle With Holes","Dash","PiercingWail","Sucker Punch"],"relics":["Ring of the Snake","Dream Catcher","Smiling Mask","Blood Vial","Golden Idol","Whetstone","Calipers"],"potions_floor_usage":[6,13,16,16],"damage_taken":[{"damage":1,"enemies":"2 Louse","floor":1,"turns":3},{"damage":8,"enemies":"Small Slimes","floor":2,"turns":4},{"damage":16,"enemies":"Gremlin Nob","floor":6,"turns":4},{"damage":5,"enemies":"Jaw Worm","floor":10,"turns":5},{"damage":2,"enemies":"Exordium Wildlife","floor":11,"turns":5},{"damage":17,"enemies":"3 Sentries","floor":12,"turns":6},{"damage":0,"enemies":"Exordium Thugs","floor":13,"turns":5},{"damage":0,"enemies":"Looter","floor":14,"turns":3},{"damage":44,"enemies":"Slime Boss","floor":16,"turns":9}],"seed_played":"2296855561953182943","potions_obtained":[{"floor":6,"key":"Poison Potion"},{"floor":11,"key":"Strength Potion"},{"floor":12,"key":"PowerPotion"},{"floor":14,"key":"SpeedPotion"}],"is_trial":false,"path_per_floor":["M","M","$","?","?","E","?","R","T","M","M","E","M","M","R","B"],"character_chosen":"THE_SILENT","items_purchased":["Noxious Fumes","Poison Potion"],"campfire_rested":2,"item_purchase_floors":[3,3],"current_hp_per_floor":[58,50,50,30,25,9,9,28,28,25,25,10,12,14,33,0],"gold":164,"neow_bonus":"RANDOM_COMMON_RELIC","is_prod":false,"is_daily":false,"chose_seed":false,"campfire_upgraded":0,"win_rate":0,"timestamp":1562638444,"path_taken":["M","M","$","?","?","E","?","R","T","M","?","E","M","M","R","BOSS"],"build_version":"2019-07-05","purchased_purges":0,"victory":false,"max_hp_per_floor":[66,66,66,66,66,66,66,66,66,66,66,66,66,66,66,66],"card_choices":[{"not_picked":["Prepared","Poisoned Stab"],"picked":"Deadly Poison","floor":1},{"not_picked":["Outmaneuver","Concentrate"],"picked":"Footwork","floor":2},{"not_picked":["Sucker Punch","Concentrate"],"picked":"Catalyst","floor":6},{"not_picked":["Backflip","Skewer"],"picked":"Well Laid Plans","floor":8},{"not_picked":["Setup","Blur"],"picked":"Quick Slash","floor":10},{"not_picked":["Deadly Poison","Distraction"],"picked":"Dodge and Roll","floor":11},{"not_picked":["Tactician","Expertise"],"picked":"Riddle With Holes","floor":12},{"not_picked":["Reflex","Poisoned Stab"],"picked":"Dash","floor":13},{"not_picked":["Dodge and Roll","Underhanded Strike"],"picked":"PiercingWail","floor":14},{"not_picked":["Flying Knee","Bane"],"picked":"Sucker Punch","floor":15}],"player_experience":356015,"relics_obtained":[{"floor":6,"key":"Blood Vial"},{"floor":9,"key":"Whetstone"},{"floor":12,"key":"Calipers"}],"event_choices":[{"damage_healed":0,"gold_gain":0,"player_choice":"Entered Light","damage_taken":20,"max_hp_gain":0,"max_hp_loss":0,"event_name":"Shining Light","floor":4,"gold_loss":0,"cards_upgraded":["Noxious Fumes","Strike_G"]},{"damage_healed":0,"gold_gain":0,"player_choice":"Success","damage_taken":5,"relics_obtained":["Smiling Mask"],"max_hp_gain":0,"max_hp_loss":0,"event_name":"Scrap Ooze","floor":5,"gold_loss":0},{"damage_healed":0,"gold_gain":0,"player_choice":"Take Wound","damage_taken":0,"relics_obtained":["Golden Idol"],"max_hp_gain":0,"max_hp_loss":0,"event_name":"Golden Idol","floor":7,"gold_loss":0,"cards_obtained":["Injury"]}],"is_beta":false,"boss_relics":[],"items_purged_floors":[],"is_endless":false,"potions_floor_spawned":[6,11,12,14],"killed_by":"Slime Boss","ascension_level":16}