{"gold_per_floor":[119,119,135,135,156,156,191,205,285,126,169,169,169,203,203,296,296,321,334,35,35,35,70,70,88,88,88,119,34,34,69,69,165,165,181,181,200,219,238,281,281,322,322,356,356,356,356,22,22,22,22,22,22,22,60,60],"floor_reached":57,"playtime":5044,"items_purged":["Clumsy","Strike_R","Strike_R"],"score":2849,"play_id":"b31506d2-3221-4e9a-9fb9-8aeb060a6830","local_time":"20190620161711","is_ascension_mode":true,"campfire_choices":[{"data":"Carnage","floor":6,"key":"SMITH"},{"data":"Armaments","floor":13,"key":"SMITH"},{"floor":15,"key":"REST"},{"data":"Demon Form","floor":24,"key":"SMITH"},{"data":"Corruption","floor":30,"key":"SMITH"},{"data":"Dark Embrace","floor":32,"key":"SMITH"},{"data":"True Grit","floor":41,"key":"SMITH"},{"floor":45,"key":"RECALL"},{"data":"Shockwave","floor":47,"key":"SMITH"},{"data":"Barricade","floor":49,"key":"SMITH"},{"data":"Flame Barrier","floor":53,"key":"SMITH"}],"neow_cost":"NONE","seed_source_timestamp":160422047521100,"circlet_count":0,"master_deck":["AscendersBane","Defend_R","Defend_R","Defend_R","Defend_R","Bash","True Grit+1","Twin Strike","Carnage+1","Headbutt","Double Tap","Armaments+1","Battle Trance","Reaper","Brutality","Shockwave+1","Flex","Pommel Strike","Burning Pact","Whirlwind+1","Demon Form+1","Shrug It Off","Barricade+1","Dual Wield","Sword Boomerang","Corruption+1","Reaper","Dark Embrace+1","Havoc","Offering","Shrug It Off+1","Entrench+1","Decay","Flame Barrier+1","True Grit+1"],"relics":["Cursed Key","Golden Idol","Ice Cream","Juzu Bracelet","Paper Frog","Orrery","Nloth\u0027s Gift","Bottled Tornado","Blue Candle","FossilizedHelix","Smiling Mask","Runic Pyramid","Du-Vu Doll","Mercury Hourglass","PreservedInsect","Pear","Calipers"],"potions_floor_usage":[7,14,23,28,46,56,56],"damage_taken":[{"damage":0,"enemies":"2 Louse","floor":1,"turns":4},{"damage":2,"enemies":"Jaw Worm","floor":3,"turns":3},{"damage":8,"enemies":"Small Slimes","floor":5,"turns":4},{"damage":38,"enemies":"3 Sentries","floor":7,"turns":7},{"damage":1,"enemies":"Looter","floor":8,"turns":3},{"damage":6,"enemies":"Gremlin Nob","floor":11,"turns":3},{"damage":13,"enemies":"3 Sentries","floor":14,"turns":4},{"damage":19,"enemies":"The Guardian","floor":16,"turns":7},{"damage":7,"enemies":"Chosen","floor":18,"turns":3},{"damage":12,"enemies":"Spheric Guardian","floor":19,"turns":3},{"damage":25,"enemies":"Gremlin Leader","floor":23,"turns":6},{"damage":6,"enemies":"3 Cultists","floor":25,"turns":3},{"damage":32,"enemies":"Slavers","floor":28,"turns":5},{"damage":20,"enemies":"Gremlin Leader","floor":31,"turns":3},{"damage":12,"enemies":"Collector","floor":33,"turns":4},{"damage":17,"enemies":"3 Darklings","floor":35,"turns":3},{"damage":8,"enemies":"Orb Walker","floor":37,"turns":3},{"damage":56,"enemies":"4 Shapes","floor":38,"turns":5},{"damage":9,"enemies":"Transient","floor":39,"turns":6},{"damage":38,"enemies":"Reptomancer","floor":40,"turns":4},{"damage":10,"enemies":"Giant Head","floor":42,"turns":5},{"damage":3,"enemies":"Nemesis","floor":44,"turns":5},{"damage":37,"enemies":"Donu and Deca","floor":50,"turns":5},{"damage":39,"enemies":"Time Eater","floor":51,"turns":7},{"damage":34,"enemies":"Shield and Spear","floor":55,"turns":5},{"damage":43,"enemies":"The Heart","floor":56,"turns":8}],"seed_played":"8014404142222116982","potions_obtained":[{"floor":3,"key":"Block Potion"},{"floor":8,"key":"Regen Potion"},{"floor":14,"key":"Dexterity Potion"},{"floor":19,"key":"FearPotion"},{"floor":31,"key":"FearPotion"},{"floor":33,"key":"Fire Potion"},{"floor":35,"key":"GamblersBrew"},{"floor":46,"key":"Fruit Juice"},{"floor":46,"key":"LiquidBronze"}],"is_trial":false,"path_per_floor":["M","?","M","?","M","R","E","M","T","$","E","?","R","E","R","B",null,"M","M","$","?","?","E","R","M","T","?","E","?","R","E","R","B",null,"M","?","M","M","M","E","R","E","T","E","R","?","R","$","R","B","B",null,"R","$","E","B",null],"character_chosen":"IRONCLAD","items_purchased":["Double Tap","Demon Form","Shrug It Off","Pear"],"campfire_rested":1,"item_purchase_floors":[10,20,20,48],"current_hp_per_floor":[68,73,71,71,63,63,25,24,24,24,18,18,18,17,38,27,61,58,46,46,46,46,53,53,66,66,66,62,62,62,72,72,60,69,72,68,60,68,68,68,68,68,68,68,68,73,73,83,83,81,81,83,83,83,83,69],"gold":60,"neow_bonus":"BOSS_RELIC","is_prod":false,"is_daily":false,"chose_seed":false,"campfire_upgraded":9,"win_rate":0,"timestamp":1561061831,"path_taken":["M","?","M","?","M","R","E","M","T","$","E","?","R","E","R","BOSS","M","M","$","?","?","E","R","M","T","?","E","?","R","E","R","BOSS","M","?","M","M","M","E","R","E","T","E","R","?","R","$","R","BOSS","BOSS","R","$","E","BOSS"],"build_version":"2019-01-23","purchased_purges":3,"victory":true,"max_hp_per_floor":[75,80,80,72,72,72,72,72,72,72,72,72,72,72,72,72,72,72,72,72,72,72,72,72,72,72,72,72,72,72,72,72,72,72,72,68,68,68,68,68,68,68,68,68,68,73,73,83,83,83,83,83,83,83,83,83],"card_choices":[{"not_picked":["Anger","Corruption"],"picked":"True Grit","floor":1},{"not_picked":["Clash","True Grit"],"picked":"Twin Strike","floor":3},{"not_picked":["Searing Blow","Thunderclap"],"picked":"Carnage","floor":5},{"not_picked":["True Grit","Flex"],"picked":"Headbutt","floor":7},{"not_picked":["Corruption","Heavy Blade","Havoc"],"picked":"SKIP","floor":8},{"not_picked":["Blood for Blood","Wild Strike"],"picked":"Armaments","floor":11},{"not_picked":["Impervious","Perfected Strike"],"picked":"Reaper","floor":14},{"not_picked":["Limit Break","Reaper"],"picked":"Brutality","floor":16},{"not_picked":["Clothesline","Rage"],"picked":"Shockwave","floor":17},{"not_picked":["Anger","Burning Pact"],"picked":"Flex","floor":17},{"not_picked":["Twin Strike","Heavy Blade"],"picked":"Pommel Strike","floor":17},{"not_picked":["Exhume","Clothesline"],"picked":"Burning Pact","floor":18},{"not_picked":["Second Wind+1","Sword Boomerang"],"picked":"Whirlwind+1","floor":19},{"not_picked":["Clash","Immolate"],"picked":"Sword Boomerang","floor":23},{"not_picked":["Cleave+1","Flex+1"],"picked":"Corruption","floor":25},{"not_picked":["Brutality","Rupture"],"picked":"Dark Embrace","floor":28},{"not_picked":["Cleave","Flex"],"picked":"Havoc","floor":31},{"not_picked":["Immolate","Impervious"],"picked":"Offering","floor":33},{"not_picked":["Dual Wield","Heavy Blade","Thunderclap"],"picked":"SKIP","floor":35},{"not_picked":["Clash","Rage","Evolve"],"picked":"SKIP","floor":37},{"not_picked":["Clash","Rage","Evolve"],"picked":"SKIP","floor":37},{"not_picked":["Berserk","Clothesline"],"picked":"Shrug It Off+1","floor":38},{"not_picked":["Havoc","Cleave","Dropkick"],"picked":"SKIP","floor":39},{"not_picked":["Twin Strike+1","Anger+1","Body Slam"],"picked":"SKIP","floor":40},{"not_picked":["Berserk","Shrug It Off"],"picked":"Entrench+1","floor":42},{"not_picked":["Thunderclap","Blood for Blood"],"picked":"Flame Barrier","floor":44},{"not_picked":["Feed","Heavy Blade"],"picked":"True Grit+1","floor":55}],"player_experience":2129440,"relics_obtained":[{"floor":7,"key":"Ice Cream"},{"floor":9,"key":"Letter Opener"},{"floor":11,"key":"Juzu Bracelet"},{"floor":14,"key":"Paper Frog"},{"floor":23,"key":"Bottled Tornado"},{"floor":28,"key":"Blue Candle"},{"floor":31,"key":"Smiling Mask"},{"floor":40,"key":"Du-Vu Doll"},{"floor":42,"key":"Mercury Hourglass"},{"floor":44,"key":"PreservedInsect"},{"floor":55,"key":"Calipers"}],"event_choices":[{"damage_healed":0,"gold_gain":0,"player_choice":"Donut","damage_taken":0,"max_hp_gain":5,"max_hp_loss":0,"event_name":"Big Fish","floor":2,"gold_loss":0},{"damage_healed":0,"gold_gain":0,"player_choice":"Lose Max HP","damage_taken":0,"relics_obtained":["Golden Idol"],"max_hp_gain":0,"max_hp_loss":8,"event_name":"Golden Idol","floor":4,"gold_loss":0},{"damage_healed":0,"gold_gain":0,"cards_transformed":["Strike_R"],"player_choice":"Change","damage_taken":0,"max_hp_gain":0,"max_hp_loss":0,"event_name":"Living Wall","floor":12,"gold_loss":0,"cards_obtained":["Battle Trance"]},{"damage_healed":0,"gold_gain":0,"player_choice":"Traded Relic","damage_taken":0,"relics_obtained":["Nloth\u0027s Gift"],"max_hp_gain":0,"max_hp_loss":0,"event_name":"N\u0027loth","floor":21,"relics_lost":["Letter Opener"],"gold_loss":0},{"damage_healed":0,"gold_gain":0,"cards_transformed":["Strike_R","Strike_R"],"player_choice":"Became Test Subject","damage_taken":0,"max_hp_gain":0,"max_hp_loss":0,"event_name":"Drug Dealer","floor":22,"gold_loss":0,"cards_obtained":["Barricade","Dual Wield"]},{"damage_healed":0,"gold_gain":0,"player_choice":"Copied","damage_taken":0,"max_hp_gain":0,"max_hp_loss":0,"event_name":"Duplicator","floor":27,"gold_loss":0,"cards_obtained":["Reaper"]},{"damage_healed":0,"gold_gain":0,"player_choice":"Obtained Relic","damage_taken":0,"relics_obtained":["FossilizedHelix"],"max_hp_gain":0,"max_hp_loss":0,"event_name":"Addict","floor":29,"gold_loss":85},{"damage_healed":0,"gold_gain":0,"player_choice":"Max HP","damage_taken":0,"max_hp_gain":0,"max_hp_loss":4,"event_name":"Winding Halls","floor":36,"gold_loss":0},{"damage_healed":0,"gold_gain":0,"player_choice":"Got Potions","damage_taken":0,"max_hp_gain":0,"max_hp_loss":0,"event_name":"Lab","floor":46,"gold_loss":0}],"is_beta":false,"boss_relics":[{"not_picked":["Empty Cage","Tiny House"],"picked":"Orrery"},{"not_picked":["Velvet Choker","White Beast Statue"],"picked":"Runic Pyramid"}],"items_purged_floors":[10,20,48],"is_endless":false,"potions_floor_spawned":[3,8,14,19,31,33,35,37,42],"ascension_level":20}