{"gold_per_floor":[113,35,35,60,73,73,89,129,129,129,129,153,67,91,91,91],"floor_reached":16,"playtime":700,"items_purged":["Strike_B"],"score":102,"play_id":"626d7e23-3cba-4401-b13e-e860ba3ffd59","local_time":"20190716202401","is_ascension_mode":false,"campfire_choices":[{"data":"Zap","floor":6,"key":"SMITH"},{"floor":11,"key":"REST"},{"floor":15,"key":"REST"}],"neow_cost":"NONE","seed_source_timestamp":678650125660948,"circlet_count":0,"master_deck":["Strike_B","Strike_B","Strike_B","Defend_B","Defend_B","Defend_B","Defend_B","Zap+1","Dualcast","Go for the Eyes","BootSequence","Gash","Turbo","Go for the Eyes","Consume","Hologram","White Noise"],"relics":["Cracked Core","Lantern","Golden Idol","Smiling Mask","PreservedInsect"],"potions_floor_usage":[],"damage_taken":[{"damage":1,"enemies":"Jaw Worm","floor":1,"turns":3},{"damage":1,"enemies":"2 Louse","floor":4,"turns":3},{"damage":0,"enemies":"Cultist","floor":5,"turns":3},{"damage":7,"enemies":"3 Louse","floor":7,"turns":4},{"damage":35,"enemies":"Lagavulin","floor":8,"turns":7},{"damage":13,"enemies":"Exordium Thugs","floor":12,"turns":3},{"damage":2,"enemies":"Exordium Wildlife","floor":14,"turns":4},{"damage":48,"enemies":"The Guardian","floor":16,"turns":10}],"seed_played":"4801352123029113339","potions_obtained":[{"floor":5,"key":"AttackPotion"},{"floor":7,"key":"LiquidBronze"}],"is_trial":false,"path_per_floor":["M","$","?","M","M","R","M","E","T","?","R","M","$","M","R","B"],"character_chosen":"DEFECT","items_purchased":["BootSequence","White Noise"],"campfire_rested":2,"item_purchase_floors":[2,13],"current_hp_per_floor":[74,74,56,55,55,55,48,13,13,13,35,22,22,20,42,0],"gold":91,"neow_bonus":"RANDOM_COMMON_RELIC","is_prod":false,"is_daily":false,"chose_seed":false,"campfire_upgraded":1,"win_rate":0.0,"timestamp":1563333841,"path_taken":["M","$","?","M","M","R","M","E","T","?","R","M","$","M","R","BOSS"],"build_version":"2019-07-05","purchased_purges":1,"victory":false,"max_hp_per_floor":[75,75,75,75,75,75,75,75,75,75,75,75,75,75,75,75],"card_choices":[{"not_picked":["Cold Snap","Hologram"],"picked":"Go for the Eyes","floor":1},{"not_picked":["Streamline","Hologram"],"picked":"Gash","floor":4},{"not_picked":["Redo","Conserve Battery"],"picked":"Turbo","floor":5},{"not_picked":["Reprogram","Conserve Battery"],"picked":"Go for the Eyes","floor":7},{"not_picked":["Coolheaded","Turbo"],"picked":"Consume","floor":8},{"not_picked":["Aggregate","Cold Snap"],"picked":"Hologram","floor":12},{"not_picked":["Chaos","Compile Driver","Storm"],"picked":"SKIP","floor":14}],"player_experience":140014,"relics_obtained":[{"floor":8,"key":"Smiling Mask"},{"floor":9,"key":"PreservedInsect"}],"event_choices":[{"damage_healed":0,"gold_gain":0,"player_choice":"Take Damage","damage_taken":18,"relics_obtained":["Golden Idol"],"max_hp_gain":0,"max_hp_loss":0,"event_name":"Golden Idol","floor":3,"gold_loss":0},{"damage_healed":0,"gold_gain":0,"player_choice":"Ignored","damage_taken":0,"max_hp_gain":0,"max_hp_loss":0,"event_name":"Liars Game","floor":10,"gold_loss":0}],"is_beta":false,"boss_relics":[],"items_purged_floors":[13],"is_endless":false,"potions_floor_spawned":[5,7],"killed_by":"The Guardian","ascension_level":0}