{"gold_per_floor":[111,36,52,52,52,52,72,72,125,164,64,94,94,119,119,238,238,263,263,281,315,166,166,180,196,220,234,14,28,28,28,28,28],"floor_reached":33,"playtime":814,"items_purged":["Strike_R","Defend_R","Berserk","Power Through"],"score":245,"play_id":"b8cb3fb0-1dc5-43ea-a735-5132ad6e91b3","local_time":"20190806184803","is_ascension_mode":false,"campfire_choices":[{"data":"Bash","floor":6,"key":"SMITH"},{"floor":8,"key":"REST"},{"floor":13,"key":"REST"},{"data":"Defend_R","floor":15,"key":"SMITH"},{"data":"Shrug It Off","floor":23,"key":"SMITH"},{"data":"Dropkick","floor":30,"key":"SMITH"},{"data":"Immolate","floor":32,"key":"SMITH"}],"neow_cost":"NONE","seed_source_timestamp":83725844196050,"circlet_count":0,"master_deck":["Bash+1","Intimidate","Sword Boomerang","Immolate+1","Shrug It Off+1","Dropkick+1","Uppercut"],"relics":["Burning Blood","Golden Idol","Bag of Marbles","Bronze Scales","Gambling Chip","Pandora\u0027s Box","Red Mask","Orichalcum"],"potions_floor_usage":[16,33],"damage_taken":[{"damage":11,"enemies":"Jaw Worm","floor":1,"turns":3},{"damage":2,"enemies":"Small Slimes","floor":3,"turns":4},{"damage":13,"enemies":"2 Louse","floor":7,"turns":2},{"damage":28,"enemies":"Gremlin Nob","floor":10,"turns":4},{"damage":10,"enemies":"Looter","floor":14,"turns":2},{"damage":49,"enemies":"The Guardian","floor":16,"turns":17},{"damage":9,"enemies":"3 Byrds","floor":18,"turns":2},{"damage":0,"enemies":"Spheric Guardian","floor":20,"turns":3},{"damage":0,"enemies":"Masked Bandits","floor":21,"turns":2},{"damage":5,"enemies":"Chosen and Byrds","floor":24,"turns":4},{"damage":0,"enemies":"3 Cultists","floor":25,"turns":2},{"damage":16,"enemies":"Shelled Parasite and Fungi","floor":27,"turns":4},{"damage":8,"enemies":"Snake Plant","floor":29,"turns":3},{"damage":70,"enemies":"Collector","floor":33,"turns":8}],"seed_played":"-8486778860486509616","potions_obtained":[{"floor":3,"key":"SkillPotion"},{"floor":10,"key":"Fire Potion"},{"floor":14,"key":"EssenceOfSteel"},{"floor":16,"key":"AttackPotion"}],"is_trial":false,"path_per_floor":["M","$","M","?","?","R","M","R","T","E","$","?","R","M","R","B",null,"M","?","M","?","$","R","M","M","T","M","$","M","R","?","R","B"],"character_chosen":"IRONCLAD","items_purchased":["Shrug It Off","Dropkick"],"campfire_rested":2,"item_purchase_floors":[22,28],"current_hp_per_floor":[75,75,79,59,59,59,52,76,76,54,54,54,78,74,74,31,80,77,77,80,80,80,80,80,80,80,70,70,68,68,68,68,0],"gold":28,"neow_bonus":"REMOVE_CARD","is_prod":false,"is_daily":false,"chose_seed":false,"campfire_upgraded":5,"win_rate":0,"timestamp":1565131683,"path_taken":["M","$","M","?","?","R","M","R","T","E","$","?","R","M","R","BOSS","M","?","M","?","$","R","M","M","T","M","$","M","R","?","R","BOSS"],"build_version":"2019-07-17","purchased_purges":4,"victory":false,"max_hp_per_floor":[80,80,80,80,80,80,80,80,80,80,80,80,80,80,80,80,80,80,80,80,80,80,80,80,80,80,80,80,80,80,80,80,80],"card_choices":[{"not_picked":["Pommel Strike","Cleave","Rupture"],"picked":"SKIP","floor":1},{"not_picked":["Flex","Shrug It Off","Havoc"],"picked":"SKIP","floor":3},{"not_picked":["Combust","Bloodletting","Armaments"],"picked":"SKIP","floor":7},{"not_picked":["Rupture","Clash","Fire Breathing"],"picked":"SKIP","floor":10},{"not_picked":["Entrench","Blood for Blood","Pommel Strike"],"picked":"SKIP","floor":14},{"not_picked":["Fiend Fire","Offering"],"picked":"Bludgeon","floor":16},{"not_picked":["Cleave+1","Combust+1","Infernal Blade+1"],"picked":"SKIP","floor":18},{"not_picked":["Reckless Charge+1","Perfected Strike","Cleave"],"picked":"SKIP","floor":20},{"not_picked":["Evolve","Flame Barrier+1","Body Slam"],"picked":"SKIP","floor":24},{"not_picked":["Perfected Strike","Impervious","Hemokinesis"],"picked":"SKIP","floor":25},{"not_picked":["Rampage","True Grit","Evolve"],"picked":"SKIP","floor":27},{"not_picked":["Perfected Strike","Havoc+1","Searing Blow"],"picked":"SKIP","floor":29}],"player_experience":746808,"relics_obtained":[{"floor":9,"key":"Bag of Marbles"},{"floor":10,"key":"Bronze Scales"},{"floor":21,"key":"Red Mask"},{"floor":26,"key":"Orichalcum"}],"event_choices":[{"damage_healed":0,"gold_gain":0,"player_choice":"Take Damage","damage_taken":20,"relics_obtained":["Golden Idol"],"max_hp_gain":0,"max_hp_loss":0,"event_name":"Golden Idol","floor":4,"gold_loss":0},{"cards_removed":["Defend_R"],"damage_healed":0,"gold_gain":0,"player_choice":"Forget","damage_taken":0,"max_hp_gain":0,"max_hp_loss":0,"event_name":"Living Wall","floor":5,"gold_loss":0},{"damage_healed":0,"gold_gain":30,"player_choice":"Searched \u00272\u0027 times","damage_taken":0,"relics_obtained":["Gambling Chip"],"max_hp_gain":0,"max_hp_loss":0,"event_name":"Dead Adventurer","floor":12,"gold_loss":0},{"damage_healed":0,"gold_gain":0,"cards_transformed":["Immolate","Hemokinesis"],"player_choice":"Became Test Subject","damage_taken":0,"max_hp_gain":0,"max_hp_loss":0,"event_name":"Drug Dealer","floor":19,"gold_loss":0,"cards_obtained":["Berserk","Power Through"]},{"damage_healed":0,"gold_gain":0,"player_choice":"Fought Bandits","damage_taken":0,"max_hp_gain":0,"max_hp_loss":0,"event_name":"Masked Bandits","floor":21,"gold_loss":0},{"damage_healed":0,"gold_gain":0,"cards_transformed":["Bludgeon"],"player_choice":"Transformed","damage_taken":0,"max_hp_gain":0,"max_hp_loss":0,"event_name":"Transmorgrifier","floor":31,"gold_loss":0,"cards_obtained":["Uppercut"]}],"is_beta":false,"boss_relics":[{"not_picked":["Mark of Pain","Ectoplasm"],"picked":"Pandora\u0027s Box"}],"items_purged_floors":[2,11,22,28],"is_endless":false,"potions_floor_spawned":[3,10,14,16,20,27,29],"killed_by":"Collector","ascension_level":0}