{"path_per_floor":["M","?","M","M","M","E","M","R","T","?","M","?","R","$","R","B",null,"M","?","M","M","?","R","E","?","T","?","M","R","?","M","R","B",null,"M","?","$","?","M"],"character_chosen":"IRONCLAD","items_purchased":["Seeing Red","Fire Breathing","War Paint"],"gold_per_floor":[109,109,120,137,157,187,206,206,233,233,247,197,197,12,12,112,112,130,130,146,164,89,89,123,123,123,123,133,133,133,152,152,247,247,259,259,13,13,33],"floor_reached":40,"campfire_rested":4,"playtime":5765,"current_hp_per_floor":[75,63,68,72,69,38,37,61,61,61,58,58,58,58,58,46,80,66,66,68,50,50,74,47,73,73,73,53,77,62,36,61,42,85,43,64,64,64,61],"items_purged":["Defend_R","Pain"],"gold":33,"play_id":"46b12434-8385-452d-8e57-630466be5374","is_prod":false,"is_daily":false,"campfire_rituals":0,"campfire_upgraded":2,"is_hardmode":false,"path_taken":["M","?","?","M","M","E","M","R","T","?","M","?","R","?","R","BOSS","M","?","M","M","?","R","E","?","T","?","M","R","?","M","R","BOSS","M","?","$","?","M","E"],"build_version":"2018-01-11-PROD2","purchased_purges":2,"victory":false,"master_deck":["Defend_R","Defend_R","Bash","Cleave","Pommel Strike","Seeing Red","Pommel Strike","Seeing Red","Combust","Fire Breathing","Seeing Red","Fire Breathing","Dark Embrace","Warcry","Bite_R","Bite_R","Bite_R","Bite_R","Bite_R","Feel No Pain","Cleave","Pommel Strike","Seeing Red","Flex","Demon Form","Doubt","Parasite","Clumsy","Shrug It Off","Writhe","True Grit"],"max_hp_per_floor":[80,80,80,80,80,80,80,80,80,80,80,80,80,80,80,80,80,80,80,80,80,80,80,80,80,80,80,80,80,85,85,85,85,85,85,85,85,85,85],"relics":["Burning Blood","Kunai","Juzu Bracelet","Dodecahedron","Cursed Key","Shovel","Lantern","Calling Bell","Unceasing Top","Centennial Puzzle","Gremlin Horn","War Paint"],"campfire_meditates":0,"card_choices":[{"not_picked":["Double Tap","Infernal Blade"],"picked":"Cleave"},{"not_picked":["Heavy Blade","Dual Wield"],"picked":"Pommel Strike"},{"not_picked":["Headbutt","Perfected Strike"],"picked":"Seeing Red"},{"not_picked":["Perfected Strike","Rampage"],"picked":"Pommel Strike"},{"not_picked":["Anger","Clothesline"],"picked":"Seeing Red"},{"not_picked":["Heavy Blade","Perfected Strike"],"picked":"Combust"},{"not_picked":["Headbutt","Body Slam"],"picked":"Fire Breathing"},{"not_picked":["Feed","Double Tap"],"picked":"Dark Embrace"},{"not_picked":["Anger","Shockwave"],"picked":"Warcry"},{"not_picked":["True Grit","Heavy Blade"],"picked":"Feel No Pain"},{"not_picked":["Warcry","Clash"],"picked":"Cleave"},{"not_picked":["Disarm","Thunderclap"],"picked":"Pommel Strike"},{"not_picked":["Twin Strike","Combust"],"picked":"Seeing Red"},{"not_picked":["Sword Boomerang","Clash"],"picked":"Flex"},{"not_picked":["Double Tap","Barricade"],"picked":"Demon Form"},{"not_picked":["Cleave","Flame Barrier"],"picked":"Shrug It Off"},{"not_picked":["Shockwave","Metallicize"],"picked":"True Grit"}],"player_experience":12446,"potions_floor_usage":[5,7,16,21,33,33,39,39,40,40],"damage_taken":[{"damage":11,"enemies":"Jaw Worm","floor":1,"turns":2},{"damage":1,"enemies":"Small Slimes","floor":3,"turns":3},{"damage":2,"enemies":"2 Louse","floor":4,"turns":2},{"damage":9,"enemies":"Gremlin Gang","floor":5,"turns":3},{"damage":37,"enemies":"Lagavulin","floor":6,"turns":8},{"damage":7,"enemies":"Large Slime","floor":7,"turns":5},{"damage":11,"enemies":"Red Slaver","floor":11,"turns":4},{"damage":20,"enemies":"Slime Boss","floor":16,"turns":7},{"damage":20,"enemies":"Chosen","floor":18,"turns":5},{"damage":18,"enemies":"Shell Parasite","floor":20,"turns":4},{"damage":40,"enemies":"3 Cultists","floor":21,"turns":6},{"damage":45,"enemies":"Slavers","floor":24,"turns":5},{"damage":37,"enemies":"Snake Plant","floor":28,"turns":5},{"damage":50,"enemies":"Slaver and Parasite","floor":31,"turns":6},{"damage":45,"enemies":"Collector","floor":33,"turns":9},{"damage":54,"enemies":"3 Shapes","floor":35,"turns":4},{"damage":19,"enemies":"Orb Walker","floor":39,"turns":4},{"damage":122,"enemies":"Nemesis","floor":40,"turns":12}],"event_choices":[{"event_name":"Scrap Ooze","player_choice":"success","floor":2,"damage_taken":12},{"event_name":"Accursed Blacksmith","player_choice":"Rummage","floor":10,"damage_taken":0},{"event_name":"The Cleric","player_choice":"Card Removal","floor":12,"damage_taken":0},{"event_name":"Vampires","player_choice":"Became a vampire (Vial)","floor":19,"damage_taken":0},{"event_name":"Beggar","player_choice":"Gave Gold","floor":22,"damage_taken":0},{"event_name":"The Library","player_choice":"Heal","floor":25,"damage_taken":0},{"event_name":"Purifier","player_choice":"One Purge","floor":27,"damage_taken":0},{"event_name":"Forgotten Altar","player_choice":"Shed Blood","floor":30,"damage_taken":0},{"event_name":"Winding Halls","player_choice":"Writhe","floor":36,"damage_taken":0},{"event_name":"The Lab","player_choice":"Got Potions","floor":38,"damage_taken":0}],"boss_relics":[{"not_picked":["Runic Cube","Ectoplasm"],"picked":"Cursed Key"},{"not_picked":["Lizard Tail","Black Star"],"picked":"Calling Bell"}],"potions_floor_spawned":[1,5,6,16,28,31,33,39],"seed_played":"-9063728364640076181","killed_by":"Nemesis","is_trial":false}