{"path_per_floor":["M","M","?","M","M","E","?","M","T","T","M","$","M","E","R","B",null,"M","?","M","M","$"],"character_chosen":"THE_SILENT","items_purchased":["Prepared","Vajra","Escape Plan"],"gold_per_floor":[119,132,102,116,126,151,151,165,189,258,275,5,23,51,51,152,152,162,162,176,188,17],"floor_reached":23,"campfire_rested":1,"playtime":1587,"current_hp_per_floor":[70,65,65,62,59,26,19,19,26,26,26,26,26,7,45,3,77,70,70,70,48,48],"items_purged":["Defend_G","Strike_G"],"gold":17,"play_id":"1e3936c9-1a77-43c3-b3dc-11aed764ebc8","is_prod":false,"is_daily":false,"campfire_rituals":0,"campfire_upgraded":0,"is_hardmode":false,"path_taken":["M","M","?","M","?","E","?","M","T","?","M","$","M","E","R","BOSS","M","?","M","M","$","E"],"build_version":"2018-01-11-PROD2","purchased_purges":2,"victory":false,"master_deck":["Defend_G","Defend_G","Defend_G","Strike_G","Strike_G","Strike_G","Strike_G","Survivor","Neutralize","Backflip","Flying Knee","Dagger Spray","Flechettes","Flying Knee","Deflect","Dagger Spray","Prepared","Dagger Throw","Outmaneuver","Wraith Form","PiercingWail","Noxious Fumes","Slice","Escape Plan"],"max_hp_per_floor":[70,70,70,70,70,70,70,70,77,77,77,77,77,77,77,77,77,77,77,77,77,77],"relics":["Ring of the Snake","Regal Pillow","Strawberry","Bottled Lightning","Vajra","Shovel","Philosopher\u0027s Stone"],"campfire_meditates":0,"card_choices":[{"not_picked":["Terror","Dagger Spray"],"picked":"Backflip"},{"not_picked":["Predator","Skewer"],"picked":"Flying Knee"},{"not_picked":["Footwork","Poisoned Stab"],"picked":"Dagger Spray"},{"not_picked":["Masterful Stab","Endless Agony"],"picked":"Flechettes"},{"not_picked":["Masterful Stab","Crippling Poison"],"picked":"Flying Knee"},{"not_picked":["Bane","Venomology"],"picked":"Deflect"},{"not_picked":["Deadly Poison","Escape Plan"],"picked":"Dagger Spray"},{"not_picked":["Calculated Gamble","Distraction"],"picked":"Dagger Throw"},{"not_picked":["Deadly Poison","Bouncing Flask"],"picked":"Outmaneuver"},{"not_picked":["Phantasmal Killer","Bullet Time"],"picked":"Wraith Form"},{"not_picked":["Deflect","Backflip"],"picked":"PiercingWail"},{"not_picked":["Well Laid Plans","Slice"],"picked":"Noxious Fumes"},{"not_picked":["Backstab","Eviscerate"],"picked":"Slice"}],"player_experience":33803,"potions_floor_usage":[4,5,6,11,13,16],"damage_taken":[{"damage":0,"enemies":"Cultist","floor":1,"turns":4},{"damage":5,"enemies":"Blue Slaver","floor":2,"turns":4},{"damage":3,"enemies":"Jaw Worm","floor":4,"turns":4},{"damage":3,"enemies":"Gremlin Gang","floor":5,"turns":2},{"damage":33,"enemies":"3 Sentries","floor":6,"turns":7},{"damage":0,"enemies":"Large Slime","floor":8,"turns":4},{"damage":0,"enemies":"3 Louse","floor":11,"turns":2},{"damage":0,"enemies":"Exordium Wildlife","floor":13,"turns":2},{"damage":19,"enemies":"Gremlin Nob","floor":14,"turns":4},{"damage":42,"enemies":"The Guardian","floor":16,"turns":11},{"damage":7,"enemies":"Spheric Guardian","floor":18,"turns":3},{"damage":0,"enemies":"Chosen","floor":20,"turns":4},{"damage":22,"enemies":"3 Cultists","floor":21,"turns":5},{"damage":52,"enemies":"Book of Stabbing","floor":23,"turns":5}],"event_choices":[{"event_name":"The Woman in Blue","player_choice":"Bought 2 Potions","floor":3,"damage_taken":0},{"event_name":"Golden Wing","player_choice":"Card Removal","floor":7,"damage_taken":0},{"event_name":"Back to Basics","player_choice":"Simplicity","floor":19,"damage_taken":0}],"boss_relics":[{"not_picked":["White Beast Statue","The Specimen"],"picked":"Philosopher\u0027s Stone"}],"potions_floor_spawned":[1,5,6,11,14],"seed_played":"3095129691847319547","killed_by":"Book of Stabbing","is_trial":false}