{"gold_per_floor":[212,8,8,25,25,25,42,76,124,124,157,157,170,200,200,276,276,296,87,87,106,106,106,140,140,219,245,257,295,307,335,347,438,450,482,410,422,422,78,103,123,158,158,173,173,173,198,214,214,214,214,214,214,13,41,41],"floor_reached":56,"playtime":6642,"items_purged":["Strike_B","Strike_B"],"score":1976,"play_id":"Baalorlord-056d0589","local_time":"20190807215650","is_ascension_mode":true,"campfire_choices":[{"data":"Sunder","floor":6,"key":"SMITH"},{"data":"Barrage","floor":10,"key":"SMITH"},{"data":"Hologram","floor":12,"key":"SMITH"},{"floor":15,"key":"REST"},{"floor":23,"key":"REST"},{"data":"Coolheaded","floor":30,"key":"SMITH"},{"data":"Reinforced Body","floor":32,"key":"SMITH"},{"data":"Loop","floor":46,"key":"SMITH"},{"floor":49,"key":"RECALL"},{"data":"Hologram","floor":53,"key":"SMITH"}],"neow_cost":"NONE","seed_source_timestamp":126818876285600,"circlet_count":0,"master_deck":["AscendersBane","Strike_B","Strike_B+1","Defend_B","Defend_B","Defend_B","Defend_B","Zap","Cold Snap","Dark Shackles","Barrage+1","Sunder+1","Hologram+1","Reinforced Body+1","Gash+1","Hologram+1","Beam Cell","Echo Form","Coolheaded+1","Sweeping Beam","Self Repair","Glacier+1","Leap+1","Streamline+1","Rainbow+1","Compile Driver","Glacier+1","PanicButton+1","Loop+1","Force Field+1","Defragment","Dark Shackles+1","Machine Learning"],"relics":["Cracked Core","Regal Pillow","Kunai","Symbiotic Virus","Velvet Choker","Toxic Egg 2","Nilry\u0027s Codex","Matryoshka","MawBank","Pantograph","Vajra","Coffee Dripper","Incense Burner","Ornamental Fan","The Courier","Darkstone Periapt","Gremlin Horn","Happy Flower","Whetstone"],"potions_floor_usage":[8,11,21,24,25,40,42,55,56,56],"damage_taken":[{"damage":7,"enemies":"Cultist","floor":1,"turns":4},{"damage":5,"enemies":"Jaw Worm","floor":4,"turns":4},{"damage":0,"enemies":"2 Louse","floor":7,"turns":2},{"damage":10,"enemies":"Lagavulin","floor":8,"turns":6},{"damage":3,"enemies":"Gremlin Nob","floor":11,"turns":3},{"damage":0,"enemies":"2 Fungi Beasts","floor":13,"turns":4},{"damage":9,"enemies":"Lagavulin","floor":14,"turns":7},{"damage":0,"enemies":"Slime Boss","floor":16,"turns":8},{"damage":11,"enemies":"Spheric Guardian","floor":18,"turns":3},{"damage":12,"enemies":"3 Byrds","floor":21,"turns":4},{"damage":18,"enemies":"Book of Stabbing","floor":24,"turns":5},{"damage":6,"enemies":"Cultist and Chosen","floor":25,"turns":6},{"damage":7,"enemies":"3 Cultists","floor":27,"turns":5},{"damage":31,"enemies":"Gremlin Leader","floor":29,"turns":7},{"damage":0,"enemies":"Snake Plant","floor":31,"turns":3},{"damage":26,"enemies":"Automaton","floor":33,"turns":12},{"damage":4,"enemies":"3 Shapes","floor":35,"turns":8},{"damage":11,"enemies":"3 Darklings","floor":37,"turns":8},{"damage":39,"enemies":"Reptomancer","floor":40,"turns":12},{"damage":0,"enemies":"Maw","floor":41,"turns":8},{"damage":10,"enemies":"Giant Head","floor":42,"turns":11},{"damage":8,"enemies":"Sphere and 2 Shapes","floor":44,"turns":5},{"damage":16,"enemies":"Transient","floor":48,"turns":6},{"damage":21,"enemies":"Donu and Deca","floor":50,"turns":15},{"damage":29,"enemies":"Time Eater","floor":51,"turns":16},{"damage":37,"enemies":"Shield and Spear","floor":55,"turns":11},{"damage":73,"enemies":"The Heart","floor":56,"turns":3}],"seed_played":"2572051419764984628","potions_obtained":[{"floor":4,"key":"Fire Potion"},{"floor":5,"key":"Fire Potion"},{"floor":13,"key":"PowerPotion"},{"floor":14,"key":"LiquidBronze"},{"floor":21,"key":"SmokeBomb"},{"floor":31,"key":"FocusPotion"},{"floor":35,"key":"Dexterity Potion"},{"floor":48,"key":"Weak Potion"},{"floor":55,"key":"Regen Potion"}],"is_trial":false,"path_per_floor":["M","$","?","M","?","R","M","E","T","R","E","R","M","E","R","B",null,"M","$","T","M","?","R","E","M","T","M","?","E","R","M","R","B",null,"M","$","M","?","$","E","M","E","T","M","?","R","T","M","R","B","B",null,"R","$","E","B"],"character_chosen":"DEFECT","items_purchased":["Dark Shackles","Barrage","Sweeping Beam","Self Repair","Glacier+1","Incense Burner","Defragment","Dark Shackles+1","PowerPotion","PowerPotion"],"campfire_rested":2,"item_purchase_floors":[2,2,19,19,36,39,54,54,54,54],"current_hp_per_floor":[57,57,50,45,45,45,45,35,35,35,32,32,32,23,59,59,68,57,57,57,45,24,60,42,43,43,43,43,19,19,26,26,25,60,70,70,71,61,61,36,50,47,47,46,46,46,46,37,37,48,49,66,66,66,36,0],"gold":41,"neow_bonus":"HUNDRED_GOLD","is_prod":false,"is_daily":false,"chose_seed":false,"campfire_upgraded":7,"win_rate":0,"timestamp":1565229410,"path_taken":["M","$","?","M","?","R","M","E","T","R","E","R","M","E","R","BOSS","M","$","?","M","?","R","E","M","T","M","?","E","R","M","R","BOSS","M","$","M","?","$","E","M","E","T","M","?","R","?","?","R","BOSS","BOSS","R","$","E","BOSS"],"build_version":"2019-07-17","purchased_purges":2,"victory":false,"max_hp_per_floor":[71,71,71,71,71,71,71,71,71,71,71,71,71,71,71,71,71,71,71,71,71,71,71,71,71,71,71,71,71,71,71,71,71,71,71,71,71,71,71,71,71,71,71,71,71,71,71,71,71,71,71,71,71,71,71,71],"card_choices":[{"not_picked":["Go for the Eyes","Leap"],"picked":"Cold Snap","floor":1},{"not_picked":["Leap","Reprogram"],"picked":"Sunder","floor":4},{"not_picked":["Scrape","Rebound"],"picked":"Hologram","floor":7},{"not_picked":["Self Repair","Static Discharge"],"picked":"Reinforced Body","floor":8},{"not_picked":["Reprogram","BootSequence"],"picked":"Gash","floor":11},{"not_picked":["Streamline","Reprogram"],"picked":"Hologram","floor":13},{"not_picked":["All For One","Conserve Battery"],"picked":"Beam Cell","floor":14},{"not_picked":["Seek","All For One"],"picked":"Echo Form","floor":16},{"not_picked":["Steam","Turbo+1"],"picked":"Coolheaded","floor":18},{"not_picked":["Melter","Redo+1","Stack+1"],"picked":"SKIP","floor":21},{"not_picked":["Steam+1","FTL"],"picked":"Glacier+1","floor":24},{"not_picked":["Hologram+1","Multi-Cast+1"],"picked":"Leap+1","floor":27},{"not_picked":["White Noise+1","Hologram+1"],"picked":"Streamline+1","floor":29},{"not_picked":["Stack+1","Rebound","Hello World"],"picked":"SKIP","floor":31},{"not_picked":["Thunder Strike","Amplify+1"],"picked":"Rainbow+1","floor":33},{"not_picked":["Turbo+1","Gash"],"picked":"Compile Driver","floor":35},{"not_picked":["Turbo+1","Static Discharge","Gash+1"],"picked":"SKIP","floor":37},{"not_picked":["Good Instincts+1","Discovery+1"],"picked":"PanicButton+1","floor":38},{"not_picked":["Conserve Battery+1","Heatsinks"],"picked":"Loop","floor":40},{"not_picked":["Sweeping Beam","Cold Snap","Double Energy+1"],"picked":"SKIP","floor":41},{"not_picked":["Steam+1","Scrape"],"picked":"Force Field+1","floor":42},{"not_picked":["Rebound","Gash+1","Fusion+1"],"picked":"SKIP","floor":44},{"not_picked":["Barrage","Steam+1","Streamline+1"],"picked":"SKIP","floor":48},{"not_picked":["Barrage","Steam+1","Streamline+1"],"picked":"SKIP","floor":48},{"not_picked":["Ball Lightning+1","Stack+1"],"picked":"Machine Learning","floor":55}],"player_experience":2337278,"relics_obtained":[{"floor":8,"key":"Regal Pillow"},{"floor":11,"key":"Kunai"},{"floor":14,"key":"Symbiotic Virus"},{"floor":20,"key":"Toxic Egg 2"},{"floor":22,"key":"Nilry\u0027s Codex"},{"floor":24,"key":"Matryoshka"},{"floor":26,"key":"MawBank"},{"floor":26,"key":"Pantograph"},{"floor":29,"key":"Vajra"},{"floor":40,"key":"Ornamental Fan"},{"floor":42,"key":"The Courier"},{"floor":43,"key":"Darkstone Periapt"},{"floor":43,"key":"Gremlin Horn"},{"floor":47,"key":"Happy Flower"},{"floor":55,"key":"Whetstone"}],"event_choices":[{"cards_removed":["Dualcast"],"damage_healed":0,"gold_gain":0,"player_choice":"Card Removal","damage_taken":7,"max_hp_gain":0,"max_hp_loss":0,"event_name":"Golden Wing","floor":3,"gold_loss":0},{"damage_healed":0,"gold_gain":0,"player_choice":"Got Potions","damage_taken":0,"max_hp_gain":0,"max_hp_loss":0,"event_name":"Lab","floor":5,"gold_loss":0},{"damage_healed":0,"gold_gain":0,"player_choice":"Obtained Book","damage_taken":21,"max_hp_gain":0,"max_hp_loss":0,"event_name":"Cursed Tome","floor":22,"gold_loss":0},{"damage_healed":0,"gold_gain":0,"player_choice":"Ignored","damage_taken":0,"max_hp_gain":0,"max_hp_loss":0,"event_name":"Vampires","floor":28,"gold_loss":0},{"damage_healed":0,"gold_gain":0,"player_choice":"Memory 3","damage_taken":10,"max_hp_gain":0,"max_hp_loss":0,"event_name":"SensoryStone","floor":38,"gold_loss":0},{"damage_healed":0,"gold_gain":0,"player_choice":"Ignored","damage_taken":0,"max_hp_gain":0,"max_hp_loss":0,"event_name":"Tomb of Lord Red Mask","floor":45,"gold_loss":0}],"is_beta":false,"boss_relics":[{"not_picked":["Astrolabe","Orrery"],"picked":"Velvet Choker"},{"not_picked":["Busted Crown","Calling Bell"],"picked":"Coffee Dripper"}],"items_purged_floors":[2,19],"is_endless":false,"potions_floor_spawned":[4,13,14,21,31,35,37,48,55],"killed_by":"The Heart","ascension_level":20}