{"gold_per_floor":[112,112,287,40,57,87,105,140,179,45,56,56,91,91,91,186,186,200,200,200,212,232,232,247,247,247,247,247,280,292,325,325,325],"floor_reached":33,"playtime":2157,"items_purged":[],"score":373,"play_id":"acbe790f-3a84-47cb-b2ec-7490dcbaae85","local_time":"20190807203852","is_ascension_mode":true,"campfire_choices":[{"data":"Reaper","floor":12,"key":"SMITH"},{"data":"Fire Breathing","floor":15,"key":"SMITH"},{"data":"Feed","floor":23,"key":"SMITH"},{"data":"Havoc","floor":25,"key":"SMITH"},{"data":"Thunderclap","floor":27,"key":"SMITH"},{"data":"Pommel Strike","floor":32,"key":"SMITH"}],"neow_cost":"NONE","seed_source_timestamp":42460713877138,"circlet_count":0,"master_deck":["Strike_R","Strike_R","Strike_R","Strike_R","Strike_R","Defend_R","Defend_R","Defend_R","Bash+1","Shockwave","Doubt","Havoc+1","Inflame","Intimidate","Thunderclap+1","Reaper+1","Heavy Blade","Clothesline","Fire Breathing+1","Feed+1","Heavy Blade","Pommel Strike+1","Heavy Blade","Flame Barrier+1","Power Through+1","Infernal Blade+1","Armaments+1"],"relics":["Black Blood","TheAbacus","Bag of Marbles","MawBank","Red Skull","Strawberry","Mummified Hand","Enchiridion","Toxic Egg 2","Juzu Bracelet","Smiling Mask"],"potions_floor_usage":[8,8,13,31,33],"damage_taken":[{"damage":1,"enemies":"2 Louse","floor":1,"turns":3},{"damage":2,"enemies":"Cultist","floor":5,"turns":4},{"damage":49,"enemies":"3 Sentries","floor":6,"turns":10},{"damage":9,"enemies":"Jaw Worm","floor":7,"turns":4},{"damage":32,"enemies":"Lagavulin","floor":8,"turns":6},{"damage":7,"enemies":"Large Slime","floor":11,"turns":5},{"damage":22,"enemies":"3 Sentries","floor":13,"turns":5},{"damage":18,"enemies":"Hexaghost","floor":16,"turns":9},{"damage":30,"enemies":"3 Byrds","floor":18,"turns":6},{"damage":16,"enemies":"2 Thieves","floor":21,"turns":2},{"damage":27,"enemies":"3 Cultists","floor":22,"turns":5},{"damage":21,"enemies":"Snake Plant","floor":24,"turns":3},{"damage":30,"enemies":"Gremlin Leader","floor":29,"turns":6},{"damage":30,"enemies":"Cultist and Chosen","floor":30,"turns":5},{"damage":25,"enemies":"Slavers","floor":31,"turns":4},{"damage":75,"enemies":"Champ","floor":33,"turns":7}],"seed_played":"1478165942368517639","potions_obtained":[{"floor":6,"key":"SpeedPotion"},{"floor":7,"key":"Poison Potion"},{"floor":8,"key":"Ancient Potion"},{"floor":11,"key":"Poison Potion"},{"floor":16,"key":"Ancient Potion"},{"floor":24,"key":"Explosive Potion"},{"floor":31,"key":"EssenceOfSteel"}],"is_trial":false,"path_per_floor":["M","?","?","$","M","E","M","E","T","$","M","R","E","?","R","B",null,"M","?","?","M","M","R","M","R","T","R","?","E","M","E","R","B"],"character_chosen":"IRONCLAD","items_purchased":["TheAbacus","Havoc","Strawberry"],"campfire_rested":0,"item_purchase_floors":[4,4,10],"current_hp_per_floor":[88,88,88,88,88,45,42,16,16,23,31,31,35,35,35,35,95,84,68,48,62,63,63,52,52,52,52,52,51,42,57,57,0],"gold":325,"neow_bonus":"TEN_PERCENT_HP_BONUS","is_prod":false,"is_daily":false,"chose_seed":false,"campfire_upgraded":6,"win_rate":0,"timestamp":1565228332,"path_taken":["M","?","?","$","M","E","M","E","T","$","M","R","E","?","R","BOSS","M","?","?","M","M","R","M","R","T","R","?","E","M","E","R","BOSS"],"build_version":"2019-07-17","purchased_purges":0,"victory":false,"max_hp_per_floor":[88,88,88,88,88,88,88,88,88,95,95,95,95,95,95,95,95,98,98,103,103,103,103,103,103,103,103,103,103,103,103,103,103],"card_choices":[{"not_picked":["Perfected Strike","Dual Wield"],"picked":"Shockwave","floor":1},{"not_picked":["Reckless Charge","Bloodletting"],"picked":"Inflame","floor":5},{"not_picked":["Rage","Clash"],"picked":"Intimidate","floor":6},{"not_picked":["Fire Breathing","True Grit"],"picked":"Thunderclap","floor":7},{"not_picked":["Rupture","Berserk"],"picked":"Reaper","floor":8},{"not_picked":["True Grit","Iron Wave"],"picked":"Heavy Blade","floor":11},{"not_picked":["Clash","Warcry"],"picked":"Clothesline","floor":13},{"not_picked":["Impervious","Demon Form"],"picked":"Feed","floor":16},{"not_picked":["Twin Strike","Clash"],"picked":"Heavy Blade","floor":18},{"not_picked":["Perfected Strike","Cleave+1"],"picked":"Pommel Strike","floor":21},{"not_picked":["Thunderclap","Reckless Charge"],"picked":"Heavy Blade","floor":22},{"not_picked":["Heavy Blade","Headbutt+1","Carnage"],"picked":"SKIP","floor":24},{"not_picked":["Second Wind+1","Entrench+1"],"picked":"Power Through+1","floor":29},{"not_picked":["True Grit+1","Sword Boomerang+1"],"picked":"Infernal Blade+1","floor":30},{"not_picked":["Perfected Strike","Wild Strike+1"],"picked":"Armaments+1","floor":31}],"player_experience":107709,"relics_obtained":[{"floor":6,"key":"Bag of Marbles"},{"floor":8,"key":"MawBank"},{"floor":9,"key":"Red Skull"},{"floor":13,"key":"Mummified Hand"},{"floor":19,"key":"Enchiridion"},{"floor":26,"key":"Toxic Egg 2"},{"floor":29,"key":"Juzu Bracelet"},{"floor":31,"key":"Smiling Mask"}],"event_choices":[{"damage_healed":0,"gold_gain":0,"player_choice":"Grow","damage_taken":0,"max_hp_gain":0,"max_hp_loss":0,"event_name":"Living Wall","floor":2,"gold_loss":0,"cards_upgraded":["Bash"]},{"damage_healed":0,"gold_gain":175,"player_choice":"AGREE","damage_taken":0,"max_hp_gain":0,"max_hp_loss":0,"event_name":"Liars Game","floor":3,"gold_loss":0,"cards_obtained":["Doubt"]},{"damage_healed":0,"gold_gain":0,"cards_transformed":["Defend_R"],"player_choice":"Transformed","damage_taken":0,"max_hp_gain":0,"max_hp_loss":0,"event_name":"Transmorgrifier","floor":14,"gold_loss":0,"cards_obtained":["Fire Breathing"]},{"damage_healed":0,"gold_gain":0,"player_choice":"Obtained Book","damage_taken":16,"max_hp_gain":0,"max_hp_loss":0,"event_name":"Cursed Tome","floor":19,"gold_loss":0},{"damage_healed":0,"gold_gain":0,"player_choice":"Shed Blood","damage_taken":25,"max_hp_gain":5,"max_hp_loss":0,"event_name":"Forgotten Altar","floor":20,"gold_loss":0},{"damage_healed":0,"gold_gain":0,"player_choice":"Read","damage_taken":0,"max_hp_gain":0,"max_hp_loss":0,"event_name":"The Library","floor":28,"gold_loss":0,"cards_obtained":["Flame Barrier"]}],"is_beta":false,"boss_relics":[{"not_picked":["Orrery","White Beast Statue"],"picked":"Black Blood"}],"items_purged_floors":[],"is_endless":false,"potions_floor_spawned":[6,7,8,11,16,24,31],"killed_by":"Champ","ascension_level":3}