{"gold_per_floor":[11,24,41,41,7,39,39,67,67,67,87,87,87,99,99,202,202,216,234,333,348,448,475,475,489,516,544,556,570,47,74,74,175,175,185,205,31,51,61,87,99,127,139,151,192,204,234,259,271,283],"floor_reached":51,"playtime":5356,"items_purged":["Strike_B","Defend_B"],"score":949,"play_id":"36e95d22-10df-480c-8d91-a799d51aea54","local_time":"20190819115350","is_ascension_mode":true,"campfire_choices":[{"floor":7.0,"key":"REST"},{"data":"Defragment","floor":10.0,"key":"SMITH"},{"data":"Defragment","floor":12.0,"key":"SMITH"},{"data":"Chaos","floor":15.0,"key":"SMITH"},{"data":"Rainbow","floor":24.0,"key":"SMITH"},{"data":"Zap","floor":32.0,"key":"SMITH"},{"data":"Defragment","floor":41,"key":"SMITH"},{"data":"Loop","floor":49,"key":"SMITH"}],"neow_cost":"NO_GOLD","seed_source_timestamp":0,"circlet_count":0,"master_deck":["Defend_B","Defend_B+1","Zap+1","Dualcast","Sweeping Beam+1","Darkness","Cold Snap","Static Discharge","Chaos+1","Defragment+1","Defragment+1","Coolheaded","Rainbow+1","Sunder","Genetic Algorithm","Self Repair+1","Darkness+1","Lockon+1","Machine Learning","Capacitor","Defragment+1","Loop+1","FTL+1"],"special_seed":0,"relics":["Cracked Core","Thread and Needle","Bottled Tornado","Velvet Choker","Lantern","Vajra","Orichalcum","Runic Capacitor","Singing Bowl","Sundial","Orrery","MawBank","FossilizedHelix","Molten Egg 2"],"potions_floor_usage":[50],"damage_taken":[{"damage":3.0,"enemies":"2 Louse","floor":1.0,"turns":2.0},{"damage":6.0,"enemies":"Jaw Worm","floor":2.0,"turns":3.0},{"damage":0.0,"enemies":"Cultist","floor":3.0,"turns":3.0},{"damage":13.0,"enemies":"Gremlin Nob","floor":6.0,"turns":4.0},{"damage":0.0,"enemies":"3 Sentries","floor":8.0,"turns":7.0},{"damage":7.0,"enemies":"3 Louse","floor":11.0,"turns":2.0},{"damage":0.0,"enemies":"Blue Slaver","floor":14.0,"turns":4.0},{"damage":8.0,"enemies":"Slime Boss","floor":16.0,"turns":8.0},{"damage":0.0,"enemies":"Chosen","floor":18.0,"turns":4.0},{"damage":11.0,"enemies":"2 Thieves","floor":19.0,"turns":3.0},{"damage":0.0,"enemies":"Sentry and Sphere","floor":21.0,"turns":4.0},{"damage":35.0,"enemies":"Slavers","floor":23.0,"turns":3.0},{"damage":1.0,"enemies":"Shelled Parasite and Fungi","floor":25.0,"turns":6.0},{"damage":10.0,"enemies":"Gremlin Leader","floor":27.0,"turns":6.0},{"damage":0.0,"enemies":"Centurion and Healer","floor":28.0,"turns":6.0},{"damage":0.0,"enemies":"Snake Plant","floor":29.0,"turns":2.0},{"damage":17.0,"enemies":"Slavers","floor":31.0,"turns":5.0},{"damage":0.0,"enemies":"Champ","floor":33.0,"turns":7.0},{"damage":3.0,"enemies":"Orb Walker","floor":35.0,"turns":3.0},{"damage":0.0,"enemies":"3 Shapes","floor":36.0,"turns":5.0},{"damage":0,"enemies":"Transient","floor":38,"turns":5},{"damage":0,"enemies":"Maw","floor":39,"turns":6},{"damage":0,"enemies":"Giant Head","floor":40,"turns":6},{"damage":35,"enemies":"Jaw Worm Horde","floor":42,"turns":5},{"damage":25,"enemies":"Reptomancer","floor":45,"turns":5},{"damage":0,"enemies":"4 Shapes","floor":47,"turns":6},{"damage":0,"enemies":"Transient","floor":48,"turns":5},{"damage":24,"enemies":"Awakened One","floor":50,"turns":10}],"seed_played":"3215923727629830519","potions_obtained":[{"floor":1.0,"key":"Ancient Potion"},{"floor":2.0,"key":"LiquidBronze"},{"floor":11.0,"key":"Swift Potion"},{"floor":19.0,"key":"Poison Potion"},{"floor":23.0,"key":"SteroidPotion"},{"floor":28.0,"key":"Regen Potion"},{"floor":29.0,"key":"Explosive Potion"},{"floor":36.0,"key":"LiquidBronze"},{"floor":40,"key":"PowerPotion"},{"floor":45,"key":"EssenceOfSteel"}],"is_trial":false,"path_per_floor":["M","M","M","?","$","E","R","E","T","R","M","R","?","M","R","B",null,"M","M","?","M","?","E","R","M","T","E","M","M","$","E","R","B",null,"M","M","$","M","M","E","R","M","T","?","E","?","M","M","R","B",null],"character_chosen":"DEFECT","items_purchased":["Static Discharge","Runic Capacitor","Singing Bowl","Capacitor"],"campfire_rested":1,"item_purchase_floors":[5,30,30,37],"current_hp_per_floor":[72,66,66,51,51,38,60,60,60,60,53,53,46,46,46,38,75,75,64,64,64,64,29,29,28,28,28,38,48,48,41,41,53,87,89,91,91,93,93,95,95,70,70,70,57,57,67,79,79,65],"gold":295,"neow_bonus":"TRANSFORM_TWO_CARDS","is_prod":false,"is_daily":false,"chose_seed":false,"campfire_upgraded":7,"win_rate":0,"timestamp":1566240830,"path_taken":["M","M","M","?","$","E","R","E","T","R","M","R","?","M","R","BOSS","M","M","?","M","?","E","R","M","T","E","M","?","$","E","R","BOSS","M","M","$","M","M","E","R","M","T","?","E","?","M","M","R","BOSS"],"build_version":"2019-07-17","purchased_purges":2,"victory":true,"max_hp_per_floor":[75,75,75,75,75,75,75,75,75,75,75,75,75,75,75,75,75,75,75,75,75,75,75,75,75,75,75,75,75,75,75,75,77,87,89,91,91,93,93,95,95,95,95,95,97,97,97,99,99,99],"card_choices":[{"not_picked":["Doom and Gloom","Rip and Tear","Streamline"],"picked":"SKIP","floor":1.0},{"not_picked":["Streamline","Steam"],"picked":"Cold Snap","floor":2.0},{"not_picked":["Leap","Hologram","Force Field"],"picked":"SKIP","floor":3.0},{"not_picked":["Beam Cell","Streamline"],"picked":"Chaos","floor":6.0},{"not_picked":["Darkness","Fission"],"picked":"Defragment","floor":8.0},{"not_picked":["Rebound","Go for the Eyes"],"picked":"Defragment","floor":11.0},{"not_picked":["Sweeping Beam","Blizzard"],"picked":"Coolheaded","floor":14.0},{"not_picked":["Reboot","All For One"],"picked":"Rainbow","floor":16.0},{"not_picked":["Rebound","Coolheaded"],"picked":"Sunder","floor":18.0},{"not_picked":["Beam Cell","Leap","Gash"],"picked":"SKIP","floor":19.0},{"not_picked":["Turbo","BootSequence+1","Gash"],"picked":"SKIP","floor":21.0},{"not_picked":["Turbo","Cold Snap"],"picked":"Genetic Algorithm","floor":23.0},{"not_picked":["Auto Shields","Skim"],"picked":"Self Repair+1","floor":25.0},{"not_picked":["Go for the Eyes+1","Auto Shields"],"picked":"Darkness+1","floor":27.0},{"not_picked":["Sunder+1","Gash+1"],"picked":"Lockon+1","floor":28.0},{"not_picked":["Leap+1","Sweeping Beam","Melter"],"picked":"SKIP","floor":29.0},{"not_picked":["Turbo+1","Force Field+1"],"picked":"Machine Learning","floor":31.0},{"not_picked":["Seek","All For One","Reboot"],"picked":"Singing Bowl","floor":33.0},{"not_picked":["Beam Cell","Stack","Cold Snap"],"picked":"Singing Bowl","floor":34.0},{"not_picked":["Sweeping Beam+1","Go for the Eyes+1","Compile Driver+1"],"picked":"Singing Bowl","floor":34.0},{"not_picked":["Rebound+1","Hello World","Sweeping Beam"],"picked":"Singing Bowl","floor":34.0},{"not_picked":["Streamline","Cold Snap+1","Buffer"],"picked":"Singing Bowl","floor":34.0},{"not_picked":["Compile Driver+1","Coolheaded","Leap+1"],"picked":"Singing Bowl","floor":34.0},{"not_picked":["Conserve Battery+1","Meteor Strike","BootSequence+1"],"picked":"Singing Bowl","floor":35.0},{"not_picked":["Cold Snap","Steam","Conserve Battery+1"],"picked":"Singing Bowl","floor":36.0},{"not_picked":["White Noise","Leap","Sunder"],"picked":"Singing Bowl","floor":38},{"not_picked":["Melter","Ball Lightning+1"],"picked":"Defragment","floor":39},{"not_picked":["Blizzard+1","Steam Power","Sweeping Beam+1"],"picked":"Singing Bowl","floor":40},{"not_picked":["Hello World+1","Beam Cell"],"picked":"Loop","floor":42},{"not_picked":["Chaos","Double Energy","Turbo"],"picked":"Singing Bowl","floor":45},{"not_picked":["Coolheaded","Redo"],"picked":"FTL+1","floor":47},{"not_picked":["Conserve Battery+1","Redo","Gash+1"],"picked":"Singing Bowl","floor":48}],"player_experience":217670,"relics_obtained":[{"floor":6.0,"key":"Thread and Needle"},{"floor":8.0,"key":"Bottled Tornado"},{"floor":23.0,"key":"Lantern"},{"floor":26.0,"key":"Vajra"},{"floor":27.0,"key":"Orichalcum"},{"floor":31.0,"key":"Sundial"},{"floor":40,"key":"MawBank"},{"floor":43,"key":"FossilizedHelix"},{"floor":45,"key":"Molten Egg 2"}],"event_choices":[{"damage_healed":0.0,"max_hp_gain":0.0,"max_hp_loss":0.0,"gold_gain":0.0,"event_name":"Shining Light","player_choice":"Entered Light","floor":4.0,"gold_loss":0.0,"damage_taken":15.0,"cards_upgraded":["Defend_B","Sweeping Beam"]},{"cards_removed":["Strike_B"],"damage_healed":0.0,"max_hp_gain":0.0,"max_hp_loss":0.0,"gold_gain":0.0,"event_name":"Golden Wing","player_choice":"Card Removal","floor":13.0,"gold_loss":0.0,"damage_taken":7.0},{"damage_healed":0.0,"max_hp_gain":0.0,"max_hp_loss":0.0,"gold_gain":99.0,"event_name":"Nest","player_choice":"Stole From Cult","floor":20.0,"gold_loss":0.0,"damage_taken":0.0},{"damage_healed":0.0,"max_hp_gain":0.0,"max_hp_loss":0.0,"gold_gain":100.0,"event_name":"Golden Shrine","player_choice":"Pray","floor":22.0,"gold_loss":0.0,"damage_taken":0.0},{"cards_removed":["Defend_B"],"damage_healed":0,"gold_gain":0,"player_choice":"Removed Skill","damage_taken":0,"max_hp_gain":0,"max_hp_loss":0,"event_name":"Falling","floor":44,"gold_loss":0},{"damage_healed":0,"gold_gain":0,"player_choice":"Ignored","damage_taken":0,"max_hp_gain":0,"max_hp_loss":0,"event_name":"Tomb of Lord Red Mask","floor":46,"gold_loss":0}],"is_beta":false,"boss_relics":[{"not_picked":["Sozu","Astrolabe"],"picked":"Velvet Choker"},{"not_picked":["Snecko Eye","Coffee Dripper"],"picked":"Orrery"}],"items_purged_floors":[30,37],"is_endless":false,"potions_floor_spawned":[1,2,11,19,23,28,29,33,36,38,40,45],"ascension_level":1}