{"gold_per_floor":[212,137,137,137,148,148,181,181,233,233,233,263,338,356,356,451,451,468,383,383,137,137,137,137,137,163,183,133,133,167,178,178,178],"floor_reached":33,"playtime":1205,"items_purged":["Defend_R","Strike_R","Defend_R"],"score":283,"play_id":"519f35f0-7f89-4d14-9764-9da3dac37fd0","local_time":"20190727192326","is_ascension_mode":true,"campfire_choices":[{"data":"Bash","floor":6,"key":"SMITH"},{"floor":8,"key":"REST"},{"floor":11,"key":"REST"},{"floor":15,"key":"REST"},{"data":"Sentinel","floor":23,"key":"SMITH"},{"data":"Spot Weakness","floor":25,"key":"SMITH"},{"floor":29,"key":"REST"},{"floor":32,"key":"REST"}],"neow_cost":"NONE","seed_source_timestamp":205483500915350,"circlet_count":0,"master_deck":["Strike_R","Strike_R","Strike_R","Defend_R","Defend_R","Bash+1","Battle Trance","Impervious","Spot Weakness+1","Sentinel+1","Evolve","Rage","Rupture+1","Perfected Strike","Pommel Strike+1"],"relics":["Burning Blood","Lantern","Dodecahedron","Orichalcum","Orrery","Smiling Mask","Bird Faced Urn","Lee\u0027s Waffle","Red Skull","FossilizedHelix"],"potions_floor_usage":[16,30,30,33],"damage_taken":[{"damage":14,"enemies":"Jaw Worm","floor":1,"turns":3},{"damage":8,"enemies":"2 Louse","floor":5,"turns":2},{"damage":48,"enemies":"3 Sentries","floor":7,"turns":11},{"damage":10,"enemies":"Small Slimes","floor":14,"turns":3},{"damage":66,"enemies":"The Guardian","floor":16,"turns":16},{"damage":32,"enemies":"Spheric Guardian","floor":18,"turns":7},{"damage":79,"enemies":"3 Byrds","floor":27,"turns":8},{"damage":37,"enemies":"Book of Stabbing","floor":30,"turns":6},{"damage":0,"enemies":"Snecko","floor":31,"turns":4},{"damage":81,"enemies":"Automaton","floor":33,"turns":6}],"seed_played":"8154323332590737711","potions_obtained":[{"floor":1,"key":"SpeedPotion"},{"floor":5,"key":"SpeedPotion"},{"floor":18,"key":"Energy Potion"},{"floor":31,"key":"Weak Potion"}],"is_trial":false,"path_per_floor":["M","$","?","?","M","R","E","R","T","?","R","?","?","M","R","B",null,"M","?","T","$","?","R","?","R","T","M","$","R","E","M","R","B"],"character_chosen":"IRONCLAD","items_purchased":["Lee\u0027s Waffle"],"campfire_rested":5,"item_purchase_floors":[21],"current_hp_per_floor":[72,72,54,59,57,57,15,40,40,40,65,65,54,50,75,15,85,59,59,59,92,92,92,92,92,92,19,19,46,19,27,54,0],"gold":178,"neow_bonus":"HUNDRED_GOLD","is_prod":false,"is_daily":false,"chose_seed":false,"campfire_upgraded":3,"win_rate":0,"timestamp":1564280606,"path_taken":["M","$","?","?","M","R","E","R","T","?","R","?","?","M","R","BOSS","M","?","?","?","?","R","?","R","T","?","$","R","E","M","R","BOSS"],"build_version":"2019-07-17","purchased_purges":3,"victory":false,"max_hp_per_floor":[80,80,80,85,85,85,85,85,85,85,85,85,85,85,85,85,85,85,85,85,92,92,92,92,92,92,92,92,92,92,92,92,92],"card_choices":[{"not_picked":["Rupture","Infernal Blade"],"picked":"Battle Trance","floor":1},{"not_picked":["Anger","Wild Strike","Sword Boomerang"],"picked":"SKIP","floor":5},{"not_picked":["Seeing Red","Intimidate","Warcry"],"picked":"SKIP","floor":7},{"not_picked":["Corruption","Second Wind","Thunderclap"],"picked":"SKIP","floor":14},{"not_picked":["Juggernaut","Offering"],"picked":"Impervious","floor":16},{"not_picked":["Headbutt","Warcry"],"picked":"Spot Weakness","floor":17},{"not_picked":["Fire Breathing","Rupture"],"picked":"Sentinel","floor":17},{"not_picked":["Second Wind","Rampage"],"picked":"Evolve","floor":17},{"not_picked":["Second Wind","Twin Strike+1","Blood for Blood"],"picked":"SKIP","floor":18},{"not_picked":["Wild Strike","Heavy Blade+1"],"picked":"Rupture+1","floor":27},{"not_picked":["Wild Strike","Havoc"],"picked":"Perfected Strike","floor":30},{"not_picked":["Wild Strike","Metallicize"],"picked":"Pommel Strike+1","floor":31}],"player_experience":241660,"relics_obtained":[{"floor":7,"key":"Dodecahedron"},{"floor":9,"key":"Orichalcum"},{"floor":20,"key":"Bird Faced Urn"},{"floor":26,"key":"Red Skull"},{"floor":30,"key":"FossilizedHelix"}],"event_choices":[{"damage_healed":0,"gold_gain":0,"player_choice":"Success","damage_taken":18,"relics_obtained":["Lantern"],"max_hp_gain":0,"max_hp_loss":0,"event_name":"Scrap Ooze","floor":3,"gold_loss":0},{"damage_healed":0,"gold_gain":0,"player_choice":"Donut","damage_taken":0,"max_hp_gain":5,"max_hp_loss":0,"event_name":"Big Fish","floor":4,"gold_loss":0},{"damage_healed":0,"gold_gain":0,"player_choice":"Ignored","damage_taken":0,"max_hp_gain":0,"max_hp_loss":0,"event_name":"Liars Game","floor":10,"gold_loss":0},{"damage_healed":0,"gold_gain":30,"player_choice":"Searched \u00271\u0027 times","damage_taken":0,"max_hp_gain":0,"max_hp_loss":0,"event_name":"Dead Adventurer","floor":12,"gold_loss":0},{"damage_healed":0,"gold_gain":75,"player_choice":"Gather Gold","damage_taken":11,"max_hp_gain":0,"max_hp_loss":0,"event_name":"World of Goop","floor":13,"gold_loss":0},{"damage_healed":0,"gold_gain":0,"player_choice":"Obtained Relic","damage_taken":0,"relics_obtained":["Smiling Mask"],"max_hp_gain":0,"max_hp_loss":0,"event_name":"Addict","floor":19,"gold_loss":85},{"damage_healed":0,"gold_gain":0,"player_choice":"Ignored","damage_taken":0,"max_hp_gain":0,"max_hp_loss":0,"event_name":"Vampires","floor":22,"gold_loss":0},{"damage_healed":0,"gold_gain":0,"cards_transformed":["Strike_R"],"player_choice":"Transformed","damage_taken":0,"max_hp_gain":0,"max_hp_loss":0,"event_name":"Transmorgrifier","floor":24,"gold_loss":0,"cards_obtained":["Rage"]}],"is_beta":false,"boss_relics":[{"not_picked":["Mark of Pain","Calling Bell"],"picked":"Orrery"}],"items_purged_floors":[2,21,28],"is_endless":false,"potions_floor_spawned":[1,5,18,31],"killed_by":"Automaton","ascension_level":2}