{"gold_per_floor":[212,7,17,17,17,51,51,63,143,161,184,198,208,173,173,276,276,287,386,401,401,420,420,454,454,504,522,437,437,455,455],"floor_reached":31,"playtime":1344,"items_purged":[],"score":308,"play_id":"c70a432e-b1d8-4e89-b6f1-04afc95b52b1","local_time":"20190607170239","is_ascension_mode":true,"campfire_choices":[{"data":"Zap","floor":7,"key":"SMITH"},{"floor":15,"key":"REST"},{"floor":23,"key":"REST"},{"data":"Biased Cognition","floor":25,"key":"SMITH"},{"floor":29,"key":"REST"}],"neow_cost":"NONE","seed_source_timestamp":17973140966927,"circlet_count":0,"master_deck":["Strike_B+1","Strike_B+1","Strike_B+1","Strike_B+1","Defend_B+1","Defend_B+1","Defend_B+1","Zap+1","Dualcast","Gash","Echo Form","Loop","Conserve Battery","Barrage","Rebound","Biased Cognition+1","Coolheaded","Compile Driver","White Noise","Writhe"],"relics":["Cracked Core","Runic Capacitor","Centennial Puzzle","Symbiotic Virus","Odd Mushroom","Cursed Key","Bronze Scales","DataDisk","Torii"],"potions_floor_usage":[6,11,13,16,16,20,24,24,31],"damage_taken":[{"damage":2,"enemies":"Small Slimes","floor":1,"turns":4},{"damage":0,"enemies":"2 Louse","floor":3,"turns":4},{"damage":26,"enemies":"Gremlin Nob","floor":6,"turns":4},{"damage":0,"enemies":"Cultist","floor":8,"turns":4},{"damage":7,"enemies":"3 Louse","floor":10,"turns":2},{"damage":6,"enemies":"The Mushroom Lair","floor":11,"turns":4},{"damage":18,"enemies":"Large Slime","floor":12,"turns":4},{"damage":12,"enemies":"2 Fungi Beasts","floor":13,"turns":3},{"damage":15,"enemies":"The Guardian","floor":16,"turns":9},{"damage":32,"enemies":"2 Thieves","floor":18,"turns":4},{"damage":13,"enemies":"Shell Parasite","floor":20,"turns":3},{"damage":18,"enemies":"Shelled Parasite and Fungi","floor":22,"turns":6},{"damage":11,"enemies":"Slavers","floor":24,"turns":5},{"damage":22,"enemies":"Snake Plant","floor":27,"turns":3},{"damage":14,"enemies":"Centurion and Healer","floor":30,"turns":4},{"damage":13,"enemies":"Colosseum Slavers","floor":31,"turns":1}],"seed_played":"-9038623183465444159","potions_obtained":[{"floor":1,"key":"EssenceOfSteel"},{"floor":3,"key":"PowerPotion"},{"floor":8,"key":"AttackPotion"},{"floor":10,"key":"SkillPotion"},{"floor":12,"key":"GamblersBrew"},{"floor":13,"key":"SneckoOil"},{"floor":18,"key":"FocusPotion"},{"floor":22,"key":"SkillPotion"},{"floor":30,"key":"Swift Potion"}],"is_trial":false,"path_per_floor":["M","$","M","?","?","E","R","M","T","M","?","M","M","?","R","B",null,"M","?","M","?","M","R","E","R","T","M","?","R","M","?"],"character_chosen":"DEFECT","items_purchased":["Runic Capacitor"],"campfire_rested":3,"item_purchase_floors":[2],"current_hp_per_floor":[73,73,73,73,73,47,47,47,47,40,34,16,4,4,26,11,75,43,43,30,30,12,34,23,23,23,1,1,23,9,0],"gold":455,"neow_bonus":"HUNDRED_GOLD","is_prod":false,"is_daily":false,"chose_seed":false,"campfire_upgraded":2,"win_rate":0,"timestamp":1559944959,"path_taken":["M","$","M","?","?","E","R","?","T","M","?","M","M","?","R","BOSS","M","?","M","?","M","R","E","R","T","M","?","R","M","?"],"build_version":"2019-01-23","purchased_purges":0,"victory":false,"max_hp_per_floor":[75,75,75,75,75,75,75,75,75,75,75,75,75,75,75,75,75,75,75,75,75,75,75,75,75,75,75,75,75,75,75],"card_choices":[{"not_picked":["Aggregate","Lockon","Hologram"],"picked":"SKIP","floor":1},{"not_picked":["Heatsinks","Streamline","Turbo"],"picked":"SKIP","floor":3},{"not_picked":["Darkness","Hologram"],"picked":"Echo Form","floor":6},{"not_picked":["Reinforced Body","White Noise"],"picked":"Loop","floor":8},{"not_picked":["Rebound","Steam"],"picked":"Conserve Battery","floor":10},{"not_picked":["Steam","Cold Snap"],"picked":"Barrage","floor":11},{"not_picked":["Tempest","Turbo","Chaos"],"picked":"SKIP","floor":12},{"not_picked":["Barrage","Hologram"],"picked":"Rebound","floor":13},{"not_picked":["Buffer","Rainbow"],"picked":"Biased Cognition","floor":16},{"not_picked":["Conserve Battery","White Noise"],"picked":"Coolheaded","floor":18},{"not_picked":["Cold Snap","Heatsinks"],"picked":"Compile Driver","floor":20},{"not_picked":["Steam","Reprogram"],"picked":"White Noise","floor":22},{"not_picked":["Core Surge","Capacitor+1","Lockon+1"],"picked":"SKIP","floor":24},{"not_picked":["Sweeping Beam","Reprogram","Cold Snap"],"picked":"SKIP","floor":27},{"not_picked":["Stack","Blizzard","Ball Lightning+1"],"picked":"SKIP","floor":30}],"player_experience":123285,"relics_obtained":[{"floor":6,"key":"Centennial Puzzle"},{"floor":9,"key":"Symbiotic Virus"},{"floor":11,"key":"Odd Mushroom"},{"floor":24,"key":"Bronze Scales"},{"floor":26,"key":"DataDisk"}],"event_choices":[{"damage_healed":0,"gold_gain":0,"player_choice":"Ignored","damage_taken":0,"max_hp_gain":0,"max_hp_loss":0,"event_name":"Golden Wing","floor":4,"gold_loss":0},{"damage_healed":0,"gold_gain":0,"cards_transformed":["Defend_B"],"player_choice":"Transformed","damage_taken":0,"max_hp_gain":0,"max_hp_loss":0,"event_name":"Transmorgrifier","floor":5,"gold_loss":0,"cards_obtained":["Gash"]},{"damage_healed":0,"gold_gain":0,"player_choice":"Fought Mushrooms","damage_taken":0,"max_hp_gain":0,"max_hp_loss":0,"event_name":"Mushrooms","floor":11,"gold_loss":0},{"damage_healed":0,"gold_gain":0,"player_choice":"Left Gold","damage_taken":0,"max_hp_gain":0,"max_hp_loss":0,"event_name":"World of Goop","floor":14,"gold_loss":35},{"damage_healed":0,"gold_gain":99,"player_choice":"Stole From Cult","damage_taken":0,"max_hp_gain":0,"max_hp_loss":0,"event_name":"Nest","floor":19,"gold_loss":0},{"damage_healed":0,"gold_gain":0,"player_choice":"Simplicity","damage_taken":0,"max_hp_gain":0,"max_hp_loss":0,"event_name":"Back to Basics","floor":21,"gold_loss":0,"cards_upgraded":["Strike_B","Strike_B","Strike_B","Strike_B","Defend_B","Defend_B","Defend_B"]},{"damage_healed":0,"gold_gain":0,"player_choice":"Obtained Relic","damage_taken":0,"relics_obtained":["Torii"],"max_hp_gain":0,"max_hp_loss":0,"event_name":"Addict","floor":28,"gold_loss":85},{"damage_healed":0,"gold_gain":0,"player_choice":"Fight","damage_taken":0,"max_hp_gain":0,"max_hp_loss":0,"event_name":"Colosseum","floor":31,"gold_loss":0}],"is_beta":false,"boss_relics":[{"not_picked":["Calling Bell","Astrolabe"],"picked":"Cursed Key"}],"items_purged_floors":[],"is_endless":false,"potions_floor_spawned":[1,3,8,10,12,13,18,22,30],"killed_by":"Colosseum Slavers","ascension_level":4}