{"gold_per_floor":[113,113,113,132,150,150,181,181,181,71,100,100,100,111,111,210,210,224,88,88,88,9,9,9],"floor_reached":24,"playtime":847,"items_purged":["Strike_B","Defend_B"],"score":225,"play_id":"267463fc-b190-44ce-a9de-bbae2b44b3de","local_time":"20181117110016","is_ascension_mode":false,"campfire_choices":[{"data":"White Noise","floor":6,"key":"SMITH"},{"data":"Conserve Battery","floor":8,"key":"SMITH"},{"floor":13,"key":"REST"},{"floor":15,"key":"REST"},{"data":"Creative AI","floor":23,"key":"SMITH"}],"neow_cost":"NONE","seed_source_timestamp":294264906715769,"circlet_count":0,"master_deck":["Defend_B","Zap","Dualcast","White Noise+1","Conserve Battery+1","Hello World","Capacitor","Chaos","Aggregate","Hologram","Creative AI+1","Conserve Battery","Loop","Seek","Hologram","Bite","Bite","Bite","Bite","Bite","Capacitor"],"relics":["Cracked Core","NeowsBlessing","WingedGreaves","Mummified Hand","Bird Faced Urn","Darkstone Periapt","Inserter"],"potions_floor_usage":[16,18],"damage_taken":[{"damage":0,"enemies":"2 Louse","floor":1,"turns":1},{"damage":0,"enemies":"Jaw Worm","floor":4,"turns":1},{"damage":0,"enemies":"Cultist","floor":5,"turns":1},{"damage":37,"enemies":"Lagavulin","floor":7,"turns":7},{"damage":12,"enemies":"3 Sentries","floor":11,"turns":6},{"damage":10,"enemies":"Looter","floor":14,"turns":3},{"damage":17,"enemies":"Hexaghost","floor":16,"turns":8},{"damage":27,"enemies":"3 Byrds","floor":18,"turns":5},{"damage":72,"enemies":"Slavers","floor":24,"turns":4}],"seed_played":"-4717653587426618234","potions_obtained":[{"floor":1,"key":"Energy Potion"},{"floor":11,"key":"Ancient Potion"},{"floor":14,"key":"SmokeBomb"},{"floor":16,"key":"Dexterity Potion"},{"floor":18,"key":"SkillPotion"}],"is_trial":false,"path_per_floor":["M","?","?","M","M","R","E","R","T","$","E","?","R","M","R","B",null,"M","$","?","?","$","R","E"],"character_chosen":"DEFECT","items_purchased":["Chaos","Loop","Capacitor"],"campfire_rested":2,"item_purchase_floors":[10,19,22],"current_hp_per_floor":[75,63,63,63,63,63,26,26,26,26,20,13,35,31,53,42,75,56,56,56,52,52,52,0],"gold":9,"neow_bonus":"THREE_ENEMY_KILL","is_prod":false,"is_daily":false,"chose_seed":false,"campfire_upgraded":3,"win_rate":0.0,"timestamp":1542470416,"path_taken":["M","?","?","?","M","R","E","R","T","$","E","?","R","M","R","BOSS","M","$","?","?","$","R","E"],"build_version":"2018-11-15","purchased_purges":2,"victory":false,"max_hp_per_floor":[75,75,75,75,75,75,75,75,75,75,75,75,75,75,75,75,75,75,75,75,52,52,52,52],"card_choices":[{"not_picked":["Consume","Streamline"],"picked":"White Noise","floor":1},{"not_picked":["Chill","Stack"],"picked":"Conserve Battery","floor":4},{"not_picked":["Steam","Leap"],"picked":"Hello World","floor":5},{"not_picked":["Compile Driver","Hologram"],"picked":"Capacitor","floor":7},{"not_picked":["Cold Snap","Blizzard"],"picked":"Aggregate","floor":11},{"not_picked":["Blizzard","Skim"],"picked":"Hologram","floor":14},{"not_picked":["Rainbow","Amplify"],"picked":"Creative AI","floor":16},{"not_picked":["Fusion","Compile Driver"],"picked":"Conserve Battery","floor":18}],"player_experience":100650,"relics_obtained":[{"floor":7,"key":"Mummified Hand"},{"floor":9,"key":"Bird Faced Urn"},{"floor":11,"key":"Darkstone Periapt"}],"event_choices":[{"damage_healed":0,"gold_gain":0,"player_choice":"Success","damage_taken":12,"relics_obtained":["WingedGreaves"],"max_hp_gain":0,"max_hp_loss":0,"event_name":"Scrap Ooze","floor":2,"gold_loss":0},{"cards_removed":["Defend_B"],"damage_healed":0,"gold_gain":0,"player_choice":"Card Removal","damage_taken":0,"max_hp_gain":0,"max_hp_loss":0,"event_name":"Wheel of Change","floor":3,"gold_loss":0},{"cards_removed":["Strike_B"],"damage_healed":0,"gold_gain":0,"player_choice":"Card Removal","damage_taken":7,"max_hp_gain":0,"max_hp_loss":0,"event_name":"Golden Wing","floor":12,"gold_loss":0},{"damage_healed":0,"gold_gain":0,"cards_transformed":["Defend_B","Strike_B"],"player_choice":"Became Test Subject","damage_taken":0,"max_hp_gain":0,"max_hp_loss":0,"event_name":"Drug Dealer","floor":20,"gold_loss":0,"cards_obtained":["Seek","Hologram"]},{"damage_healed":0,"gold_gain":0,"player_choice":"Became a vampire","damage_taken":0,"max_hp_gain":0,"max_hp_loss":23,"event_name":"Vampires","floor":21,"gold_loss":0,"cards_obtained":["Bite","Bite","Bite","Bite","Bite"]}],"is_beta":false,"boss_relics":[{"not_picked":["Tiny House","Velvet Choker"],"picked":"Inserter"}],"items_purged_floors":[10,19],"is_endless":false,"potions_floor_spawned":[1,11,14,16,18],"killed_by":"Slavers","ascension_level":0}