{"gold_per_floor":[16,16,32,32,32,32,58,68,114,145,145,155,169,94,94,199,199,219,219,231,146,46,78,78,108,180,191,203,234,234,269,269,366,366,381,381,399,411,429,460,12,12,84,31,41,70,70,85,85,85,85,85,33,64,64],"floor_reached":56,"playtime":4479,"items_purged":["Strike_R","Strike_R","Strike_R"],"score":1743,"play_id":"b0dbb2fb-e224-41ce-8c1c-3ff8cd72bf76","local_time":"20190403004506","is_ascension_mode":true,"campfire_choices":[{"data":"Armaments","floor":6,"key":"SMITH"},{"floor":11,"key":"REST"},{"data":"Bash","floor":15,"key":"SMITH"},{"data":"Corruption","floor":30,"key":"SMITH"},{"floor":32,"key":"RECALL"},{"floor":42,"key":"REST"},{"data":"Inflame","floor":49,"key":"SMITH"},{"data":"Rampage","floor":52,"key":"SMITH"}],"neow_cost":"NO_GOLD","seed_source_timestamp":857435107836680,"circlet_count":0,"master_deck":["Defend_R","Defend_R+1","Defend_R+1","Defend_R+1","Bash+1","Twin Strike","Reaper+1","Armaments+1","Rampage+1","Whirlwind+1","Shrug It Off+1","Impervious+1","Havoc+1","Anger+1","Feed+1","Clothesline+1","Disarm+1","Corruption+1","True Grit+1","Havoc+1","Metallicize+1","Exhume+1","Disarm+1","Parasite","Inflame+1","Flame Barrier+1","Heavy Blade+1","Flame Barrier+1","Dark Shackles+1","Flame Barrier+1"],"relics":["Burning Blood","Toxic Egg 2","Magic Flower","Molten Egg 2","Pen Nib","War Paint","Runic Pyramid","Nilry\u0027s Codex","Du-Vu Doll","Nunchaku","Bottled Lightning","Paper Frog","Meat on the Bone","Calipers","Philosopher\u0027s Stone","Juzu Bracelet","Self Forming Clay","Potion Belt","Pantograph"],"potions_floor_usage":[10,10,55,55,55],"damage_taken":[{"damage":6,"enemies":"Cultist","floor":1,"turns":3},{"damage":0,"enemies":"2 Louse","floor":3,"turns":3},{"damage":35,"enemies":"Lagavulin","floor":7,"turns":8},{"damage":7,"enemies":"Jaw Worm","floor":8,"turns":4},{"damage":44,"enemies":"Gremlin Nob","floor":10,"turns":6},{"damage":41,"enemies":"Exordium Thugs","floor":12,"turns":8},{"damage":7,"enemies":"Exordium Wildlife","floor":13,"turns":4},{"damage":50,"enemies":"The Guardian","floor":16,"turns":15},{"damage":0,"enemies":"Chosen","floor":18,"turns":6},{"damage":0,"enemies":"Spheric Guardian","floor":20,"turns":6},{"damage":68,"enemies":"Gremlin Leader","floor":23,"turns":8},{"damage":47,"enemies":"Book of Stabbing","floor":25,"turns":9},{"damage":1,"enemies":"Snecko","floor":27,"turns":5},{"damage":8,"enemies":"Cultist and Chosen","floor":28,"turns":8},{"damage":35,"enemies":"Gremlin Leader","floor":29,"turns":8},{"damage":5,"enemies":"Book of Stabbing","floor":31,"turns":6},{"damage":67,"enemies":"Collector","floor":33,"turns":10},{"damage":7,"enemies":"3 Shapes","floor":35,"turns":5},{"damage":0,"enemies":"Orb Walker","floor":37,"turns":4},{"damage":12,"enemies":"Writhing Mass","floor":38,"turns":6},{"damage":73,"enemies":"4 Shapes","floor":39,"turns":7},{"damage":22,"enemies":"Giant Head","floor":40,"turns":9},{"damage":6,"enemies":"3 Darklings","floor":45,"turns":6},{"damage":16,"enemies":"Nemesis","floor":46,"turns":9},{"damage":15,"enemies":"Spire Growth","floor":48,"turns":7},{"damage":48,"enemies":"Awakened One","floor":50,"turns":15},{"damage":99,"enemies":"Shield and Spear","floor":54,"turns":8},{"damage":64,"enemies":"The Heart","floor":55,"turns":9}],"seed_played":"6853522613483390846","potions_obtained":[{"floor":1,"key":"PowerPotion"},{"floor":3,"key":"Block Potion"},{"floor":16,"key":"Block Potion"},{"floor":20,"key":"GamblersBrew"},{"floor":23,"key":"SpeedPotion"},{"floor":27,"key":"SkillPotion"},{"floor":46,"key":"Regen Potion"}],"is_trial":false,"path_per_floor":["M","T","M","?","?","R","E","M","T","E","R","M","M","$","R","B",null,"M","?","M","?","$","E","?","E","T","M","M","E","R","E","R","B",null,"M","?","M","M","M","E","$","R","T","$","M","E","?","M","R","B",null,"R","$","E","B",null],"character_chosen":"IRONCLAD","items_purchased":["Self Forming Clay","Flame Barrier+1","Heavy Blade+1","Dexterity Potion"],"campfire_rested":2,"item_purchase_floors":[41,41,44,53],"current_hp_per_floor":[72,72,80,77,61,61,41,51,51,27,51,33,50,50,50,20,65,80,64,79,79,79,58,88,73,73,99,104,104,104,108,108,74,100,112,112,112,116,81,74,74,111,111,111,128,132,132,136,136,140,140,140,140,89,119],"gold":64,"neow_bonus":"TRANSFORM_TWO_CARDS","is_prod":false,"is_daily":false,"chose_seed":false,"campfire_upgraded":5,"win_rate":0,"timestamp":1554266706,"path_taken":["M","?","M","?","?","R","E","M","T","E","R","M","?","$","R","BOSS","M","?","M","?","$","E","?","E","T","?","?","E","R","E","R","BOSS","M","?","M","M","M","E","?","R","T","$","M","E","?","M","R","BOSS","R","$","E","BOSS"],"build_version":"2019-01-23","purchased_purges":3,"victory":true,"max_hp_per_floor":[80,80,80,80,80,80,80,80,80,80,80,80,80,80,80,80,80,84,84,88,88,88,92,92,96,96,100,104,104,104,108,108,108,108,112,112,112,116,120,124,124,124,124,124,128,132,132,136,136,140,140,140,140,144,144],"card_choices":[{"not_picked":["Perfected Strike","Flex"],"picked":"Armaments","floor":1},{"not_picked":["Perfected Strike","Heavy Blade"],"picked":"Rampage","floor":3},{"not_picked":["Carnage","Searing Blow"],"picked":"Whirlwind","floor":7},{"not_picked":["Headbutt+1","Second Wind+1"],"picked":"Shrug It Off+1","floor":8},{"not_picked":["Combust","Reckless Charge+1"],"picked":"Impervious+1","floor":10},{"not_picked":["Heavy Blade+1","Reckless Charge+1"],"picked":"Havoc+1","floor":12},{"not_picked":["Body Slam+1","Dropkick+1"],"picked":"Anger+1","floor":13},{"not_picked":["Barricade","Limit Break+1"],"picked":"Feed+1","floor":16},{"not_picked":["Havoc+1","Searing Blow+1"],"picked":"Clothesline+1","floor":18},{"not_picked":["Twin Strike+1","Cleave+1","Carnage+1"],"picked":"SKIP","floor":20},{"not_picked":["Uppercut+1","Twin Strike+1"],"picked":"Disarm+1","floor":23},{"not_picked":["Intimidate+1","Impervious+1"],"picked":"Corruption","floor":25},{"not_picked":["Flex+1","Heavy Blade+1"],"picked":"True Grit+1","floor":27},{"not_picked":["Carnage+1","Rage+1","Brutality"],"picked":"SKIP","floor":28},{"not_picked":["Armaments+1","Blood for Blood+1"],"picked":"Havoc+1","floor":29},{"not_picked":["Headbutt+1","Iron Wave+1"],"picked":"Metallicize+1","floor":31},{"not_picked":["Fiend Fire+1","Offering+1"],"picked":"Exhume+1","floor":33},{"not_picked":["Uppercut+1","Anger+1"],"picked":"Disarm+1","floor":35},{"not_picked":["Heavy Blade+1","Clothesline+1","Dual Wield+1"],"picked":"SKIP","floor":37},{"not_picked":["Reckless Charge+1","Body Slam+1"],"picked":"Inflame","floor":38},{"not_picked":["Hemokinesis+1","Anger+1","Wild Strike+1"],"picked":"SKIP","floor":39},{"not_picked":["Armaments+1","Sword Boomerang+1","Clothesline+1"],"picked":"SKIP","floor":40},{"not_picked":["Hemokinesis+1","Dual Wield+1"],"picked":"Flame Barrier+1","floor":45},{"not_picked":["Cleave+1","Ghostly Armor+1","Berserk"],"picked":"SKIP","floor":46},{"not_picked":["Secret Technique+1","Good Instincts+1"],"picked":"Dark Shackles+1","floor":47},{"not_picked":["Heavy Blade+1","Disarm+1","Sentinel+1"],"picked":"SKIP","floor":48},{"not_picked":["Perfected Strike+1","Clash+1"],"picked":"Flame Barrier+1","floor":54}],"player_experience":363535,"relics_obtained":[{"floor":2,"key":"Toxic Egg 2"},{"floor":7,"key":"Molten Egg 2"},{"floor":9,"key":"Pen Nib"},{"floor":10,"key":"War Paint"},{"floor":19,"key":"Nilry\u0027s Codex"},{"floor":23,"key":"Nunchaku"},{"floor":25,"key":"Bottled Lightning"},{"floor":26,"key":"Paper Frog"},{"floor":29,"key":"Meat on the Bone"},{"floor":31,"key":"Calipers"},{"floor":40,"key":"Juzu Bracelet"},{"floor":46,"key":"Potion Belt"},{"floor":54,"key":"Pantograph"}],"event_choices":[{"damage_healed":0,"gold_gain":0,"player_choice":"Success","damage_taken":3,"relics_obtained":["Magic Flower"],"max_hp_gain":0,"max_hp_loss":0,"event_name":"Scrap Ooze","floor":4,"gold_loss":0},{"damage_healed":0,"gold_gain":0,"player_choice":"Entered Light","damage_taken":16,"max_hp_gain":0,"max_hp_loss":0,"event_name":"Shining Light","floor":5,"gold_loss":0,"cards_upgraded":["Defend_R","Reaper"]},{"damage_healed":0,"gold_gain":0,"player_choice":"Obtained Book","damage_taken":16,"max_hp_gain":0,"max_hp_loss":0,"event_name":"Cursed Tome","floor":19,"gold_loss":0},{"damage_healed":0,"gold_gain":0,"player_choice":"Obtained Relic","damage_taken":0,"relics_obtained":["Du-Vu Doll"],"max_hp_gain":0,"max_hp_loss":0,"event_name":"Addict","floor":21,"gold_loss":85},{"damage_healed":30,"gold_gain":0,"player_choice":"Heal","damage_taken":0,"max_hp_gain":0,"max_hp_loss":0,"event_name":"The Library","floor":24,"gold_loss":0},{"damage_healed":0,"gold_gain":0,"player_choice":"Ignored","damage_taken":0,"max_hp_gain":0,"max_hp_loss":0,"event_name":"SecretPortal","floor":36,"gold_loss":0},{"damage_healed":0,"gold_gain":0,"player_choice":"Memory 1","damage_taken":0,"max_hp_gain":0,"max_hp_loss":0,"event_name":"SensoryStone","floor":47,"gold_loss":0}],"is_beta":false,"boss_relics":[{"not_picked":["Fusion Hammer","Astrolabe"],"picked":"Runic Pyramid"},{"not_picked":["Lizard Tail","Runic Cube"],"picked":"Philosopher\u0027s Stone"}],"items_purged_floors":[14,22,41],"is_endless":false,"potions_floor_spawned":[1,3,16,20,23,27,35,40,46],"ascension_level":9}