{"gold_per_floor":[117,132,149,149,164,164,199,219,293,73,73,88,104,434,434,530,530,547,566,577,676,693,693,723,723,750,422,422,70,84,102,102,198,198,216,316,316,95,95,127,147,147,200,213,226,252,269,301,301,301],"floor_reached":51,"playtime":5776,"items_purged":["Strike_B","Strike_B","Defend_B","Defend_B"],"score":871,"play_id":"4961afbd-1ee7-45b8-b5fd-7bfce61d7f19","local_time":"20190815022402","is_ascension_mode":false,"campfire_choices":[{"data":"Defragment","floor":6,"key":"SMITH"},{"data":"Rainbow","floor":11,"key":"SMITH"},{"data":"Redo","floor":15,"key":"SMITH"},{"data":"Echo Form","floor":23,"key":"SMITH"},{"data":"Go for the Eyes","floor":25,"key":"SMITH"},{"data":"Rainbow","floor":32,"key":"SMITH"},{"data":"Loop","floor":42,"key":"SMITH"},{"floor":49,"key":"REST"}],"neow_cost":"NONE","seed_source_timestamp":1166614709208700,"circlet_count":0,"master_deck":["Defend_B","Defend_B","Zap","Dualcast","Gash","Defragment+1","Chill","Cold Snap","Defragment+1","Skim","Go for the Eyes+1","Coolheaded","Gash","Rainbow+1","Redo+1","Echo Form+1","Self Repair+1","Sunder+1","Defragment","Stack","Redo","Capacitor","Rainbow+1","Reinforced Body","Reinforced Body+1","Madness","Madness","Loop+1","Bandage Up","Seek"],"relics":["Orrery","Dodecahedron","Bottled Tornado","Old Coin","Velvet Choker","Regal Pillow","Lantern","Blood Vial","Black Star","Emotion Chip","Ginger","Orichalcum","Potion Belt","Vajra","Molten Egg 2","Centennial Puzzle","Shuriken"],"potions_floor_usage":[16,16,18,24,36,48,50,50,50],"damage_taken":[{"damage":0,"enemies":"Small Slimes","floor":1,"turns":5},{"damage":3,"enemies":"Cultist","floor":2,"turns":5},{"damage":4,"enemies":"2 Louse","floor":3,"turns":4},{"damage":0,"enemies":"Exordium Wildlife","floor":5,"turns":4},{"damage":1,"enemies":"Lagavulin","floor":7,"turns":8},{"damage":0,"enemies":"2 Fungi Beasts","floor":8,"turns":4},{"damage":7,"enemies":"Blue Slaver","floor":12,"turns":3},{"damage":15,"enemies":"3 Louse","floor":13,"turns":3},{"damage":1,"enemies":"Gremlin Nob","floor":14,"turns":5},{"damage":0,"enemies":"The Guardian","floor":16,"turns":9},{"damage":5,"enemies":"Chosen","floor":18,"turns":4},{"damage":0,"enemies":"3 Byrds","floor":19,"turns":4},{"damage":7,"enemies":"Snake Plant","floor":20,"turns":5},{"damage":18,"enemies":"Shelled Parasite and Fungi","floor":22,"turns":6},{"damage":50,"enemies":"Slavers","floor":24,"turns":6},{"damage":0,"enemies":"Centurion and Healer","floor":30,"turns":7},{"damage":13,"enemies":"Snake Plant","floor":31,"turns":5},{"damage":0,"enemies":"Champ","floor":33,"turns":10},{"damage":0,"enemies":"3 Shapes","floor":35,"turns":6},{"damage":12,"enemies":"Mind Bloom Boss Battle","floor":36,"turns":6},{"damage":18,"enemies":"Giant Head","floor":40,"turns":9},{"damage":1,"enemies":"3 Darklings","floor":41,"turns":7},{"damage":10,"enemies":"Spire Growth","floor":44,"turns":5},{"damage":0,"enemies":"Sphere and 2 Shapes","floor":45,"turns":6},{"damage":8,"enemies":"Nemesis","floor":46,"turns":9},{"damage":16,"enemies":"Maw","floor":47,"turns":6},{"damage":43,"enemies":"Reptomancer","floor":48,"turns":6},{"damage":45,"enemies":"Donu and Deca","floor":50,"turns":10}],"seed_played":"8046103107294961303","potions_obtained":[{"floor":2,"key":"AttackPotion"},{"floor":7,"key":"SneckoOil"},{"floor":8,"key":"Dexterity Potion"},{"floor":12,"key":"Regen Potion"},{"floor":16,"key":"Regen Potion"},{"floor":18,"key":"SkillPotion"},{"floor":19,"key":"Dexterity Potion"},{"floor":31,"key":"Poison Potion"},{"floor":41,"key":"FairyPotion"},{"floor":44,"key":"Weak Potion"},{"floor":46,"key":"Weak Potion"}],"is_trial":false,"path_per_floor":["M","M","M","?","M","R","E","M","T","$","R","M","M","E","R","B",null,"M","M","M","?","M","R","E","R","T","$","?","$","M","M","R","B",null,"M","?","?","$","?","E","M","R","T","M","M","E","M","E","R","B",null],"character_chosen":"DEFECT","items_purchased":["Rainbow","Blood Vial","Defragment","Capacitor","Rainbow","Loop"],"campfire_rested":1,"item_purchase_floors":[10,27,27,29,29,38],"current_hp_per_floor":[75,72,68,68,68,68,67,67,67,67,67,60,45,44,44,44,75,75,75,75,75,67,67,31,31,31,31,31,31,53,52,52,64,75,75,73,64,64,64,62,75,75,75,75,75,75,73,46,75,40],"gold":301,"neow_bonus":"BOSS_RELIC","is_prod":false,"is_daily":false,"chose_seed":false,"campfire_upgraded":7,"win_rate":0,"timestamp":1565861042,"path_taken":["M","M","M","?","M","R","E","M","T","$","R","M","M","E","R","BOSS","M","?","M","?","M","R","E","R","T","$","?","$","M","M","R","BOSS","M","?","?","$","?","E","?","R","T","M","M","E","M","E","R","BOSS"],"build_version":"2019-07-17","purchased_purges":4,"victory":true,"max_hp_per_floor":[75,75,75,75,75,75,75,75,75,75,75,75,75,75,75,75,75,75,75,75,75,75,75,75,75,75,75,75,75,75,75,75,75,75,75,75,75,75,75,75,75,75,75,75,75,75,75,75,75,75],"card_choices":[{"not_picked":["Steam","Rebound"],"picked":"Gash","floor":0},{"not_picked":["Glacier","Heatsinks"],"picked":"Defragment","floor":0},{"not_picked":["Beam Cell","Coolheaded"],"picked":"Chill","floor":0},{"not_picked":["Multi-Cast","Compile Driver"],"picked":"Cold Snap","floor":0},{"not_picked":["Ball Lightning","Chaos","Compile Driver"],"picked":"SKIP","floor":1},{"not_picked":["Cold Snap","Barrage"],"picked":"Defragment","floor":2},{"not_picked":["Redo","Doom and Gloom"],"picked":"Skim","floor":3},{"not_picked":["Beam Cell","Redo"],"picked":"Go for the Eyes","floor":5},{"not_picked":["Genetic Algorithm","Turbo"],"picked":"Coolheaded","floor":7},{"not_picked":["Turbo","Thunder Strike"],"picked":"Gash","floor":8},{"not_picked":["Hello World","Doom and Gloom","Go for the Eyes"],"picked":"SKIP","floor":12},{"not_picked":["Streamline","Steam","Rebound"],"picked":"SKIP","floor":13},{"not_picked":["Double Energy","Hologram"],"picked":"Redo","floor":14},{"not_picked":["Seek","Buffer"],"picked":"Echo Form","floor":16},{"not_picked":["Steam","Static Discharge"],"picked":"Self Repair+1","floor":18},{"not_picked":["Coolheaded","Compile Driver"],"picked":"Sunder+1","floor":19},{"not_picked":["Sweeping Beam","Blizzard","Genetic Algorithm"],"picked":"SKIP","floor":20},{"not_picked":["Darkness","Compile Driver","Steam+1"],"picked":"SKIP","floor":22},{"not_picked":["Compile Driver","Recycle","Sweeping Beam"],"picked":"SKIP","floor":24},{"not_picked":["Buffer","Consume"],"picked":"Reinforced Body","floor":30},{"not_picked":["Turbo","Coolheaded"],"picked":"Reinforced Body+1","floor":31},{"not_picked":["Go for the Eyes+1","Conserve Battery+1","Leap"],"picked":"SKIP","floor":35},{"not_picked":["Trip","Impatience"],"picked":"Bandage Up","floor":39},{"not_picked":["BootSequence","Coolheaded+1"],"picked":"Seek","floor":40},{"not_picked":["Darkness","Conserve Battery+1","Barrage"],"picked":"SKIP","floor":41},{"not_picked":["Hologram","Fusion","Coolheaded+1"],"picked":"SKIP","floor":44},{"not_picked":["Ball Lightning","Skim","Cold Snap+1"],"picked":"SKIP","floor":45},{"not_picked":["Turbo","Compile Driver","FTL"],"picked":"SKIP","floor":46},{"not_picked":["Genetic Algorithm","Conserve Battery","Barrage+1"],"picked":"SKIP","floor":47},{"not_picked":["Recycle+1","Hello World","Stack"],"picked":"SKIP","floor":48}],"player_experience":148252,"relics_obtained":[{"floor":7,"key":"Dodecahedron"},{"floor":9,"key":"Bottled Tornado"},{"floor":14,"key":"Old Coin"},{"floor":24,"key":"Regal Pillow"},{"floor":26,"key":"Lantern"},{"floor":36,"key":"Emotion Chip"},{"floor":40,"key":"Ginger"},{"floor":40,"key":"Orichalcum"},{"floor":43,"key":"Potion Belt"},{"floor":46,"key":"Vajra"},{"floor":46,"key":"Molten Egg 2"},{"floor":48,"key":"Centennial Puzzle"},{"floor":48,"key":"Shuriken"}],"event_choices":[{"damage_healed":0,"gold_gain":0,"player_choice":"Upgraded","damage_taken":0,"max_hp_gain":0,"max_hp_loss":0,"event_name":"Upgrade Shrine","floor":4,"gold_loss":0,"cards_upgraded":["Defragment"]},{"damage_healed":0,"gold_gain":99,"player_choice":"Stole From Cult","damage_taken":0,"max_hp_gain":0,"max_hp_loss":0,"event_name":"Nest","floor":21,"gold_loss":0},{"damage_healed":0,"gold_gain":0,"cards_transformed":["Strike_B","Strike_B"],"player_choice":"Became Test Subject","damage_taken":0,"max_hp_gain":0,"max_hp_loss":0,"event_name":"Drug Dealer","floor":28,"gold_loss":0,"cards_obtained":["Stack","Redo"]},{"damage_healed":0,"gold_gain":0,"player_choice":"Fight","damage_taken":0,"max_hp_gain":0,"max_hp_loss":0,"event_name":"MindBloom","floor":36,"gold_loss":0},{"damage_healed":0,"gold_gain":0,"player_choice":"Embrace Madness","damage_taken":9,"max_hp_gain":0,"max_hp_loss":0,"event_name":"Winding Halls","floor":37,"gold_loss":0,"cards_obtained":["Madness","Madness"]},{"damage_healed":0,"gold_gain":0,"player_choice":"Memory 1","damage_taken":0,"max_hp_gain":0,"max_hp_loss":0,"event_name":"SensoryStone","floor":39,"gold_loss":0}],"is_beta":false,"boss_relics":[{"not_picked":["Eternal Feather","Coffee Dripper"],"picked":"Velvet Choker"},{"not_picked":["Tiny House","Astrolabe"],"picked":"Black Star"}],"items_purged_floors":[10,27,29,38],"is_endless":false,"potions_floor_spawned":[2,7,8,12,16,18,19,31,41,44,46],"ascension_level":0}