{"gold_per_floor":[111,111,126,144,158,158,189,201,201,201,201],"floor_reached":11,"playtime":1989,"items_purged":[],"score":105,"play_id":"d9dd13b3-d252-4e34-8d0b-c892ea85f8b0","local_time":"20190601202410","is_ascension_mode":true,"campfire_choices":[{"data":"Well Laid Plans","floor":6,"key":"SMITH"},{"floor":10,"key":"REST"}],"neow_cost":"NONE","seed_source_timestamp":1546714926719038,"circlet_count":0,"master_deck":["Defend_G","Defend_G","Defend_G","Defend_G","Defend_G","Strike_G","Strike_G","Strike_G","Strike_G","Strike_G","Survivor","Neutralize+1","PiercingWail","Well Laid Plans+1","PiercingWail","PiercingWail","Escape Plan","Deflect","Cloak And Dagger"],"relics":["Ring of the Snake","Omamori","Darkstone Periapt"],"potions_floor_usage":[11],"damage_taken":[{"damage":6,"enemies":"Jaw Worm","floor":1,"turns":5},{"damage":0,"enemies":"Cultist","floor":3,"turns":4},{"damage":0,"enemies":"2 Louse","floor":4,"turns":4},{"damage":6,"enemies":"2 Fungi Beasts","floor":5,"turns":6},{"damage":42,"enemies":"3 Sentries","floor":7,"turns":19},{"damage":0,"enemies":"Gremlin Gang","floor":8,"turns":8},{"damage":28,"enemies":"Gremlin Nob","floor":11,"turns":6}],"seed_played":"-8715512394256905948","potions_obtained":[{"floor":4,"key":"SpeedPotion"},{"floor":7,"key":"Ancient Potion"},{"floor":8,"key":"EssenceOfSteel"}],"is_trial":false,"path_per_floor":["M","?","M","M","M","R","E","M","T","R","E"],"character_chosen":"THE_SILENT","items_purchased":[],"campfire_rested":1,"item_purchase_floors":[],"current_hp_per_floor":[57,57,57,57,51,51,9,9,9,30,2],"gold":201,"neow_bonus":"THREE_CARDS","is_prod":false,"is_daily":false,"chose_seed":false,"campfire_upgraded":1,"win_rate":0,"timestamp":1559435050,"path_taken":["M","?","M","M","M","R","E","M","T","R","E"],"build_version":"2019-01-23","purchased_purges":0,"victory":false,"max_hp_per_floor":[70,70,70,70,70,70,70,70,70,70,70],"card_choices":[{"not_picked":["Poisoned Stab","Predator"],"picked":"PiercingWail","floor":0},{"not_picked":["Deadly Poison","Dagger Spray"],"picked":"Well Laid Plans","floor":1},{"not_picked":["Outmaneuver","Dash"],"picked":"PiercingWail","floor":3},{"not_picked":["Blade Dance","Underhanded Strike"],"picked":"PiercingWail","floor":4},{"not_picked":["Sucker Punch","Backstab"],"picked":"Escape Plan","floor":5},{"not_picked":["Acrobatics","PiercingWail"],"picked":"Deflect","floor":7},{"not_picked":["Underhanded Strike","Acrobatics"],"picked":"Cloak And Dagger","floor":8}],"player_experience":561577,"relics_obtained":[{"floor":7,"key":"Omamori"},{"floor":9,"key":"Darkstone Periapt"}],"event_choices":[{"damage_healed":0,"gold_gain":0,"player_choice":"Grow","damage_taken":0,"max_hp_gain":0,"max_hp_loss":0,"event_name":"Living Wall","floor":2,"gold_loss":0,"cards_upgraded":["Neutralize"]}],"is_beta":false,"boss_relics":[],"items_purged_floors":[],"is_endless":false,"potions_floor_spawned":[4,7,8],"killed_by":"Gremlin Nob","ascension_level":8}