{"gold_per_floor":[118,135,135,135,155,155,214,227,254,254,286,286,361,371,371,471,471,489,128,128,128,128,154,154,186,186,198,198,228,28,42,42,141,141,155,166,183,208,222,222,7,7,76,76,76,102,4,4],"floor_reached":48,"playtime":1703,"items_purged":["Strike_R"],"score":846,"play_id":"6cba61ba-9775-4288-8aae-abd138a1c51d","local_time":"20190622093901","is_ascension_mode":true,"campfire_choices":[{"data":"Armaments","floor":6.0,"key":"SMITH"},{"data":"Fire Breathing","floor":10.0,"key":"SMITH"},{"data":"Uppercut","floor":15.0,"key":"SMITH"},{"data":"Barricade","floor":24.0,"key":"SMITH"},{"data":"Flex","floor":32.0,"key":"SMITH"},{"data":"Panacea","floor":42.0,"key":"SMITH"},{"data":"Spot Weakness","floor":45.0,"key":"SMITH"}],"neow_cost":"PERCENT_DAMAGE","seed_source_timestamp":133077786053517,"circlet_count":0,"master_deck":["Strike_R","Strike_R","Strike_R","Strike_R","Defend_R","Defend_R","Defend_R+1","Defend_R","Bash","Whirlwind+1","Uppercut+1","Armaments+1","Corruption","Fire Breathing+1","Shockwave","Shrug It Off","Barricade+1","Fire Breathing","Spot Weakness+1","Ghostly","Ghostly","Ghostly","Ghostly","Ghostly+1","Bloodletting+1","Sentinel","Flex+1","Panacea+1","Power Through","Reaper","Armaments+1","Headbutt+1","Parasite","Inflame+1","Inflame","Dual Wield","Metallicize"],"special_seed":0,"relics":["Black Blood","Unceasing Top","Tiny Chest","Strawberry","Bronze Scales","Kunai","Sozu","Bottled Tornado","Meat on the Bone","Paper Frog","StoneCalendar","Ornamental Fan","Self Forming Clay","Membership Card","Ancient Tea Set","Red Skull","War Paint","Bottled Flame","The Courier","Lee\u0027s Waffle"],"potions_floor_usage":[],"damage_taken":[{"damage":8.0,"enemies":"2 Louse","floor":1.0,"turns":4.0},{"damage":18.0,"enemies":"Jaw Worm","floor":2.0,"turns":6.0},{"damage":0.0,"enemies":"Small Slimes","floor":5.0,"turns":2.0},{"damage":0.0,"enemies":"Gremlin Nob","floor":7.0,"turns":2.0},{"damage":19.0,"enemies":"Exordium Wildlife","floor":8.0,"turns":4.0},{"damage":10.0,"enemies":"Lagavulin","floor":11.0,"turns":6.0},{"damage":6.0,"enemies":"Looter","floor":14.0,"turns":3.0},{"damage":34.0,"enemies":"Slime Boss","floor":16.0,"turns":9.0},{"damage":13.0,"enemies":"Chosen","floor":18.0,"turns":5.0},{"damage":7.0,"enemies":"Book of Stabbing","floor":23.0,"turns":5.0},{"damage":8.0,"enemies":"Slavers","floor":25.0,"turns":5.0},{"damage":3.0,"enemies":"2 Thieves","floor":27.0,"turns":4.0},{"damage":28.0,"enemies":"Gremlin Leader","floor":29.0,"turns":7.0},{"damage":7.0,"enemies":"Centurion and Healer","floor":31.0,"turns":7.0},{"damage":24.0,"enemies":"Collector","floor":33.0,"turns":9.0},{"damage":0.0,"enemies":"Orb Walker","floor":35.0,"turns":4.0},{"damage":2.0,"enemies":"3 Darklings","floor":36.0,"turns":4.0},{"damage":4.0,"enemies":"Transient","floor":37.0,"turns":5.0},{"damage":19.0,"enemies":"Writhing Mass","floor":39.0,"turns":7.0},{"damage":61,"enemies":"Giant Head","floor":46,"turns":9},{"damage":90,"enemies":"Reptomancer","floor":48,"turns":6}],"seed_played":"3189504971329496621","potions_obtained":[{"floor":1.0,"key":"SteroidPotion"},{"floor":5.0,"key":"Energy Potion"},{"floor":14.0,"key":"Swift Potion"}],"is_trial":false,"path_per_floor":["M","M","?","?","M","R","E","M","T","R","E","T","?","M","R","B",null,"M","$","?","?","T","E","R","E","T","M","?","E","$","M","R","B",null,"M","M","M","T","M","?","$","R","T","$","R","E","$","E"],"character_chosen":"IRONCLAD","items_purchased":["Bottled Tornado","Fire Breathing","Spot Weakness","Membership Card","Red Skull","Inflame","War Paint","Lee\u0027s Waffle","Metallicize"],"campfire_rested":0,"item_purchase_floors":[19,19,19,30,41,41,41,47,47],"current_hp_per_floor":[49,37,37,63,69,69,75,62,69,69,65,65,54,54,54,26,72,65,65,43,43,43,42,42,40,40,43,43,33,33,32,32,26,39,43,43,43,43,43,43,43,43,43,43,43,35,50,0],"gold":4,"neow_bonus":"ONE_RARE_RELIC","is_prod":false,"is_daily":false,"chose_seed":false,"campfire_upgraded":7,"win_rate":0,"timestamp":1561214341,"path_taken":["M","M","?","?","M","R","E","M","T","R","E","?","?","M","R","BOSS","M","$","?","?","?","E","R","E","T","M","?","E","$","M","R","BOSS","M","M","M","?","M","?","$","R","T","$","R","E","$","E"],"build_version":"2019-01-23","purchased_purges":1,"victory":false,"max_hp_per_floor":[80,80,80,80,80,80,80,80,87,87,87,87,87,87,87,87,87,87,87,43,43,43,43,43,43,43,43,43,43,43,43,43,43,43,43,43,43,43,43,43,43,43,43,43,43,43,50,50],"card_choices":[{"not_picked":["Battle Trance","Armaments"],"picked":"Whirlwind","floor":1.0},{"not_picked":["Twin Strike","Wild Strike"],"picked":"Uppercut","floor":2.0},{"not_picked":["Havoc","Hemokinesis"],"picked":"Armaments","floor":5.0},{"not_picked":["Havoc","Perfected Strike"],"picked":"Corruption","floor":7.0},{"not_picked":["Combust","Burning Pact"],"picked":"Fire Breathing","floor":8.0},{"not_picked":["Searing Blow","True Grit"],"picked":"Shockwave","floor":11.0},{"not_picked":["Cleave","Pummel"],"picked":"Shrug It Off","floor":14.0},{"not_picked":["Impervious","Brutality"],"picked":"Barricade","floor":16.0},{"not_picked":["Flex","Thunderclap","Pommel Strike"],"picked":"SKIP","floor":18.0},{"not_picked":["Thunderclap","Searing Blow+1"],"picked":"Bloodletting+1","floor":23.0},{"not_picked":["Hemokinesis+1","Sword Boomerang"],"picked":"Sentinel","floor":25.0},{"not_picked":["Dark Embrace","Whirlwind"],"picked":"Flex","floor":27.0},{"not_picked":["Thunderclap","Havoc","True Grit"],"picked":"SKIP","floor":29.0},{"not_picked":["Armaments","Headbutt"],"picked":"Power Through","floor":31.0},{"not_picked":["Berserk","Barricade"],"picked":"Reaper","floor":33.0},{"not_picked":["Dropkick+1","Power Through+1","Intimidate"],"picked":"SKIP","floor":35.0},{"not_picked":["Rupture","Wild Strike"],"picked":"Armaments+1","floor":36.0},{"not_picked":["Disarm","Pommel Strike+1"],"picked":"Headbutt+1","floor":37.0},{"not_picked":["Battle Trance+1","Clothesline+1"],"picked":"Inflame+1","floor":39.0},{"not_picked":["Berserk","Searing Blow+1"],"picked":"Dual Wield","floor":46}],"player_experience":239331,"relics_obtained":[{"floor":7.0,"key":"Tiny Chest"},{"floor":9.0,"key":"Strawberry"},{"floor":11.0,"key":"Bronze Scales"},{"floor":12.0,"key":"Kunai"},{"floor":22.0,"key":"Meat on the Bone"},{"floor":23.0,"key":"Paper Frog"},{"floor":25.0,"key":"StoneCalendar"},{"floor":26.0,"key":"Ornamental Fan"},{"floor":29.0,"key":"Self Forming Clay"},{"floor":38.0,"key":"Ancient Tea Set"},{"floor":43.0,"key":"Bottled Flame"},{"floor":46,"key":"The Courier"}],"event_choices":[{"damage_healed":0.0,"max_hp_gain":0.0,"max_hp_loss":0.0,"gold_gain":0.0,"event_name":"Living Wall","player_choice":"Grow","floor":3.0,"gold_loss":0.0,"damage_taken":0.0,"cards_upgraded":["Whirlwind"]},{"damage_healed":26.0,"max_hp_gain":0.0,"max_hp_loss":0.0,"gold_gain":0.0,"event_name":"Big Fish","player_choice":"Banana","floor":4.0,"gold_loss":0.0,"damage_taken":0.0},{"damage_healed":0.0,"max_hp_gain":0.0,"max_hp_loss":0.0,"gold_gain":75.0,"event_name":"World of Goop","player_choice":"Gather Gold","floor":13.0,"gold_loss":0.0,"damage_taken":11.0},{"damage_healed":0.0,"max_hp_gain":0.0,"max_hp_loss":44.0,"gold_gain":0.0,"event_name":"Ghosts","player_choice":"Became a Ghost","floor":20.0,"gold_loss":0.0,"damage_taken":0.0,"cards_obtained":["Ghostly","Ghostly","Ghostly","Ghostly","Ghostly"]},{"damage_healed":0.0,"max_hp_gain":0.0,"max_hp_loss":0.0,"gold_gain":0.0,"event_name":"Vampires","player_choice":"Ignored","floor":21.0,"gold_loss":0.0,"damage_taken":0.0},{"damage_healed":0.0,"max_hp_gain":0.0,"max_hp_loss":0.0,"gold_gain":0.0,"event_name":"Match and Keep!","player_choice":"1 cards matched","floor":28.0,"gold_loss":0.0,"damage_taken":0.0,"cards_obtained":["Panacea"]},{"damage_healed":0.0,"max_hp_gain":0.0,"max_hp_loss":0.0,"gold_gain":0.0,"event_name":"Tomb of Lord Red Mask","player_choice":"Ignored","floor":40.0,"gold_loss":0.0,"damage_taken":0.0}],"is_beta":false,"boss_relics":[{"not_picked":["Busted Crown","Empty Cage"],"picked":"Sozu"},{"not_picked":["Runic Cube","Fusion Hammer"],"picked":"Black Blood"}],"items_purged_floors":[41],"is_endless":false,"potions_floor_spawned":[1,5,14,18,25,27,31,39,46],"killed_by":"Reptomancer","ascension_level":9}