{"gold_per_floor":[118,43,59,9,27,27,52,64,64,80,80,80,80,30,30,129,129,146,159,84,84,84,84,101,132,209,209,228,241,275,287,287,392,392,406,227,247,247,262,262,287,387,411,86,86,121,131,158,158,158],"floor_reached":51,"playtime":2919,"items_purged":["Defend_R","Defend_R","Strike_R"],"score":1063,"play_id":"b1df8853-b5a4-4b82-971c-991062afb1b3","local_time":"20190801102954","is_ascension_mode":true,"campfire_choices":[{"data":"Barricade","floor":6,"key":"SMITH"},{"data":"Defend_R","floor":12,"key":"PURGE"},{"data":"Body Slam","floor":15,"key":"SMITH"},{"data":"Body Slam","floor":23,"key":"SMITH"},{"data":"Strike_R","floor":27,"key":"PURGE"},{"floor":32,"key":"REST"},{"floor":40,"key":"REST"},{"data":"1","floor":49,"key":"LIFT"}],"neow_cost":"NONE","seed_source_timestamp":364684886471743,"circlet_count":0,"master_deck":["Defend_R","Bash","Barricade+1","Metallicize","Shrug It Off","Ghostly Armor","Battle Trance","Flame Barrier","Body Slam+1","Offering","Armaments+1","Body Slam+1","Iron Wave","Inflame+1","Entrench","Body Slam+1","Master of Strategy","Shrug It Off+1","Body Slam+1"],"relics":["Black Blood","Peace Pipe","Gremlin Horn","Mercury Hourglass","Dodecahedron","Regal Pillow","Singing Bowl","Question Card","Fusion Hammer","Girya","Nunchaku","Potion Belt","DollysMirror","Happy Flower","Mango"],"potions_floor_usage":[7,18,30,30,39,41],"damage_taken":[{"damage":15,"enemies":"Jaw Worm","floor":1,"turns":5},{"damage":6,"enemies":"2 Louse","floor":3,"turns":4},{"damage":0,"enemies":"Cultist","floor":5,"turns":4},{"damage":17,"enemies":"3 Sentries","floor":7,"turns":16},{"damage":5,"enemies":"Looter","floor":8,"turns":4},{"damage":0,"enemies":"Large Slime","floor":10,"turns":14},{"damage":11,"enemies":"Hexaghost","floor":16,"turns":7},{"damage":7,"enemies":"Shell Parasite","floor":18,"turns":4},{"damage":6,"enemies":"3 Byrds","floor":19,"turns":4},{"damage":6,"enemies":"Cultist and Chosen","floor":24,"turns":4},{"damage":6,"enemies":"Book of Stabbing","floor":25,"turns":6},{"damage":6,"enemies":"Snake Plant","floor":28,"turns":2},{"damage":6,"enemies":"Shelled Parasite and Fungi","floor":29,"turns":3},{"damage":23,"enemies":"Slavers","floor":30,"turns":5},{"damage":6,"enemies":"Snecko","floor":31,"turns":3},{"damage":7,"enemies":"Collector","floor":33,"turns":8},{"damage":6,"enemies":"3 Shapes","floor":35,"turns":4},{"damage":6,"enemies":"3 Darklings","floor":37,"turns":9},{"damage":18,"enemies":"Maw","floor":39,"turns":6},{"damage":6,"enemies":"Reptomancer","floor":41,"turns":4},{"damage":6,"enemies":"Mind Bloom Boss Battle","floor":42,"turns":5},{"damage":6,"enemies":"Giant Head","floor":46,"turns":2},{"damage":6,"enemies":"Jaw Worm Horde","floor":47,"turns":2},{"damage":7,"enemies":"Nemesis","floor":48,"turns":3},{"damage":6,"enemies":"Time Eater","floor":50,"turns":6}],"seed_played":"366936439024882972","potions_obtained":[{"floor":1,"key":"AttackPotion"},{"floor":5,"key":"Energy Potion"},{"floor":8,"key":"SteroidPotion"},{"floor":10,"key":"Weak Potion"},{"floor":18,"key":"Swift Potion"},{"floor":25,"key":"PowerPotion"},{"floor":30,"key":"Explosive Potion"},{"floor":35,"key":"SkillPotion"},{"floor":39,"key":"SteroidPotion"},{"floor":42,"key":"FearPotion"},{"floor":46,"key":"Fire Potion"},{"floor":47,"key":"Ancient Potion"}],"is_trial":false,"path_per_floor":["M","$","M","?","M","R","E","M","T","M","?","R","?","$","R","B",null,"M","M","?","$","?","R","M","E","T","R","M","M","E","M","R","B",null,"M","$","M","?","M","R","E","?","T","$","?","E","M","E","R","B",null],"character_chosen":"IRONCLAD","items_purchased":["Body Slam","Entrench","DollysMirror"],"campfire_rested":2,"item_purchase_floors":[14,36,44],"current_hp_per_floor":[71,71,71,71,77,77,66,67,67,73,73,73,70,70,70,65,80,80,80,80,80,80,80,80,80,80,80,82,82,71,77,86,88,88,90,90,92,92,86,94,96,98,98,98,98,98,98,114,114,114],"gold":158,"neow_bonus":"ONE_RANDOM_RARE_CARD","is_prod":false,"is_daily":false,"chose_seed":false,"campfire_upgraded":3,"win_rate":0,"timestamp":1564680594,"path_taken":["M","$","M","?","M","R","E","M","T","M","?","R","?","$","R","BOSS","M","M","?","$","?","R","M","E","T","R","M","M","E","?","R","BOSS","M","$","M","?","M","R","E","?","T","$","?","E","M","E","R","BOSS"],"build_version":"2019-07-17","purchased_purges":3,"victory":true,"max_hp_per_floor":[80,80,80,80,80,80,80,80,80,80,80,80,80,80,80,80,80,80,80,80,80,80,80,80,80,80,80,82,82,84,86,86,88,88,90,90,92,92,94,94,96,98,98,98,98,98,98,114,114,114],"card_choices":[{"not_picked":["True Grit","Searing Blow"],"picked":"Metallicize","floor":1},{"not_picked":["Combust","Uppercut"],"picked":"Metallicize","floor":3},{"not_picked":["Twin Strike","Cleave"],"picked":"Shrug It Off","floor":5},{"not_picked":["Demon Form","Havoc"],"picked":"Ghostly Armor","floor":7},{"not_picked":["Dual Wield","Wild Strike"],"picked":"Battle Trance","floor":8},{"not_picked":["Rage","Armaments"],"picked":"Flame Barrier","floor":10},{"not_picked":["Fiend Fire","Bludgeon"],"picked":"Offering","floor":16},{"not_picked":["Iron Wave","Clash"],"picked":"Armaments+1","floor":18},{"not_picked":["Clash+1","Berserk"],"picked":"Body Slam","floor":19},{"not_picked":["Feel No Pain","Seeing Red"],"picked":"Iron Wave","floor":24},{"not_picked":["Shockwave","Twin Strike+1","Rupture"],"picked":"SKIP","floor":25},{"not_picked":["Uppercut","Sword Boomerang+1","Wild Strike"],"picked":"Singing Bowl","floor":28},{"not_picked":["Reckless Charge","Dropkick"],"picked":"Inflame+1","floor":29},{"not_picked":["Perfected Strike","Sword Boomerang+1","Fiend Fire"],"picked":"Singing Bowl","floor":30},{"not_picked":["Clothesline","Body Slam","Wild Strike","Pommel Strike"],"picked":"Singing Bowl","floor":31},{"not_picked":["Double Tap","Barricade","Immolate","Offering"],"picked":"Singing Bowl","floor":33},{"not_picked":["Evolve+1","Warcry","Intimidate+1","Headbutt"],"picked":"Singing Bowl","floor":35},{"not_picked":["Iron Wave","Warcry","Rampage","Clothesline"],"picked":"Singing Bowl","floor":37},{"not_picked":["Spot Weakness","Wild Strike+1","Warcry","Clash+1"],"picked":"Singing Bowl","floor":39},{"not_picked":["Shockwave+1","Uppercut+1","Barricade","True Grit+1"],"picked":"Singing Bowl","floor":41},{"not_picked":["Armaments+1","Perfected Strike","Rampage","Feed"],"picked":"Singing Bowl","floor":42},{"not_picked":["Jack Of All Trades","Magnetism","Mayhem"],"picked":"Master of Strategy","floor":45},{"not_picked":["Thunderclap+1","Inflame","Perfected Strike"],"picked":"Shrug It Off+1","floor":46},{"not_picked":["Pummel+1","Inflame","Wild Strike"],"picked":"Body Slam+1","floor":47},{"not_picked":["Sever Soul+1","Thunderclap","Corruption+1","Flex+1"],"picked":"Singing Bowl","floor":48}],"player_experience":289734,"relics_obtained":[{"floor":7,"key":"Peace Pipe"},{"floor":9,"key":"Gremlin Horn"},{"floor":22,"key":"Dodecahedron"},{"floor":25,"key":"Regal Pillow"},{"floor":26,"key":"Singing Bowl"},{"floor":30,"key":"Question Card"},{"floor":41,"key":"Girya"},{"floor":42,"key":"Nunchaku"},{"floor":43,"key":"Potion Belt"},{"floor":46,"key":"Happy Flower"},{"floor":48,"key":"Mango"}],"event_choices":[{"cards_removed":["Strike_R"],"damage_healed":0,"gold_gain":0,"player_choice":"Card Removal","damage_taken":0,"max_hp_gain":0,"max_hp_loss":0,"event_name":"The Cleric","floor":4,"gold_loss":50},{"cards_removed":["Strike_R"],"damage_healed":0,"gold_gain":0,"player_choice":"Forget","damage_taken":0,"max_hp_gain":0,"max_hp_loss":0,"event_name":"Living Wall","floor":11,"gold_loss":0},{"damage_healed":0,"gold_gain":0,"player_choice":"Success","damage_taken":3,"relics_obtained":["Mercury Hourglass"],"max_hp_gain":0,"max_hp_loss":0,"event_name":"Scrap Ooze","floor":13,"gold_loss":0},{"cards_removed":["Strike_R"],"damage_healed":0,"gold_gain":0,"player_choice":"Gave Gold","damage_taken":0,"max_hp_gain":0,"max_hp_loss":0,"event_name":"Beggar","floor":20,"gold_loss":75},{"damage_healed":0,"gold_gain":0,"player_choice":"Relic","damage_taken":0,"max_hp_gain":0,"max_hp_loss":0,"event_name":"Wheel of Change","floor":22,"gold_loss":0},{"cards_removed":["Metallicize"],"damage_healed":0,"gold_gain":0,"player_choice":"Removed Power","damage_taken":0,"max_hp_gain":0,"max_hp_loss":0,"event_name":"Falling","floor":38,"gold_loss":0},{"damage_healed":0,"gold_gain":0,"player_choice":"Fight","damage_taken":0,"max_hp_gain":0,"max_hp_loss":0,"event_name":"MindBloom","floor":42,"gold_loss":0},{"damage_healed":0,"gold_gain":0,"player_choice":"Memory 1","damage_taken":0,"max_hp_gain":0,"max_hp_loss":0,"event_name":"SensoryStone","floor":45,"gold_loss":0}],"is_beta":false,"boss_relics":[{"not_picked":["Mark of Pain","Empty Cage"],"picked":"Black Blood"},{"not_picked":["Runic Cube","Eternal Feather"],"picked":"Fusion Hammer"}],"items_purged_floors":[2,36,44],"is_endless":false,"potions_floor_spawned":[1,5,8,10,18,19,25,30,35,39,42,46,47],"ascension_level":2}