{"gold_per_floor":[119,70,70,95,170,170,204,204,204,229,209,249,264,279,279,369,369,388,388,401,119,140,140,65,65],"floor_reached":25,"playtime":939,"items_purged":["Strike_B"],"score":389,"play_id":"a8813d6b-5173-49a4-a1b3-5c5103a2a673","local_time":"20190714222144","is_ascension_mode":true,"campfire_choices":[{"data":"Coolheaded","floor":6.0,"key":"SMITH"},{"data":"Biased Cognition","floor":8,"key":"SMITH"},{"data":"Coolheaded","floor":15,"key":"SMITH"},{"data":"Creative AI","floor":23,"key":"SMITH"}],"neow_cost":"NONE","seed_source_timestamp":141672132281337,"circlet_count":0,"master_deck":["AscendersBane","Strike_B","Strike_B","Defend_B+1","Defend_B+1","Defend_B","Defend_B","Zap","Dualcast","Sweeping Beam","Coolheaded+1","Cold Snap","Biased Cognition+1","Coolheaded+1","Self Repair","Barrage","Creative AI+1","Turbo"],"special_seed":0,"relics":["Cracked Core","NeowsBlessing","Golden Idol","War Paint","Thread and Needle","Du-Vu Doll","Philosopher\u0027s Stone","Lantern"],"potions_floor_usage":[12,16,16,20,22],"damage_taken":[{"damage":0.0,"enemies":"Cultist","floor":1.0,"turns":1.0},{"damage":0.0,"enemies":"Small Slimes","floor":4.0,"turns":1.0},{"damage":0.0,"enemies":"Lagavulin","floor":7.0,"turns":1.0},{"damage":0,"enemies":"Jaw Worm","floor":10,"turns":3},{"damage":10,"enemies":"3 Sentries","floor":12,"turns":10},{"damage":5,"enemies":"Gremlin Gang","floor":13,"turns":4},{"damage":2,"enemies":"Large Slime","floor":14,"turns":5},{"damage":9,"enemies":"The Guardian","floor":16,"turns":15},{"damage":0,"enemies":"Chosen","floor":18,"turns":6},{"damage":38,"enemies":"3 Byrds","floor":20,"turns":8},{"damage":4,"enemies":"Snake Plant","floor":22,"turns":6},{"damage":61,"enemies":"Gremlin Leader","floor":25,"turns":4}],"seed_played":"-6218937229074015191","potions_obtained":[{"floor":4.0,"key":"Block Potion"},{"floor":11,"key":"Regen Potion"},{"floor":13,"key":"Block Potion"},{"floor":14,"key":"AttackPotion"},{"floor":18,"key":"GamblersBrew"}],"is_trial":false,"path_per_floor":["M","$","?","M","?","R","E","R","T","M","?","E","M","M","R","B",null,"M","?","M","$","M","R","?","E"],"character_chosen":"DEFECT","items_purchased":["Coolheaded","Lantern","Block Potion"],"campfire_rested":0,"item_purchase_floors":[2,21,21],"current_hp_per_floor":[68,68,50,50,39,39,39,39,39,39,39,44,39,44,44,42,67,74,74,50,50,53,53,53,0],"gold":65,"neow_bonus":"THREE_ENEMY_KILL","is_prod":false,"is_daily":false,"chose_seed":false,"campfire_upgraded":4,"win_rate":0,"timestamp":1563157304,"path_taken":["M","$","?","M","?","R","E","R","T","M","?","E","?","M","R","BOSS","M","?","M","$","M","R","?","E"],"build_version":"2019-07-05","purchased_purges":1,"victory":false,"max_hp_per_floor":[75,75,75,75,75,75,75,75,75,75,75,75,75,75,75,75,75,75,75,75,75,75,75,75,75],"card_choices":[{"not_picked":["Hello World","Hologram"],"picked":"Sweeping Beam","floor":1.0},{"not_picked":["Reinforced Body","Go for the Eyes"],"picked":"Cold Snap","floor":4.0},{"not_picked":["Streamline","Hyperbeam"],"picked":"Biased Cognition","floor":7},{"not_picked":["Hello World","Force Field","Rebound"],"picked":"SKIP","floor":10},{"not_picked":["Static Discharge","Cold Snap"],"picked":"Coolheaded","floor":12},{"not_picked":["Glacier","Scrape"],"picked":"Self Repair","floor":13},{"not_picked":["Sweeping Beam","Stack"],"picked":"Barrage","floor":14},{"not_picked":["Core Surge","Amplify"],"picked":"Creative AI","floor":16},{"not_picked":["Sweeping Beam","Tempest","Gash"],"picked":"SKIP","floor":18},{"not_picked":["Melter+1","Compile Driver","Redo"],"picked":"SKIP","floor":20},{"not_picked":["Ball Lightning+1","Redo"],"picked":"Turbo","floor":22}],"player_experience":694069,"relics_obtained":[{"floor":7,"key":"War Paint"},{"floor":9,"key":"Thread and Needle"},{"floor":12,"key":"Du-Vu Doll"}],"event_choices":[{"damage_healed":0.0,"max_hp_gain":0.0,"max_hp_loss":0.0,"gold_gain":0.0,"event_name":"Golden Idol","player_choice":"Take Damage","floor":3.0,"gold_loss":0.0,"damage_taken":18.0,"relics_obtained":["Golden Idol"]},{"damage_healed":0.0,"max_hp_gain":0.0,"max_hp_loss":0.0,"gold_gain":75.0,"event_name":"World of Goop","player_choice":"Gather Gold","floor":5.0,"gold_loss":0.0,"damage_taken":11.0},{"damage_healed":0,"gold_gain":0,"player_choice":"Bought 1 Potion","damage_taken":0,"max_hp_gain":0,"max_hp_loss":0,"event_name":"The Woman in Blue","floor":11,"gold_loss":0},{"damage_healed":0,"gold_gain":0,"player_choice":"Ignored","damage_taken":0,"max_hp_gain":0,"max_hp_loss":0,"event_name":"Ghosts","floor":19,"gold_loss":0},{"cards_removed":["Strike_B"],"damage_healed":0,"gold_gain":0,"player_choice":"Gave Gold","damage_taken":0,"max_hp_gain":0,"max_hp_loss":0,"event_name":"Beggar","floor":24,"gold_loss":75}],"is_beta":false,"boss_relics":[{"not_picked":["Nuclear Battery","Lizard Tail"],"picked":"Philosopher\u0027s Stone"}],"items_purged_floors":[21],"is_endless":false,"potions_floor_spawned":[4,13,14,18],"killed_by":"Gremlin Leader","ascension_level":13}