{"gold_per_floor":[112,123,123,48,18,18,38,38,64,98,13,13],"floor_reached":12,"playtime":400,"items_purged":[],"score":152,"play_id":"2dc0c2f7-2136-4c22-9d1d-fb5ff9f2ae9b","local_time":"20190818122701","is_ascension_mode":true,"campfire_choices":[{"floor":6.0,"key":"REST"},{"data":"Deadly Poison","floor":8.0,"key":"SMITH"}],"neow_cost":"NONE","seed_source_timestamp":123101363392100,"circlet_count":0,"master_deck":["AscendersBane","Strike_G","Strike_G","Strike_G","Strike_G","Defend_G","Defend_G","Defend_G","Defend_G","Survivor","Neutralize","Flying Knee","Dagger Spray","Deadly Poison+1","Leg Sweep","Predator","Catalyst"],"special_seed":0,"relics":["Ring of the Snake","Bag of Preparation","Art of War","PreservedInsect"],"potions_floor_usage":[12],"damage_taken":[{"damage":4.0,"enemies":"Small Slimes","floor":1.0,"turns":4.0},{"damage":9.0,"enemies":"Jaw Worm","floor":2.0,"turns":6.0},{"damage":1.0,"enemies":"2 Louse","floor":7.0,"turns":2.0},{"damage":51,"enemies":"3 Sentries","floor":10,"turns":14},{"damage":6,"enemies":"The Mushroom Lair","floor":12,"turns":3}],"seed_played":"-7924034284820823008","potions_obtained":[{"floor":10,"key":"GhostInAJar"}],"is_trial":false,"path_per_floor":["M","M","?","?","$","R","M","R","T","E","$","?"],"character_chosen":"THE_SILENT","items_purchased":["Deadly Poison","Catalyst"],"campfire_rested":1,"item_purchase_floors":[5,11],"current_hp_per_floor":[55,46,39,39,39,58,57,57,57,6,6,0],"gold":13,"neow_bonus":"RANDOM_COMMON_RELIC","is_prod":false,"is_daily":false,"chose_seed":false,"campfire_upgraded":1,"win_rate":0,"timestamp":1566124021,"path_taken":["M","M","?","?","$","R","M","R","T","E","$","?"],"build_version":"2019-07-17","purchased_purges":0,"victory":false,"max_hp_per_floor":[66,66,66,66,66,66,66,66,66,66,66,66],"card_choices":[{"not_picked":["Sucker Punch","Concentrate"],"picked":"Flying Knee","floor":1.0},{"not_picked":["Underhanded Strike","Deflect"],"picked":"Dagger Spray","floor":2.0},{"not_picked":["Cloak And Dagger","Heel Hook"],"picked":"Leg Sweep","floor":7.0},{"not_picked":["PiercingWail","Cloak And Dagger"],"picked":"Predator","floor":10}],"player_experience":1120027,"relics_obtained":[{"floor":9.0,"key":"Art of War"},{"floor":10,"key":"PreservedInsect"}],"event_choices":[{"cards_removed":["Strike_G"],"damage_healed":0.0,"max_hp_gain":0.0,"max_hp_loss":0.0,"gold_gain":0.0,"event_name":"Golden Wing","player_choice":"Card Removal","floor":3.0,"gold_loss":0.0,"damage_taken":7.0},{"cards_removed":["Defend_G"],"damage_healed":0.0,"max_hp_gain":0.0,"max_hp_loss":0.0,"gold_gain":0.0,"event_name":"The Cleric","player_choice":"Card Removal","floor":4.0,"gold_loss":75.0,"damage_taken":0.0},{"damage_healed":0,"gold_gain":0,"player_choice":"Fought Mushrooms","damage_taken":0,"max_hp_gain":0,"max_hp_loss":0,"event_name":"Mushrooms","floor":12,"gold_loss":0}],"is_beta":false,"boss_relics":[],"items_purged_floors":[],"is_endless":false,"potions_floor_spawned":[10],"killed_by":"The Mushroom Lair","ascension_level":20}