{"gold_per_floor":[116,96,107,117,137,137,167,167,167,167,201,201,216,37,37,115,115,131,142,10,21,21,21,48,48,48,48,48,48,48,58,58,133,133,151,151,0,0,11,11,42,42,67,77,106,106,120,70,70,70],"floor_reached":51,"playtime":2175,"items_purged":["Normality"],"score":1346,"play_id":"66e99ae9-b76b-4867-bcc4-87e24cffd489","local_time":"20190711164835","is_ascension_mode":true,"campfire_choices":[{"data":"Dash","floor":6.0,"key":"SMITH"},{"data":"Bouncing Flask","floor":10.0,"key":"SMITH"},{"data":"After Image","floor":12,"key":"SMITH"},{"data":"Catalyst","floor":15,"key":"SMITH"},{"data":"Adrenaline","floor":23,"key":"SMITH"},{"data":"A Thousand Cuts","floor":27,"key":"SMITH"},{"data":"Cloak And Dagger","floor":30,"key":"SMITH"},{"data":"Crippling Poison","floor":32,"key":"SMITH"},{"data":"Night Terror","floor":40,"key":"SMITH"},{"floor":42,"key":"REST"},{"data":"Neutralize","floor":46,"key":"SMITH"},{"data":"Dodge and Roll","floor":49,"key":"SMITH"}],"neow_cost":"NONE","seed_source_timestamp":147764366657360,"circlet_count":0,"master_deck":["AscendersBane","Defend_G","Defend_G","Defend_G","Defend_G","Defend_G","Survivor","Neutralize+1","Dash+1","Bouncing Flask+1","Well Laid Plans","PiercingWail","Backflip","Decay","After Image+1","Dodge and Roll+1","Catalyst+1","Tools of the Trade","Adrenaline+1","Dodge and Roll","Deadly Poison+1","Crippling Poison+1","Well Laid Plans","Cloak And Dagger+1","A Thousand Cuts+1","Bite","Bite","Bite","Bite","Bite","Prepared+1","Night Terror+1","Dagger Throw","Flash of Steel"],"special_seed":0,"relics":["Ring of the Snake","Du-Vu Doll","Ninja Scroll","Kunai","Cursed Key","Omamori","Gremlin Horn","Matryoshka","MutagenicStrength","Runic Pyramid","Red Mask","Juzu Bracelet","Ancient Tea Set","Smiling Mask","Snake Skull"],"potions_floor_usage":[24,50,50],"damage_taken":[{"damage":1.0,"enemies":"Cultist","floor":1.0,"turns":5.0},{"damage":4.0,"enemies":"Small Slimes","floor":3.0,"turns":4.0},{"damage":0.0,"enemies":"2 Louse","floor":4.0,"turns":2.0},{"damage":3.0,"enemies":"2 Fungi Beasts","floor":5.0,"turns":4.0},{"damage":23.0,"enemies":"Lagavulin","floor":7.0,"turns":7.0},{"damage":7.0,"enemies":"3 Sentries","floor":11.0,"turns":8.0},{"damage":2,"enemies":"3 Louse","floor":13,"turns":2},{"damage":6,"enemies":"Hexaghost","floor":16,"turns":8},{"damage":0,"enemies":"Shell Parasite","floor":18,"turns":4},{"damage":0,"enemies":"Spheric Guardian","floor":19,"turns":3},{"damage":3,"enemies":"Centurion and Healer","floor":21,"turns":6},{"damage":1,"enemies":"Slavers","floor":24,"turns":6},{"damage":2,"enemies":"Cultist and Chosen","floor":31,"turns":3},{"damage":18,"enemies":"Champ","floor":33,"turns":9},{"damage":8,"enemies":"3 Darklings","floor":35,"turns":4},{"damage":0,"enemies":"Orb Walker","floor":39,"turns":3},{"damage":20,"enemies":"Reptomancer","floor":41,"turns":5},{"damage":0,"enemies":"Maw","floor":44,"turns":2},{"damage":5,"enemies":"Nemesis","floor":45,"turns":7},{"damage":0,"enemies":"4 Shapes","floor":47,"turns":4},{"damage":12,"enemies":"Donu and Deca","floor":50,"turns":8}],"seed_played":"-449197164651015646","potions_obtained":[{"floor":2.0,"key":"Poison Potion"},{"floor":3.0,"key":"Poison Potion"},{"floor":7.0,"key":"Energy Potion"},{"floor":11,"key":"SteroidPotion"},{"floor":24,"key":"Dexterity Potion"},{"floor":47,"key":"Poison Potion"}],"is_trial":false,"path_per_floor":["M","?","M","M","M","R","E","?","T","R","E","R","M","$","R","B",null,"M","M","$","M","?","R","E","?","T","R","?","?","R","M","R","B",null,"M","?","?","$","M","R","E","R","T","M","E","R","M","$","R","B",null],"character_chosen":"THE_SILENT","items_purchased":["Catalyst","Tools of the Trade","Crippling Poison","Well Laid Plans"],"campfire_rested":1,"item_purchase_floors":[14,14,20,20],"current_hp_per_floor":[64,64,60,60,57,57,34,34,34,34,27,27,25,25,25,19,59,59,59,59,56,56,56,55,50,50,50,50,50,50,50,50,37,47,47,47,47,47,50,50,32,47,47,47,50,50,50,50,50,50],"gold":70,"neow_bonus":"TEN_PERCENT_HP_BONUS","is_prod":false,"is_daily":false,"chose_seed":false,"campfire_upgraded":11,"win_rate":0,"timestamp":1562881715,"path_taken":["M","?","?","M","M","R","E","?","T","R","E","R","M","$","R","BOSS","M","M","?","M","?","R","E","?","T","R","?","?","R","M","R","BOSS","M","?","?","?","?","R","E","R","T","M","E","R","M","$","R","BOSS"],"build_version":"2019-07-05","purchased_purges":1,"victory":true,"max_hp_per_floor":[72,72,72,72,72,72,72,72,72,72,72,72,72,72,72,72,72,72,72,72,72,72,72,72,50,50,50,50,50,50,50,50,50,50,50,50,50,50,50,50,50,50,50,50,50,50,50,50,50,50],"card_choices":[{"not_picked":["Outmaneuver","Eviscerate"],"picked":"Dash","floor":1.0},{"not_picked":["Sucker Punch","Flying Knee"],"picked":"Bouncing Flask","floor":3.0},{"not_picked":["Slice","Predator"],"picked":"Well Laid Plans","floor":4.0},{"not_picked":["Blade Dance","Deflect"],"picked":"PiercingWail","floor":5.0},{"not_picked":["Masterful Stab","Dash"],"picked":"Backflip","floor":7.0},{"not_picked":["Masterful Stab","Noxious Fumes"],"picked":"After Image","floor":11},{"not_picked":["Deflect","Eviscerate"],"picked":"Dodge and Roll","floor":13},{"not_picked":["A Thousand Cuts","Envenom"],"picked":"Adrenaline","floor":16},{"not_picked":["Outmaneuver","Bane"],"picked":"Dodge and Roll","floor":18},{"not_picked":["Accuracy","Outmaneuver"],"picked":"Deadly Poison+1","floor":19},{"not_picked":["Expertise","Accuracy"],"picked":"Cloak And Dagger","floor":21},{"not_picked":["Terror","Adrenaline"],"picked":"A Thousand Cuts","floor":24},{"not_picked":["Cloak And Dagger","Deflect"],"picked":"Prepared+1","floor":31},{"not_picked":["A Thousand Cuts","Adrenaline"],"picked":"Night Terror","floor":33},{"not_picked":["Eviscerate","Blur"],"picked":"Dagger Throw","floor":35},{"not_picked":["Panacea","Mayhem"],"picked":"Flash of Steel","floor":36},{"not_picked":["Dash","Dodge and Roll","Quick Slash"],"picked":"SKIP","floor":39},{"not_picked":["Dagger Throw","Quick Slash","Sucker Punch"],"picked":"SKIP","floor":41},{"not_picked":["Dash","Flechettes","Reflex+1"],"picked":"SKIP","floor":44},{"not_picked":["Underhanded Strike","Cloak And Dagger","Heel Hook+1"],"picked":"SKIP","floor":45},{"not_picked":["Terror+1","Slice","Flying Knee+1"],"picked":"SKIP","floor":47}],"player_experience":365044,"relics_obtained":[{"floor":7.0,"key":"Du-Vu Doll"},{"floor":9.0,"key":"Ninja Scroll"},{"floor":11,"key":"Kunai"},{"floor":24,"key":"Omamori"},{"floor":26,"key":"Gremlin Horn"},{"floor":41,"key":"Juzu Bracelet"},{"floor":43,"key":"Ancient Tea Set"},{"floor":43,"key":"Smiling Mask"},{"floor":45,"key":"Snake Skull"}],"event_choices":[{"damage_healed":0.0,"max_hp_gain":0.0,"max_hp_loss":0.0,"gold_gain":0.0,"event_name":"The Woman in Blue","player_choice":"Bought 1 Potion","floor":2.0,"gold_loss":0.0,"damage_taken":0.0},{"damage_healed":0.0,"max_hp_gain":0.0,"max_hp_loss":0.0,"gold_gain":0.0,"event_name":"Wheel of Change","player_choice":"Cursed","floor":8.0,"gold_loss":0.0,"damage_taken":0.0,"cards_obtained":["Decay"]},{"damage_healed":0,"gold_gain":0,"player_choice":"Ignored","damage_taken":0,"max_hp_gain":0,"max_hp_loss":0,"event_name":"Ghosts","floor":22,"gold_loss":0},{"damage_healed":0,"gold_gain":0,"player_choice":"Became a vampire","damage_taken":0,"max_hp_gain":0,"max_hp_loss":22,"event_name":"Vampires","floor":25,"gold_loss":0,"cards_obtained":["Bite","Bite","Bite","Bite","Bite"]},{"damage_healed":0,"gold_gain":0,"player_choice":"Stole Relic","damage_taken":0,"relics_obtained":["Matryoshka"],"max_hp_gain":0,"max_hp_loss":0,"event_name":"Addict","floor":28,"gold_loss":0,"cards_obtained":["Shame"]},{"damage_healed":0,"gold_gain":0,"player_choice":"Inject Mutagens","damage_taken":0,"relics_obtained":["MutagenicStrength"],"max_hp_gain":0,"max_hp_loss":0,"event_name":"Drug Dealer","floor":29,"gold_loss":0},{"damage_healed":0,"gold_gain":0,"player_choice":"Memory 1","damage_taken":0,"max_hp_gain":0,"max_hp_loss":0,"event_name":"SensoryStone","floor":36,"gold_loss":0},{"damage_healed":0,"gold_gain":0,"player_choice":"Paid","damage_taken":0,"relics_obtained":["Red Mask"],"max_hp_gain":0,"max_hp_loss":0,"event_name":"Tomb of Lord Red Mask","floor":37,"gold_loss":151}],"is_beta":false,"boss_relics":[{"not_picked":["Astrolabe","White Beast Statue"],"picked":"Cursed Key"},{"not_picked":["HoveringKite","Velvet Choker"],"picked":"Runic Pyramid"}],"items_purged_floors":[48],"is_endless":false,"potions_floor_spawned":[3,7,11,16,21,24,31,35,39,45,47],"ascension_level":16}