{"gold_per_floor":[113,130,44,44,44,44,74,74,74,74,109,127,143,171,171,171],"floor_reached":16,"playtime":407,"items_purged":[],"score":319,"play_id":"a06f7b50-1db4-4c17-a8d2-702fbfb5279e","local_time":"20190817003545","is_ascension_mode":true,"campfire_choices":[{"data":"Poisoned Stab","floor":6.0,"key":"SMITH"},{"data":"Deadly Poison","floor":8.0,"key":"SMITH"},{"data":"Neutralize","floor":10.0,"key":"SMITH"},{"floor":15,"key":"REST"}],"neow_cost":"NONE","seed_source_timestamp":263754536110359,"circlet_count":0,"master_deck":["AscendersBane","Strike_G+1","Strike_G","Strike_G","Strike_G","Defend_G","Defend_G+1","Defend_G","Defend_G","Defend_G","Survivor","Neutralize+1","Deadly Poison+1","Poisoned Stab+1","Leg Sweep","Malaise","All Out Attack","Catalyst"],"special_seed":0,"relics":["Ring of the Snake","NeowsBlessing","Kunai","Bottled Lightning","Unceasing Top","Pocketwatch"],"potions_floor_usage":[11,11,16],"damage_taken":[{"damage":0.0,"enemies":"Jaw Worm","floor":1.0,"turns":1.0},{"damage":0.0,"enemies":"Small Slimes","floor":2.0,"turns":1.0},{"damage":0.0,"enemies":"Lagavulin","floor":7.0,"turns":1.0},{"damage":0,"enemies":"Gremlin Nob","floor":11,"turns":3},{"damage":0,"enemies":"2 Louse","floor":12,"turns":1},{"damage":1,"enemies":"2 Fungi Beasts","floor":13,"turns":3},{"damage":16,"enemies":"Lagavulin","floor":14,"turns":6},{"damage":37,"enemies":"Slime Boss","floor":16,"turns":7}],"seed_played":"-7894526522510174580","potions_obtained":[{"floor":2.0,"key":"SkillPotion"},{"floor":7.0,"key":"Explosive Potion"},{"floor":12,"key":"AttackPotion"}],"is_trial":false,"path_per_floor":["M","M","$","?","?","R","E","R","T","R","E","M","M","E","R","B"],"character_chosen":"THE_SILENT","items_purchased":["Leg Sweep"],"campfire_rested":1,"item_purchase_floors":[3],"current_hp_per_floor":[59,59,59,52,32,32,32,32,32,32,32,32,31,15,34,0],"gold":171,"neow_bonus":"THREE_ENEMY_KILL","is_prod":false,"is_daily":false,"chose_seed":false,"campfire_upgraded":3,"win_rate":0,"timestamp":1566020145,"path_taken":["M","M","$","?","?","R","E","R","T","R","E","M","M","E","R","BOSS"],"build_version":"2019-07-17","purchased_purges":0,"victory":false,"max_hp_per_floor":[66,66,66,66,66,66,66,66,66,66,66,66,66,66,66,66],"card_choices":[{"not_picked":["Reflex","Sucker Punch"],"picked":"Deadly Poison","floor":1.0},{"not_picked":["Quick Slash","Distraction"],"picked":"Poisoned Stab","floor":2.0},{"not_picked":["Finisher","Backflip","Eviscerate"],"picked":"SKIP","floor":7.0},{"not_picked":["Blur","Bouncing Flask"],"picked":"Malaise","floor":11},{"not_picked":["Masterful Stab","Slice"],"picked":"All Out Attack","floor":12},{"not_picked":["Dagger Throw","Outmaneuver","Underhanded Strike"],"picked":"SKIP","floor":13},{"not_picked":["Setup","Deadly Poison"],"picked":"Catalyst","floor":14}],"player_experience":427717,"relics_obtained":[{"floor":7.0,"key":"Kunai"},{"floor":9.0,"key":"Bottled Lightning"},{"floor":11,"key":"Unceasing Top"},{"floor":14,"key":"Pocketwatch"}],"event_choices":[{"cards_removed":["Strike_G"],"damage_healed":0.0,"max_hp_gain":0.0,"max_hp_loss":0.0,"gold_gain":0.0,"event_name":"Golden Wing","player_choice":"Card Removal","floor":4.0,"gold_loss":0.0,"damage_taken":7.0},{"damage_healed":0.0,"max_hp_gain":0.0,"max_hp_loss":0.0,"gold_gain":0.0,"event_name":"Shining Light","player_choice":"Entered Light","floor":5.0,"gold_loss":0.0,"damage_taken":20.0,"cards_upgraded":["Defend_G","Strike_G"]}],"is_beta":false,"boss_relics":[],"items_purged_floors":[],"is_endless":false,"potions_floor_spawned":[2,7,12],"killed_by":"Slime Boss","ascension_level":18}