{"gold_per_floor":[119,119,137,137,65,65,95,95,119,148,163,183,183,199,199,303,303,323,335,347,347,359,359],"floor_reached":23,"playtime":782,"items_purged":[],"score":274,"play_id":"49a0fb1c-01f4-4eca-bb07-d35ad134d5e6","local_time":"20190817020456","is_ascension_mode":true,"campfire_choices":[{"data":"Catalyst","floor":6,"key":"SMITH"},{"data":"Neutralize","floor":8,"key":"SMITH"},{"data":"Noxious Fumes","floor":13,"key":"SMITH"},{"data":"Survivor","floor":15,"key":"SMITH"}],"neow_cost":"NONE","seed_source_timestamp":124611040983700,"circlet_count":0,"master_deck":["Strike_G+1","Strike_G","Strike_G+1","Strike_G","Strike_G","Defend_G","Defend_G","Defend_G","Defend_G","Defend_G","Survivor+1","Neutralize+1","Crippling Poison+1","Catalyst+1","Noxious Fumes+1","Bouncing Flask"],"relics":["Ring of the Snake","NeowsBlessing","Mercury Hourglass","Omamori","Pantograph","Velvet Choker"],"potions_floor_usage":[10,14,22],"damage_taken":[{"damage":0,"enemies":"Jaw Worm","floor":1,"turns":1},{"damage":0,"enemies":"Small Slimes","floor":3,"turns":1},{"damage":0,"enemies":"3 Sentries","floor":7,"turns":2},{"damage":7,"enemies":"Gremlin Nob","floor":10,"turns":3},{"damage":1,"enemies":"2 Louse","floor":11,"turns":2},{"damage":9,"enemies":"Blue Slaver","floor":12,"turns":2},{"damage":8,"enemies":"Large Slime","floor":14,"turns":5},{"damage":8,"enemies":"The Guardian","floor":16,"turns":9},{"damage":0,"enemies":"Chosen","floor":18,"turns":4},{"damage":8,"enemies":"3 Byrds","floor":19,"turns":4},{"damage":32,"enemies":"Centurion and Healer","floor":20,"turns":5},{"damage":16,"enemies":"3 Cultists","floor":22,"turns":5},{"damage":18,"enemies":"Book of Stabbing","floor":23,"turns":4}],"seed_played":"5897761263714753910","potions_obtained":[{"floor":7,"key":"Poison Potion"},{"floor":10,"key":"Regen Potion"},{"floor":12,"key":"Ancient Potion"},{"floor":19,"key":"Poison Potion"},{"floor":20,"key":"Dexterity Potion"}],"is_trial":false,"path_per_floor":["M","?","M","?","$","R","E","R","T","E","M","M","R","M","R","B",null,"M","M","M","?","M","E"],"character_chosen":"THE_SILENT","items_purchased":["Catalyst"],"campfire_rested":0,"item_purchase_floors":[5],"current_hp_per_floor":[70,56,56,56,56,56,56,56,56,49,48,39,39,46,46,62,70,70,62,30,30,14,0],"gold":359,"neow_bonus":"THREE_ENEMY_KILL","is_prod":false,"is_daily":false,"chose_seed":false,"campfire_upgraded":4,"win_rate":0,"timestamp":1565971496,"path_taken":["M","?","M","?","?","R","E","R","T","E","M","M","R","?","R","BOSS","M","M","M","?","M","E"],"build_version":"2019-07-17","purchased_purges":0,"victory":false,"max_hp_per_floor":[70,70,70,70,70,70,70,70,70,70,70,70,70,70,70,70,70,70,70,70,70,70,70],"card_choices":[{"not_picked":["Underhanded Strike","Choke","All Out Attack"],"picked":"SKIP","floor":1},{"not_picked":["Underhanded Strike","Finisher"],"picked":"Crippling Poison","floor":3},{"not_picked":["Choke","Dagger Spray","Endless Agony"],"picked":"SKIP","floor":7},{"not_picked":["PiercingWail","Endless Agony","Well Laid Plans"],"picked":"SKIP","floor":10},{"not_picked":["Dagger Spray","Slice"],"picked":"Noxious Fumes","floor":11},{"not_picked":["Eviscerate","Dodge and Roll","Terror"],"picked":"SKIP","floor":12},{"not_picked":["Flechettes","Expertise","Masterful Stab"],"picked":"SKIP","floor":14},{"not_picked":["Accuracy","Skewer","Escape Plan+1"],"picked":"SKIP","floor":18},{"not_picked":["Quick Slash","Cloak And Dagger+1"],"picked":"Bouncing Flask","floor":19},{"not_picked":["Deflect","Outmaneuver","Blade Dance+1"],"picked":"SKIP","floor":20},{"not_picked":["Bane","Blade Dance","Bouncing Flask"],"picked":"SKIP","floor":22}],"player_experience":47595,"relics_obtained":[{"floor":7,"key":"Mercury Hourglass"},{"floor":9,"key":"Omamori"},{"floor":10,"key":"Pantograph"}],"event_choices":[{"damage_healed":0,"gold_gain":0,"player_choice":"Entered Light","damage_taken":14,"max_hp_gain":0,"max_hp_loss":0,"event_name":"Shining Light","floor":2,"gold_loss":0,"cards_upgraded":["Strike_G","Strike_G"]},{"damage_healed":0,"gold_gain":0,"player_choice":"Grow","damage_taken":0,"max_hp_gain":0,"max_hp_loss":0,"event_name":"Living Wall","floor":4,"gold_loss":0,"cards_upgraded":["Crippling Poison"]},{"damage_healed":0,"gold_gain":0,"player_choice":"Ignored","damage_taken":0,"max_hp_gain":0,"max_hp_loss":0,"event_name":"Ghosts","floor":21,"gold_loss":0}],"is_beta":false,"boss_relics":[{"not_picked":["Tiny House","Eternal Feather"],"picked":"Velvet Choker"}],"items_purged_floors":[],"is_endless":false,"potions_floor_spawned":[7,10,12,19,20],"killed_by":"Book of Stabbing","ascension_level":4}