{"gold_per_floor":[118,132,143,162,177,177,208,208,232,232,250,269,269,5,5,100,100,117,65,81,95,10,10],"floor_reached":23,"playtime":783,"items_purged":["Defend_R"],"score":195,"play_id":"e5f7fc82-38c8-4a86-a30e-db15c71bb96e","local_time":"20181124000043","is_ascension_mode":false,"campfire_choices":[{"data":"Burning Pact","floor":6,"key":"SMITH"},{"data":"Warcry","floor":8,"key":"SMITH"},{"data":"Fire Breathing","floor":13,"key":"SMITH"},{"data":"Corruption","floor":15,"key":"SMITH"}],"neow_cost":"NONE","seed_source_timestamp":859560816457600,"circlet_count":0,"master_deck":["Strike_R","Strike_R","Strike_R","Defend_R","Defend_R","Bash","Burning Pact+1","Clash","Fire Breathing+1","Flex","Battle Trance","Clash","Warcry+1","Hemokinesis","Flex","Corruption+1","Berserk","Flex+1","Warcry","Infernal Blade","Burning Pact"],"relics":["Burning Blood","Ornamental Fan","Pen Nib","Dream Catcher","Bag of Marbles","Empty Cage","Vajra"],"potions_floor_usage":[7,16,21,21,21],"damage_taken":[{"damage":5,"enemies":"Cultist","floor":1,"turns":4},{"damage":8,"enemies":"Small Slimes","floor":2,"turns":3},{"damage":0,"enemies":"2 Louse","floor":3,"turns":2},{"damage":9,"enemies":"Blue Slaver","floor":4,"turns":3},{"damage":6,"enemies":"3 Louse","floor":5,"turns":4},{"damage":16,"enemies":"Gremlin Nob","floor":7,"turns":3},{"damage":8,"enemies":"2 Fungi Beasts","floor":11,"turns":3},{"damage":10,"enemies":"Blue Slaver","floor":12,"turns":2},{"damage":18,"enemies":"Slime Boss","floor":16,"turns":7},{"damage":31,"enemies":"Chosen","floor":18,"turns":4},{"damage":41,"enemies":"2 Thieves","floor":20,"turns":3},{"damage":18,"enemies":"Centurion and Healer","floor":21,"turns":2},{"damage":10,"enemies":"Book of Stabbing","floor":23,"turns":2}],"seed_played":"-2373230842062497112","potions_obtained":[{"floor":2,"key":"GamblersBrew"},{"floor":5,"key":"PowerPotion"},{"floor":7,"key":"SteroidPotion"},{"floor":12,"key":"PowerPotion"},{"floor":16,"key":"SkillPotion"}],"is_trial":false,"path_per_floor":["M","M","M","M","M","R","E","R","T","?","M","M","R","$","R","B",null,"M","$","M","M","?","E"],"character_chosen":"IRONCLAD","items_purchased":["Corruption","Bag of Marbles","Warcry"],"campfire_rested":0,"item_purchase_floors":[14,14,19],"current_hp_per_floor":[80,78,80,77,77,77,67,67,67,60,58,54,54,54,54,42,80,55,55,20,8,8,0],"gold":10,"neow_bonus":"TRANSFORM_CARD","is_prod":false,"is_daily":false,"chose_seed":false,"campfire_upgraded":4,"win_rate":0,"timestamp":1543035643,"path_taken":["M","M","M","?","M","R","E","R","T","?","M","M","R","$","R","BOSS","M","$","M","M","?","E"],"build_version":"2018-11-15","purchased_purges":1,"victory":false,"max_hp_per_floor":[80,80,80,80,80,80,80,80,80,80,80,80,80,80,80,80,80,80,80,80,80,80,80],"card_choices":[{"not_picked":["Cleave","Twin Strike"],"picked":"Clash","floor":1},{"not_picked":["Feel No Pain","Sword Boomerang"],"picked":"Fire Breathing","floor":2},{"not_picked":["Heavy Blade","True Grit"],"picked":"Flex","floor":3},{"not_picked":["Second Wind","Havoc"],"picked":"Battle Trance","floor":4},{"not_picked":["Metallicize","Dual Wield"],"picked":"Clash","floor":5},{"not_picked":["Flame Barrier","Intimidate"],"picked":"Warcry","floor":7},{"not_picked":["Exhume","Searing Blow"],"picked":"Hemokinesis","floor":11},{"not_picked":["True Grit","Wild Strike"],"picked":"Flex","floor":12},{"not_picked":["Limit Break","Fiend Fire"],"picked":"Berserk","floor":16},{"not_picked":["Bloodletting","Sword Boomerang"],"picked":"Flex+1","floor":18},{"not_picked":["Sentinel","Cleave"],"picked":"Infernal Blade","floor":20},{"not_picked":["Entrench","Body Slam"],"picked":"Burning Pact","floor":21}],"player_experience":145514,"relics_obtained":[{"floor":7,"key":"Ornamental Fan"},{"floor":9,"key":"Pen Nib"}],"event_choices":[{"damage_healed":0,"gold_gain":0,"player_choice":"Success","damage_taken":7,"relics_obtained":["Dream Catcher"],"max_hp_gain":0,"max_hp_loss":0,"event_name":"Scrap Ooze","floor":10,"gold_loss":0},{"damage_healed":0,"gold_gain":0,"player_choice":"Obtained Relic","damage_taken":0,"relics_obtained":["Vajra"],"max_hp_gain":0,"max_hp_loss":0,"event_name":"Addict","floor":22,"gold_loss":85}],"is_beta":false,"boss_relics":[{"not_picked":["Orrery","Calling Bell"],"picked":"Empty Cage"}],"items_purged_floors":[14],"is_endless":false,"potions_floor_spawned":[2,5,7,12,16,18,20],"killed_by":"Book of Stabbing","ascension_level":0}