{"gold_per_floor":[109,127,139,139,99,99,132,84,129,141,161,181,199,150,150,247,247,217,217,217,217,217],"floor_reached":22,"playtime":816,"items_purged":[],"score":286,"play_id":"ff68e6a3-e16b-4a8f-9903-dd4f87e87acb","local_time":"20190607125136","is_ascension_mode":true,"campfire_choices":[{"data":"Beam Cell","floor":6,"key":"SMITH"},{"floor":15,"key":"REST"}],"neow_cost":"NONE","seed_source_timestamp":3439117349651,"circlet_count":0,"master_deck":["Strike_B","Strike_B","Strike_B","Strike_B","Defend_B","Defend_B","Defend_B","Defend_B","Zap","Dualcast","Gash","Streamline+1","Beam Cell+1","Melter","Gash","Sunder","Rebound","Auto Shields","Hologram","Seek","Leap","Creative AI+1","Zap"],"relics":["Cracked Core","Dream Catcher","Ectoplasm","Pocketwatch","Frozen Egg 2"],"potions_floor_usage":[7,10,16,20,20,22],"damage_taken":[{"damage":0,"enemies":"Small Slimes","floor":1,"turns":3},{"damage":0,"enemies":"2 Louse","floor":2,"turns":2},{"damage":0,"enemies":"Cultist","floor":3,"turns":3},{"damage":8,"enemies":"Gremlin Nob","floor":7,"turns":3},{"damage":14,"enemies":"Exordium Thugs","floor":10,"turns":2},{"damage":6,"enemies":"3 Louse","floor":11,"turns":2},{"damage":10,"enemies":"Gremlin Gang","floor":12,"turns":3},{"damage":13,"enemies":"Blue Slaver","floor":13,"turns":2},{"damage":0,"enemies":"Slime Boss","floor":16,"turns":6},{"damage":6,"enemies":"2 Thieves","floor":18,"turns":3},{"damage":0,"enemies":"Chosen","floor":19,"turns":3},{"damage":24,"enemies":"Colosseum Slavers","floor":20,"turns":4},{"damage":20,"enemies":"Colosseum Nobs","floor":20,"turns":4},{"damage":40,"enemies":"Shelled Parasite and Fungi","floor":22,"turns":3}],"seed_played":"130007200776485056","potions_obtained":[{"floor":2,"key":"Explosive Potion"},{"floor":3,"key":"Swift Potion"},{"floor":12,"key":"GamblersBrew"},{"floor":13,"key":"Energy Potion"},{"floor":16,"key":"LiquidBronze"},{"floor":18,"key":"Explosive Potion"}],"is_trial":false,"path_per_floor":["M","M","M","?","$","R","E","$","T","M","M","M","M","$","R","B",null,"M","M","?","?","M"],"character_chosen":"DEFECT","items_purchased":["Melter","Gash","Hologram"],"campfire_rested":1,"item_purchase_floors":[5,8,14],"current_hp_per_floor":[82,82,82,82,82,82,74,74,74,60,54,44,31,31,55,55,82,76,76,32,32,0],"gold":217,"neow_bonus":"TEN_PERCENT_HP_BONUS","is_prod":false,"is_daily":false,"chose_seed":false,"campfire_upgraded":1,"win_rate":0,"timestamp":1559929896,"path_taken":["M","M","M","?","$","R","E","$","T","M","M","M","M","$","R","BOSS","M","M","?","?","?"],"build_version":"2019-01-23","purchased_purges":0,"victory":false,"max_hp_per_floor":[82,82,82,82,82,82,82,82,82,82,82,82,82,82,82,82,82,82,82,82,82,82],"card_choices":[{"not_picked":["Beam Cell","Leap"],"picked":"Gash","floor":1},{"not_picked":["Barrage","Stack"],"picked":"Streamline","floor":2},{"not_picked":["Recycle","FTL"],"picked":"Beam Cell","floor":3},{"not_picked":["Aggregate","Beam Cell","Blizzard"],"picked":"SKIP","floor":7},{"not_picked":["Stack","Seek"],"picked":"Sunder","floor":10},{"not_picked":["Go for the Eyes","Cold Snap","Beam Cell"],"picked":"SKIP","floor":11},{"not_picked":["Barrage","Streamline"],"picked":"Rebound","floor":12},{"not_picked":["Storm","Beam Cell"],"picked":"Auto Shields","floor":13},{"not_picked":["Hyperbeam","Meteor Strike"],"picked":"Seek","floor":16},{"not_picked":["Stack+1","Steam","Go for the Eyes"],"picked":"SKIP","floor":18},{"not_picked":["Steam","Streamline"],"picked":"Leap","floor":19},{"not_picked":["Redo","Turbo"],"picked":"Creative AI","floor":20}],"player_experience":116312,"relics_obtained":[{"floor":7,"key":"Dream Catcher"},{"floor":20,"key":"Pocketwatch"},{"floor":20,"key":"Frozen Egg 2"}],"event_choices":[{"damage_healed":0,"gold_gain":0,"player_choice":"Grow","damage_taken":0,"max_hp_gain":0,"max_hp_loss":0,"event_name":"Living Wall","floor":4,"gold_loss":0,"cards_upgraded":["Streamline"]},{"damage_healed":0,"gold_gain":0,"player_choice":"Fight","damage_taken":0,"max_hp_gain":0,"max_hp_loss":0,"event_name":"Colosseum","floor":20,"gold_loss":0},{"damage_healed":0,"gold_gain":0,"player_choice":"Fought Nobs","damage_taken":0,"max_hp_gain":0,"max_hp_loss":0,"event_name":"Colosseum","floor":20,"gold_loss":0},{"damage_healed":0,"gold_gain":0,"player_choice":"1 cards matched","damage_taken":0,"max_hp_gain":0,"max_hp_loss":0,"event_name":"Match and Keep!","floor":21,"gold_loss":0,"cards_obtained":["Zap"]}],"is_beta":false,"boss_relics":[{"not_picked":["Runic Pyramid","Busted Crown"],"picked":"Ectoplasm"}],"items_purged_floors":[],"is_endless":false,"potions_floor_spawned":[2,3,12,13,16,18,19],"killed_by":"Shelled Parasite and Fungi","ascension_level":4}