{"gold_per_floor":[110,35,110,126,126,151,151,168,168,201,221,231,259,269,269,371,371,389,389,389,289,307,334,350,350,377,377,10,22,50,62,74,182,194,218,105,105,105,105,137,149,182,261,294,309,327,427,437,437,437],"floor_reached":51,"playtime":1865,"items_purged":["Strike_R","Strike_R","Blood for Blood+1"],"score":995,"play_id":"c9ec3cfd-5a3a-464f-ae03-faa8c65635e4","local_time":"20190807103528","is_ascension_mode":false,"campfire_choices":[{"data":"True Grit","floor":7,"key":"SMITH"},{"data":"Offering","floor":15,"key":"SMITH"},{"data":"Bash","floor":27,"key":"SMITH"},{"floor":32,"key":"REST"},{"data":"Offering","floor":49,"key":"SMITH"}],"neow_cost":"NONE","seed_source_timestamp":139513386955185,"circlet_count":0,"master_deck":["Defend_R","Defend_R","Bash+1","True Grit+1","Offering+1","Rampage+1","Dropkick+1","Pommel Strike+1","Dropkick+1","Offering+1"],"relics":["Burning Blood","PreservedInsect","Meat on the Bone","Molten Egg 2","Kunai","Bottled Flame","Sozu","Bag of Marbles","Bag of Preparation","Unceasing Top","MawBank","Empty Cage","Mercury Hourglass","Happy Flower","Toxic Egg 2","Pear","Magic Flower"],"potions_floor_usage":[6],"damage_taken":[{"damage":10,"enemies":"Small Slimes","floor":1,"turns":5},{"damage":1,"enemies":"Jaw Worm","floor":4,"turns":6},{"damage":31,"enemies":"Gremlin Nob","floor":6,"turns":4},{"damage":1,"enemies":"2 Louse","floor":8,"turns":3},{"damage":32,"enemies":"Lagavulin","floor":10,"turns":5},{"damage":6,"enemies":"Exordium Wildlife","floor":11,"turns":3},{"damage":8,"enemies":"Looter","floor":12,"turns":3},{"damage":18,"enemies":"3 Sentries","floor":13,"turns":7},{"damage":20,"enemies":"Blue Slaver","floor":14,"turns":3},{"damage":25,"enemies":"The Guardian","floor":16,"turns":9},{"damage":17,"enemies":"Shell Parasite","floor":18,"turns":5},{"damage":6,"enemies":"3 Byrds","floor":22,"turns":4},{"damage":14,"enemies":"Book of Stabbing","floor":23,"turns":5},{"damage":0,"enemies":"Snecko","floor":24,"turns":3},{"damage":6,"enemies":"Shelled Parasite and Fungi","floor":29,"turns":1},{"damage":6,"enemies":"Slavers","floor":30,"turns":1},{"damage":73,"enemies":"Automaton","floor":33,"turns":9},{"damage":6,"enemies":"Orb Walker","floor":35,"turns":1},{"damage":6,"enemies":"Reptomancer","floor":40,"turns":1},{"damage":6,"enemies":"3 Shapes","floor":41,"turns":2},{"damage":6,"enemies":"Giant Head","floor":42,"turns":1},{"damage":6,"enemies":"Nemesis","floor":44,"turns":1},{"damage":6,"enemies":"Transient","floor":45,"turns":1},{"damage":6,"enemies":"Spire Growth","floor":46,"turns":1},{"damage":6,"enemies":"Mind Bloom Boss Battle","floor":47,"turns":1},{"damage":12,"enemies":"Sphere and 2 Shapes","floor":48,"turns":1},{"damage":24,"enemies":"Time Eater","floor":50,"turns":4}],"seed_played":"9152468797713993587","potions_obtained":[{"floor":4,"key":"Poison Potion"},{"floor":8,"key":"Explosive Potion"},{"floor":10,"key":"Fire Potion"},{"floor":13,"key":"EssenceOfSteel"},{"floor":16,"key":"PowerPotion"}],"is_trial":false,"path_per_floor":["M","$","?","M","?","E","R","M","T","E","M","M","E","M","R","B",null,"M","?","?","$","M","E","M","?","T","R","$","M","E","$","R","B",null,"M","$","?","?","$","E","M","E","T","E","M","M","?","M","R","B",null],"character_chosen":"IRONCLAD","items_purchased":["Dropkick+1","Unceasing Top"],"campfire_rested":1,"item_purchase_floors":[28,28],"current_hp_per_floor":[76,76,65,70,70,45,45,50,50,36,48,58,58,56,56,49,80,69,54,54,54,54,58,64,64,64,64,64,64,64,64,85,30,85,85,85,85,85,85,85,85,85,85,95,95,95,95,92,92,77],"gold":437,"neow_bonus":"RANDOM_COMMON_RELIC","is_prod":false,"is_daily":false,"chose_seed":false,"campfire_upgraded":4,"win_rate":0,"timestamp":1565188528,"path_taken":["M","$","?","M","?","E","R","M","T","E","?","M","E","M","R","BOSS","M","?","?","$","?","E","M","?","T","R","$","M","E","?","R","BOSS","M","$","?","?","$","E","M","E","T","E","M","M","?","M","R","BOSS"],"build_version":"2019-07-17","purchased_purges":3,"victory":true,"max_hp_per_floor":[80,80,80,80,80,80,80,80,80,80,80,80,80,80,80,80,80,80,85,85,85,85,85,85,85,85,85,85,85,85,85,85,85,85,85,85,85,85,85,85,85,85,85,95,95,95,95,95,95,95],"card_choices":[{"not_picked":["Heavy Blade","Armaments"],"picked":"True Grit","floor":1},{"not_picked":["Armaments","Shrug It Off"],"picked":"Offering","floor":4},{"not_picked":["Barricade","Spot Weakness","Iron Wave"],"picked":"SKIP","floor":6},{"not_picked":["Power Through","Shockwave","Heavy Blade"],"picked":"SKIP","floor":8},{"not_picked":["Hemokinesis+1","Shockwave","Clash+1"],"picked":"SKIP","floor":10},{"not_picked":["Searing Blow+1","Twin Strike+1","Thunderclap+1"],"picked":"SKIP","floor":11},{"not_picked":["Uppercut+1","Heavy Blade+1"],"picked":"Rampage+1","floor":12},{"not_picked":["True Grit","Thunderclap+1","Warcry"],"picked":"SKIP","floor":13},{"not_picked":["Sword Boomerang+1","Corruption","Thunderclap+1"],"picked":"SKIP","floor":14},{"not_picked":["Headbutt+1","Perfected Strike+1"],"picked":"Dropkick+1","floor":18},{"not_picked":["Wild Strike+1","Infernal Blade","Uppercut+1"],"picked":"SKIP","floor":22},{"not_picked":["Warcry","Armaments","Ghostly Armor"],"picked":"SKIP","floor":23},{"not_picked":["Combust","Burning Pact","Sever Soul+1"],"picked":"SKIP","floor":24},{"not_picked":["Barricade","Warcry","Reckless Charge+1"],"picked":"SKIP","floor":29},{"not_picked":["Burning Pact+1","Shrug It Off+1","Havoc"],"picked":"SKIP","floor":30},{"not_picked":["Limit Break","Exhume"],"picked":"Offering","floor":33},{"not_picked":["Body Slam+1","Clothesline+1","Heavy Blade+1"],"picked":"SKIP","floor":35},{"not_picked":["Second Wind","Iron Wave+1","Body Slam+1"],"picked":"SKIP","floor":40},{"not_picked":["Corruption+1","Twin Strike+1","Pummel+1"],"picked":"SKIP","floor":41},{"not_picked":["Iron Wave+1","Brutality","Power Through"],"picked":"SKIP","floor":42},{"not_picked":["Disarm+1","Heavy Blade+1","True Grit+1"],"picked":"SKIP","floor":44},{"not_picked":["Inflame","Clash+1","Flame Barrier+1"],"picked":"SKIP","floor":45},{"not_picked":["Bloodletting+1","Metallicize+1","Body Slam+1"],"picked":"SKIP","floor":46},{"not_picked":["Headbutt+1","Flex+1","Inflame"],"picked":"SKIP","floor":48}],"player_experience":758506,"relics_obtained":[{"floor":6,"key":"Meat on the Bone"},{"floor":9,"key":"Molten Egg 2"},{"floor":10,"key":"Kunai"},{"floor":13,"key":"Bottled Flame"},{"floor":23,"key":"Bag of Marbles"},{"floor":26,"key":"Bag of Preparation"},{"floor":30,"key":"MawBank"},{"floor":40,"key":"Mercury Hourglass"},{"floor":42,"key":"Happy Flower"},{"floor":43,"key":"Toxic Egg 2"},{"floor":44,"key":"Pear"},{"floor":47,"key":"Magic Flower"}],"event_choices":[{"damage_healed":0,"gold_gain":75,"player_choice":"Gather Gold","damage_taken":11,"max_hp_gain":0,"max_hp_loss":0,"event_name":"World of Goop","floor":3,"gold_loss":0},{"cards_removed":["Strike_R"],"damage_healed":0,"gold_gain":0,"player_choice":"Forget","damage_taken":0,"max_hp_gain":0,"max_hp_loss":0,"event_name":"Living Wall","floor":5,"gold_loss":0},{"damage_healed":0,"gold_gain":0,"player_choice":"Shed Blood","damage_taken":20,"max_hp_gain":5,"max_hp_loss":0,"event_name":"Forgotten Altar","floor":19,"gold_loss":0},{"damage_healed":0,"gold_gain":0,"player_choice":"Read","damage_taken":0,"max_hp_gain":0,"max_hp_loss":0,"event_name":"The Library","floor":20,"gold_loss":0,"cards_obtained":["Pommel Strike"]},{"damage_healed":0,"gold_gain":0,"cards_transformed":["Strike_R","Defend_R"],"player_choice":"Became Test Subject","damage_taken":0,"max_hp_gain":0,"max_hp_loss":0,"event_name":"Drug Dealer","floor":25,"gold_loss":0,"cards_obtained":["Blood for Blood","Bludgeon"]},{"damage_healed":0,"gold_gain":0,"player_choice":"Memory 1","damage_taken":0,"max_hp_gain":0,"max_hp_loss":0,"event_name":"SensoryStone","floor":37,"gold_loss":0},{"cards_removed":["Defend_R"],"damage_healed":0,"gold_gain":0,"player_choice":"Removed Skill","damage_taken":0,"max_hp_gain":0,"max_hp_loss":0,"event_name":"Falling","floor":38,"gold_loss":0},{"damage_healed":0,"gold_gain":0,"player_choice":"Fight","damage_taken":0,"max_hp_gain":0,"max_hp_loss":0,"event_name":"MindBloom","floor":47,"gold_loss":0}],"is_beta":false,"boss_relics":[{"not_picked":["Busted Crown","Cursed Key"],"picked":"Sozu"},{"not_picked":["Astrolabe","Black Blood"],"picked":"Empty Cage"}],"items_purged_floors":[2,21,36],"is_endless":false,"potions_floor_spawned":[4,8,10,13,16,18,23,30,33,40,41,42,46,47],"ascension_level":0}