{"gold_per_floor":[209,227,244,62,73,103,103,136,136,136,18,18,86,98,98,98],"floor_reached":16,"playtime":471,"items_purged":["Strike_B"],"score":116,"play_id":"f586843a-793e-4a5d-be27-33cd86a371d0","local_time":"20190724161313","is_ascension_mode":true,"campfire_choices":[{"data":"Zap","floor":10,"key":"SMITH"},{"data":"Dualcast","floor":12,"key":"SMITH"},{"data":"Finesse","floor":15,"key":"SMITH"}],"neow_cost":"NONE","seed_source_timestamp":9871335294206280,"circlet_count":0,"master_deck":["Strike_B","Strike_B","Strike_B","Defend_B","Defend_B","Defend_B","Zap+1","Dualcast+1","Beam Cell","BootSequence","Gash","Beam Cell","Finesse+1"],"relics":["Cracked Core","The Courier","Incense Burner","Singing Bowl","Centennial Puzzle","Pear"],"potions_floor_usage":[6,8],"damage_taken":[{"damage":0,"enemies":"2 Louse","floor":1,"turns":2},{"damage":0,"enemies":"Cultist","floor":2,"turns":3},{"damage":1,"enemies":"Jaw Worm","floor":3,"turns":3},{"damage":0,"enemies":"Exordium Wildlife","floor":5,"turns":3},{"damage":32,"enemies":"3 Sentries","floor":6,"turns":8},{"damage":22,"enemies":"Gremlin Nob","floor":8,"turns":5},{"damage":6,"enemies":"Exordium Thugs","floor":14,"turns":3},{"damage":28,"enemies":"Hexaghost","floor":16,"turns":7}],"seed_played":"-1099292107508110596","potions_obtained":[{"floor":1,"key":"Swift Potion"},{"floor":6,"key":"Block Potion"}],"is_trial":false,"path_per_floor":["M","M","M","$","M","E","?","E","T","R","$","R","T","M","R","B"],"character_chosen":"DEFECT","items_purchased":["Beam Cell","Finesse","Centennial Puzzle"],"campfire_rested":0,"item_purchase_floors":[4,4,11],"current_hp_per_floor":[75,75,74,74,74,42,42,20,20,20,20,20,30,26,26,0],"gold":98,"neow_bonus":"HUNDRED_GOLD","is_prod":false,"is_daily":false,"chose_seed":false,"campfire_upgraded":3,"win_rate":0,"timestamp":1563963193,"path_taken":["M","M","M","$","M","E","?","E","T","R","?","R","?","?","R","BOSS"],"build_version":"2019-07-17","purchased_purges":1,"victory":false,"max_hp_per_floor":[75,75,75,75,75,75,75,75,75,75,75,75,85,87,87,87],"card_choices":[{"not_picked":["Melter","Aggregate"],"picked":"Beam Cell","floor":1},{"not_picked":["Leap","Coolheaded"],"picked":"BootSequence","floor":2},{"not_picked":["Heatsinks","Cold Snap"],"picked":"Gash","floor":3},{"not_picked":["Capacitor","Double Energy","Steam"],"picked":"SKIP","floor":5},{"not_picked":["Double Energy","Heatsinks","Stack"],"picked":"SKIP","floor":6},{"not_picked":["Barrage","Redo","Compile Driver"],"picked":"SKIP","floor":8},{"not_picked":["Heatsinks","Cold Snap","Consume"],"picked":"Singing Bowl","floor":14}],"player_experience":1584147,"relics_obtained":[{"floor":6,"key":"The Courier"},{"floor":8,"key":"Incense Burner"},{"floor":9,"key":"Singing Bowl"},{"floor":13,"key":"Pear"}],"event_choices":[{"cards_removed":["Defend_B"],"damage_healed":0,"gold_gain":0,"player_choice":"Offered Basic","damage_taken":0,"max_hp_gain":0,"max_hp_loss":0,"event_name":"Bonfire Elementals","floor":7,"gold_loss":0}],"is_beta":false,"boss_relics":[],"items_purged_floors":[4],"is_endless":false,"potions_floor_spawned":[1,6],"killed_by":"Hexaghost","ascension_level":1}