{"gold_per_floor":[115,115,40,55,71,71,91,124,176,101,101,130,141,141,141,214,214,226,226,295,270,320,320,370,370,416,435,435,485,94,127,127,203,203,222,324,343,393,443,443,493,493,541,541,601,302,302,335,335,335],"floor_reached":51,"playtime":1955,"items_purged":["Strike_B","Steam","Strike_B+1"],"score":1335,"play_id":"7a58d12f-fad6-4643-861d-1f7386b489f9","local_time":"20190712075502","is_ascension_mode":true,"campfire_choices":[{"data":"Sunder","floor":6,"key":"SMITH"},{"floor":11,"key":"REST"},{"floor":15,"key":"REST"},{"floor":23,"key":"REST"},{"data":"Loop","floor":25,"key":"SMITH"},{"data":"Doom and Gloom","floor":28,"key":"SMITH"},{"data":"Ghostly","floor":32,"key":"SMITH"},{"floor":40,"key":"REST"},{"floor":42,"key":"REST"},{"data":"Ghostly","floor":44,"key":"SMITH"},{"data":"Rainbow","floor":47,"key":"SMITH"},{"data":"Ghostly","floor":49,"key":"SMITH"}],"neow_cost":"CURSE","seed_source_timestamp":202396708517209,"circlet_count":0,"master_deck":["AscendersBane","Defend_B+1","Defend_B+1","Defend_B+1","Defend_B+1","Dualcast","Cold Snap","Sunder+1","Doom and Gloom+1","Self Repair","Conserve Battery","Ball Lightning","Core Surge","Go for the Eyes+1","Loop+1","Recycle","Double Energy","Ghostly+1","Ghostly+1","Ghostly+1","Meteor Strike","White Noise","Echo Form","Compile Driver","Consume","Ghostly+1","Rainbow+1"],"relics":["Cracked Core","Blue Candle","Lantern","Potion Belt","Question Card","Snecko Eye","SsserpentHead","Orichalcum","Membership Card","Vajra","Prayer Wheel","Sozu","WingedGreaves","Centennial Puzzle","Anchor","Cauldron","Sundial"],"potions_floor_usage":[20,33,36,36],"damage_taken":[{"damage":15,"enemies":"Small Slimes","floor":1,"turns":3},{"damage":0,"enemies":"2 Louse","floor":4,"turns":2},{"damage":5,"enemies":"Jaw Worm","floor":5,"turns":3},{"damage":2,"enemies":"2 Fungi Beasts","floor":7,"turns":3},{"damage":38,"enemies":"3 Sentries","floor":8,"turns":6},{"damage":25,"enemies":"Gremlin Nob","floor":12,"turns":4},{"damage":8,"enemies":"3 Louse","floor":13,"turns":3},{"damage":32,"enemies":"The Guardian","floor":16,"turns":10},{"damage":32,"enemies":"Shell Parasite","floor":18,"turns":4},{"damage":5,"enemies":"3 Byrds","floor":20,"turns":2},{"damage":12,"enemies":"Snake Plant","floor":27,"turns":4},{"damage":15,"enemies":"Book of Stabbing","floor":31,"turns":5},{"damage":33,"enemies":"Automaton","floor":33,"turns":8},{"damage":16,"enemies":"3 Shapes","floor":35,"turns":4},{"damage":11,"enemies":"2 Orb Walkers","floor":36,"turns":4},{"damage":17,"enemies":"3 Darklings","floor":37,"turns":3},{"damage":0,"enemies":"Sphere and 2 Shapes","floor":45,"turns":4},{"damage":0,"enemies":"Reptomancer","floor":48,"turns":5},{"damage":6,"enemies":"Donu and Deca","floor":50,"turns":10}],"seed_played":"-4622847858936578135","potions_obtained":[{"floor":1,"key":"Poison Potion"},{"floor":5,"key":"Ancient Potion"},{"floor":18,"key":"LiquidBronze"},{"floor":31,"key":"SkillPotion"}],"is_trial":false,"path_per_floor":["M","?","?","M","M","R","M","E","T","$","R","E","M","?","R","B",null,"M","?","M","?","?","R","?","R","T","M","R","?","$","E","R","B",null,"M","?","M","?","?","R","?","R","T","R","M","$","R","E","R","B",null],"character_chosen":"DEFECT","items_purchased":["Membership Card","Meteor Strike","Vajra","Rainbow","Anchor","Cauldron"],"campfire_rested":5,"item_purchase_floors":[30,30,30,46,46,46],"current_hp_per_floor":[63,58,58,58,53,53,51,20,20,20,45,27,26,26,51,26,70,38,38,33,33,33,58,58,58,58,53,53,42,42,34,34,8,34,25,21,4,4,4,16,16,28,28,28,35,35,35,42,42,42],"gold":335,"neow_bonus":"TWENTY_PERCENT_HP_BONUS","is_prod":false,"is_daily":false,"chose_seed":false,"campfire_upgraded":7,"win_rate":0,"timestamp":1562936102,"path_taken":["M","?","?","M","M","R","M","E","T","?","R","E","M","?","R","BOSS","M","?","?","?","?","R","?","R","T","M","R","?","$","E","R","BOSS","M","?","M","?","?","R","?","R","T","R","?","$","R","E","R","BOSS"],"build_version":"2019-07-05","purchased_purges":3,"victory":true,"max_hp_per_floor":[85,85,85,85,85,85,85,85,85,85,85,85,85,85,85,85,85,85,85,85,85,85,85,85,85,85,85,85,42,42,42,42,42,42,42,42,42,42,42,42,42,42,42,42,42,42,42,42,42,42],"card_choices":[{"not_picked":["Streamline","Gash"],"picked":"Cold Snap","floor":1},{"not_picked":["Stack","Leap"],"picked":"Sunder","floor":4},{"not_picked":["Turbo","Rebound"],"picked":"Doom and Gloom","floor":5},{"not_picked":["Compile Driver","Beam Cell"],"picked":"Self Repair","floor":7},{"not_picked":["Chill","Compile Driver"],"picked":"Turbo","floor":8},{"not_picked":["Sunder","Reboot"],"picked":"Conserve Battery","floor":12},{"not_picked":["Stack","Reinforced Body","Double Energy"],"picked":"Ball Lightning","floor":13},{"not_picked":["All For One","Hyperbeam","Amplify"],"picked":"Core Surge","floor":16},{"not_picked":["Steam","Consume","Beam Cell"],"picked":"Go for the Eyes+1","floor":18},{"not_picked":["Ball Lightning","Compile Driver","Leap"],"picked":"Loop","floor":20},{"not_picked":["Reprogram","Redo","Darkness"],"picked":"Double Energy","floor":27},{"not_picked":["Beam Cell","Stack","Heatsinks"],"picked":"White Noise","floor":31},{"not_picked":["Hyperbeam","Biased Cognition","Multi-Cast"],"picked":"Echo Form","floor":33},{"not_picked":["Conserve Battery+1","Beam Cell","Cold Snap+1"],"picked":"Compile Driver","floor":35},{"not_picked":["Darkness","Streamline","Steam","Go for the Eyes"],"picked":"SKIP","floor":35},{"not_picked":["Lockon","Conserve Battery","Chill"],"picked":"Consume","floor":37},{"not_picked":["Reboot","Cold Snap","Beam Cell+1","Stack"],"picked":"SKIP","floor":37},{"not_picked":["Conserve Battery","Consume","Recycle","Sweeping Beam"],"picked":"SKIP","floor":45},{"not_picked":["Go for the Eyes+1","Rebound+1","Barrage","Hello World"],"picked":"SKIP","floor":45},{"not_picked":["Cold Snap","Gash+1","Redo+1","Steam Power"],"picked":"SKIP","floor":48}],"player_experience":367219,"relics_obtained":[{"floor":8,"key":"Lantern"},{"floor":9,"key":"Potion Belt"},{"floor":12,"key":"Question Card"},{"floor":26,"key":"Orichalcum"},{"floor":31,"key":"Prayer Wheel"},{"floor":36,"key":"WingedGreaves"},{"floor":43,"key":"Centennial Puzzle"},{"floor":48,"key":"Sundial"}],"event_choices":[{"damage_healed":0,"gold_gain":0,"player_choice":"Success","damage_taken":5,"relics_obtained":["Blue Candle"],"max_hp_gain":0,"max_hp_loss":0,"event_name":"Scrap Ooze","floor":2,"gold_loss":0},{"cards_removed":["Regret"],"damage_healed":0,"gold_gain":0,"player_choice":"Card Removal","damage_taken":0,"max_hp_gain":0,"max_hp_loss":0,"event_name":"The Cleric","floor":3,"gold_loss":75},{"damage_healed":0,"gold_gain":0,"player_choice":"Grow","damage_taken":0,"max_hp_gain":0,"max_hp_loss":0,"event_name":"Living Wall","floor":14,"gold_loss":0,"cards_upgraded":["Zap"]},{"damage_healed":0,"gold_gain":0,"player_choice":"Trade","damage_taken":0,"relics_obtained":["SsserpentHead"],"max_hp_gain":0,"max_hp_loss":0,"event_name":"FaceTrader","floor":19,"gold_loss":0},{"cards_removed":["Strike_B"],"damage_healed":0,"gold_gain":0,"player_choice":"Gave Gold","damage_taken":0,"max_hp_gain":0,"max_hp_loss":0,"event_name":"Beggar","floor":21,"gold_loss":75},{"damage_healed":0,"gold_gain":0,"player_choice":"Simplicity","damage_taken":0,"max_hp_gain":0,"max_hp_loss":0,"event_name":"Back to Basics","floor":22,"gold_loss":0,"cards_upgraded":["Strike_B","Strike_B","Defend_B","Defend_B","Defend_B","Defend_B"]},{"damage_healed":0,"gold_gain":0,"cards_transformed":["Turbo","Strike_B"],"player_choice":"Became Test Subject","damage_taken":0,"max_hp_gain":0,"max_hp_loss":0,"event_name":"Drug Dealer","floor":24,"gold_loss":0,"cards_obtained":["Recycle","Steam"]},{"damage_healed":0,"gold_gain":0,"player_choice":"Became a Ghost","damage_taken":0,"max_hp_gain":0,"max_hp_loss":43,"event_name":"Ghosts","floor":29,"gold_loss":0,"cards_obtained":["Ghostly","Ghostly","Ghostly"]},{"damage_healed":0,"gold_gain":0,"player_choice":"Fight","damage_taken":0,"max_hp_gain":0,"max_hp_loss":0,"event_name":"Mysterious Sphere","floor":36,"gold_loss":0},{"cards_removed":["Zap"],"damage_healed":0,"gold_gain":0,"player_choice":"Removed Skill","damage_taken":0,"max_hp_gain":0,"max_hp_loss":0,"event_name":"Falling","floor":38,"gold_loss":0},{"damage_healed":0,"gold_gain":0,"player_choice":"Ignored","damage_taken":0,"max_hp_gain":0,"max_hp_loss":0,"event_name":"Tomb of Lord Red Mask","floor":39,"gold_loss":0},{"damage_healed":0,"gold_gain":0,"player_choice":"Copied","damage_taken":0,"max_hp_gain":0,"max_hp_loss":0,"event_name":"Duplicator","floor":41,"gold_loss":0,"cards_obtained":["Ghostly"]}],"is_beta":false,"boss_relics":[{"not_picked":["FrozenCore","Empty Cage"],"picked":"Snecko Eye"},{"not_picked":["Eternal Feather","Lizard Tail"],"picked":"Sozu"}],"items_purged_floors":[10,30,46],"is_endless":false,"potions_floor_spawned":[1,5,18,31,36,48],"ascension_level":16}