{"gold_per_floor":[112,127,6,6,6,41,41,74,74,74,88,106,166,166,166,263,263,238,255,255],"floor_reached":20,"playtime":954,"items_purged":[],"score":253,"play_id":"cf8f6b70-8c6f-4c1f-89cb-ff564a652bfe","local_time":"20190524135327","is_ascension_mode":true,"campfire_choices":[{"data":"Neutralize","floor":10,"key":"SMITH"},{"data":"PiercingWail","floor":15,"key":"SMITH"}],"neow_cost":"NONE","seed_source_timestamp":833097910055398,"circlet_count":0,"master_deck":["Defend_G","Defend_G","Defend_G","Defend_G","Defend_G","Strike_G","Strike_G","Strike_G","Strike_G","Strike_G","Survivor","Neutralize+1","Masterful Stab","Backflip","Caltrops+1","PiercingWail+1","Backstab","Cloak And Dagger","Deadly Poison","Night Terror","PiercingWail"],"relics":["Ring of the Snake","StoneCalendar","Calipers","Gambling Chip","Black Star"],"potions_floor_usage":[16,16,20],"damage_taken":[{"damage":1,"enemies":"Small Slimes","floor":1,"turns":5},{"damage":0,"enemies":"Jaw Worm","floor":2,"turns":4},{"damage":30,"enemies":"Gremlin Nob","floor":6,"turns":5},{"damage":7,"enemies":"3 Sentries","floor":8,"turns":7},{"damage":0,"enemies":"2 Louse","floor":11,"turns":1},{"damage":0,"enemies":"Gremlin Gang","floor":12,"turns":4},{"damage":44,"enemies":"Slime Boss","floor":16,"turns":7},{"damage":18,"enemies":"2 Thieves","floor":18,"turns":5},{"damage":8,"enemies":"Shell Parasite","floor":19,"turns":5},{"damage":39,"enemies":"Shelled Parasite and Fungi","floor":20,"turns":7}],"seed_played":"2731431625970671657","potions_obtained":[{"floor":1,"key":"Regen Potion"},{"floor":2,"key":"PowerPotion"},{"floor":6,"key":"AttackPotion"},{"floor":14,"key":"Fruit Juice"},{"floor":16,"key":"Regen Potion"},{"floor":18,"key":"Poison Potion"}],"is_trial":false,"path_per_floor":["M","M","$","?","?","E","?","E","T","R","M","M","?","?","R","B",null,"M","M","M"],"character_chosen":"THE_SILENT","items_purchased":["Caltrops","PiercingWail"],"campfire_rested":0,"item_purchase_floors":[3,3],"current_hp_per_floor":[76,76,76,76,81,51,51,44,44,44,44,44,44,44,44,5,67,49,41,2],"gold":255,"neow_bonus":"TEN_PERCENT_HP_BONUS","is_prod":false,"is_daily":false,"chose_seed":false,"campfire_upgraded":2,"win_rate":0,"timestamp":1558720407,"path_taken":["M","M","$","?","?","E","?","E","T","R","?","M","?","?","R","BOSS","M","M","M"],"build_version":"2019-01-23","purchased_purges":0,"victory":false,"max_hp_per_floor":[77,77,77,77,82,82,82,82,82,82,82,82,82,82,82,87,87,87,87,87],"card_choices":[{"not_picked":["Flying Knee","Dagger Throw"],"picked":"Masterful Stab","floor":1},{"not_picked":["Blade Dance","Dagger Throw"],"picked":"Backflip","floor":2},{"not_picked":["Flying Knee","Sucker Punch"],"picked":"Backstab","floor":6},{"not_picked":["Masterful Stab","Backstab"],"picked":"Cloak And Dagger","floor":8},{"not_picked":["Masterful Stab","Concentrate"],"picked":"Deadly Poison","floor":11},{"not_picked":["Bane","Sucker Punch","Poisoned Stab"],"picked":"SKIP","floor":12},{"not_picked":["Tools of the Trade","Storm of Steel"],"picked":"Night Terror","floor":16},{"not_picked":["Dagger Throw+1","Dagger Spray","Underhanded Strike"],"picked":"SKIP","floor":18},{"not_picked":["Outmaneuver","Dodge and Roll"],"picked":"PiercingWail","floor":19}],"player_experience":423970,"relics_obtained":[{"floor":6,"key":"StoneCalendar"},{"floor":8,"key":"Calipers"},{"floor":9,"key":"Gambling Chip"}],"event_choices":[{"damage_healed":0,"gold_gain":0,"player_choice":"Grow","damage_taken":0,"max_hp_gain":0,"max_hp_loss":0,"event_name":"Living Wall","floor":4,"gold_loss":0,"cards_upgraded":["Caltrops"]},{"damage_healed":0,"gold_gain":0,"player_choice":"Donut","damage_taken":0,"max_hp_gain":5,"max_hp_loss":0,"event_name":"Big Fish","floor":5,"gold_loss":0},{"damage_healed":0,"gold_gain":0,"player_choice":"Ignored","damage_taken":0,"max_hp_gain":0,"max_hp_loss":0,"event_name":"Liars Game","floor":7,"gold_loss":0},{"damage_healed":0,"gold_gain":60,"player_choice":"Gained Gold","damage_taken":0,"max_hp_gain":0,"max_hp_loss":0,"event_name":"Golden Wing","floor":13,"gold_loss":0},{"damage_healed":0,"gold_gain":0,"player_choice":"Got Potions","damage_taken":0,"max_hp_gain":0,"max_hp_loss":0,"event_name":"Lab","floor":14,"gold_loss":0}],"is_beta":false,"boss_relics":[{"not_picked":["Runic Dome","Empty Cage"],"picked":"Black Star"}],"items_purged_floors":[],"is_endless":false,"potions_floor_spawned":[1,2,6,16,18,19],"killed_by":"Shelled Parasite and Fungi","ascension_level":5}