{"gold_per_floor":[115,128,53,68,68,68,93,109,109,9,9,25,25,44,44,44],"floor_reached":16,"playtime":454,"items_purged":["Strike_R","Decay"],"score":102,"play_id":"851c4318-b35b-4a88-b66b-c8a24808a983","local_time":"20190807002036","is_ascension_mode":false,"campfire_choices":[{"data":"True Grit","floor":6,"key":"SMITH"},{"floor":11,"key":"REST"},{"data":"Bash","floor":15,"key":"SMITH"}],"neow_cost":"TEN_PERCENT_HP_LOSS","seed_source_timestamp":104040444466405,"circlet_count":0,"master_deck":["Strike_R","Strike_R","Strike_R","Defend_R","Defend_R","Defend_R","Bash+1","Barricade","Wild Strike","Dropkick","True Grit+1","Clothesline"],"relics":["Burning Blood","Mummified Hand","Gambling Chip"],"potions_floor_usage":[8],"damage_taken":[{"damage":7,"enemies":"2 Louse","floor":1,"turns":2},{"damage":1,"enemies":"Cultist","floor":2,"turns":3},{"damage":0,"enemies":"Small Slimes","floor":4,"turns":3},{"damage":63,"enemies":"Lagavulin","floor":7,"turns":12},{"damage":4,"enemies":"3 Louse","floor":8,"turns":4},{"damage":16,"enemies":"Large Slime","floor":12,"turns":8},{"damage":1,"enemies":"Looter","floor":14,"turns":2},{"damage":37,"enemies":"Slime Boss","floor":16,"turns":9}],"seed_played":"6577315736930741248","potions_obtained":[{"floor":1,"key":"Swift Potion"},{"floor":7,"key":"Strength Potion"},{"floor":8,"key":"Poison Potion"}],"is_trial":false,"path_per_floor":["M","M","$","M","?","R","E","M","T","$","R","M","$","M","R","B"],"character_chosen":"IRONCLAD","items_purchased":[],"campfire_rested":1,"item_purchase_floors":[],"current_hp_per_floor":[71,72,72,72,72,72,15,17,17,17,38,28,28,33,33,0],"gold":44,"neow_bonus":"TRANSFORM_TWO_CARDS","is_prod":false,"is_daily":false,"chose_seed":false,"campfire_upgraded":2,"win_rate":0,"timestamp":1565151636,"path_taken":["M","M","$","M","?","R","E","M","T","$","R","M","?","M","R","BOSS"],"build_version":"2019-07-17","purchased_purges":2,"victory":false,"max_hp_per_floor":[72,72,72,72,72,72,72,72,72,72,72,72,72,72,72,72],"card_choices":[{"not_picked":["Spot Weakness","Reckless Charge","Battle Trance"],"picked":"SKIP","floor":1},{"not_picked":["Perfected Strike","Body Slam"],"picked":"Dropkick","floor":2},{"not_picked":["Thunderclap","Iron Wave"],"picked":"True Grit","floor":4},{"not_picked":["Flex","Iron Wave","Second Wind"],"picked":"SKIP","floor":7},{"not_picked":["Hemokinesis","Armaments","Rupture"],"picked":"SKIP","floor":8},{"not_picked":["Flex","Cleave","Armaments"],"picked":"SKIP","floor":12},{"not_picked":["Headbutt","Battle Trance"],"picked":"Clothesline","floor":14}],"player_experience":756410,"relics_obtained":[{"floor":7,"key":"Mummified Hand"},{"floor":9,"key":"Gambling Chip"}],"event_choices":[{"damage_healed":0,"gold_gain":0,"player_choice":"Cursed","damage_taken":0,"max_hp_gain":0,"max_hp_loss":0,"event_name":"Wheel of Change","floor":5,"gold_loss":0,"cards_obtained":["Decay"]}],"is_beta":false,"boss_relics":[],"items_purged_floors":[3,10],"is_endless":false,"potions_floor_spawned":[1,7,8],"killed_by":"Slime Boss","ascension_level":0}