{"gold_per_floor":[115,134,145,245,259,259,289,300,300,300],"floor_reached":10,"playtime":680,"items_purged":[],"score":84,"play_id":"48cdfaab-c1e1-4a87-9f7f-aab414d6e672","local_time":"20190606190207","is_ascension_mode":true,"campfire_choices":[{"data":"Neutralize","floor":6,"key":"SMITH"}],"neow_cost":"NONE","seed_source_timestamp":184331425769956,"circlet_count":0,"master_deck":["Defend_G","Defend_G","Defend_G","Defend_G","Defend_G","Strike_G","Strike_G","Strike_G","Strike_G","Strike_G","Survivor","Neutralize+1","Dagger Throw","Backflip","Cloak And Dagger","Cloak And Dagger","Crippling Poison"],"relics":["Ring of the Snake","Mango","Matryoshka"],"potions_floor_usage":[7,10],"damage_taken":[{"damage":0,"enemies":"Small Slimes","floor":1,"turns":3},{"damage":0,"enemies":"Cultist","floor":2,"turns":3},{"damage":0,"enemies":"2 Louse","floor":3,"turns":3},{"damage":6,"enemies":"2 Fungi Beasts","floor":5,"turns":4},{"damage":23,"enemies":"3 Sentries","floor":7,"turns":13},{"damage":36,"enemies":"Gremlin Gang","floor":8,"turns":6},{"damage":43,"enemies":"Gremlin Nob","floor":10,"turns":4}],"seed_played":"5912007514754006822","potions_obtained":[{"floor":0,"key":"SkillPotion"},{"floor":0,"key":"PowerPotion"},{"floor":0,"key":"SkillPotion"},{"floor":2,"key":"EssenceOfSteel"}],"is_trial":false,"path_per_floor":["M","M","M","?","M","R","E","M","T","E"],"character_chosen":"THE_SILENT","items_purchased":[],"campfire_rested":0,"item_purchase_floors":[],"current_hp_per_floor":[70,70,70,70,64,64,55,19,19,0],"gold":300,"neow_bonus":"THREE_SMALL_POTIONS","is_prod":false,"is_daily":false,"chose_seed":false,"campfire_upgraded":1,"win_rate":0,"timestamp":1559865727,"path_taken":["M","M","M","?","M","R","E","M","T","E"],"build_version":"2019-01-23","purchased_purges":0,"victory":false,"max_hp_per_floor":[70,70,70,70,70,70,84,84,84,84],"card_choices":[{"not_picked":["Outmaneuver","Slice"],"picked":"Dagger Throw","floor":1},{"not_picked":["Deflect","All Out Attack"],"picked":"Backflip","floor":2},{"not_picked":["Bane","Night Terror"],"picked":"Cloak And Dagger","floor":3},{"not_picked":["Reflex","Choke","Escape Plan"],"picked":"SKIP","floor":5},{"not_picked":["Masterful Stab","Heel Hook"],"picked":"Cloak And Dagger","floor":7},{"not_picked":["Prepared","Acrobatics"],"picked":"Crippling Poison","floor":8}],"player_experience":104935,"relics_obtained":[{"floor":7,"key":"Mango"},{"floor":9,"key":"Matryoshka"}],"event_choices":[{"damage_healed":0,"gold_gain":100,"player_choice":"Pray","damage_taken":0,"max_hp_gain":0,"max_hp_loss":0,"event_name":"Golden Shrine","floor":4,"gold_loss":0}],"is_beta":false,"boss_relics":[],"items_purged_floors":[],"is_endless":false,"potions_floor_spawned":[2,5],"killed_by":"Gremlin Nob","ascension_level":4}