{"gold_per_floor":[210,14,47,105,30,76,1,1,1,74,74,74,105,158,158,253,253,286,286,304,304,12,12,12,40,76,208,220,263,312,355,367,379],"floor_reached":33,"playtime":1732,"items_purged":["Strike_G"],"score":566,"play_id":"3adca6a1-1fc6-4786-91dc-d8d29d0fbddd","local_time":"20190818214656","is_ascension_mode":true,"campfire_choices":[{"floor":11.0,"key":"REST"},{"floor":15.0,"key":"REST"},{"data":"Burst","floor":23.0,"key":"SMITH"},{"data":"Bouncing Flask","floor":32.0,"key":"SMITH"}],"neow_cost":"NONE","seed_source_timestamp":154676689270500,"circlet_count":0,"master_deck":["AscendersBane","Survivor","Neutralize","Deadly Poison","HandOfGreed","PiercingWail","Backstab","Acrobatics","Cloak And Dagger","Well Laid Plans","Predator","Burst+1","Concentrate","Deflect","Quick Slash","Underhanded Strike","Burst","Skewer","Corpse Explosion","Tactician","Bouncing Flask+1","Backflip","Sadistic Nature","Noxious Fumes","Backstab","PiercingWail"],"special_seed":0,"relics":["Ring of the Snake","Meat on the Bone","StoneCalendar","Letter Opener","Bronze Scales","Pear","Pandora\u0027s Box","Kunai","MawBank","Unceasing Top","Gremlin Horn","Enchiridion"],"potions_floor_usage":[],"damage_taken":[{"damage":1.0,"enemies":"Cultist","floor":1.0,"turns":4.0},{"damage":9.0,"enemies":"Small Slimes","floor":3.0,"turns":6.0},{"damage":0.0,"enemies":"2 Louse","floor":4.0,"turns":5.0},{"damage":18.0,"enemies":"Gremlin Nob","floor":6.0,"turns":4.0},{"damage":15.0,"enemies":"3 Sentries","floor":10.0,"turns":7.0},{"damage":4.0,"enemies":"Exordium Wildlife","floor":13.0,"turns":4.0},{"damage":16.0,"enemies":"Gremlin Nob","floor":14.0,"turns":4.0},{"damage":23.0,"enemies":"The Guardian","floor":16.0,"turns":10.0},{"damage":0.0,"enemies":"3 Byrds","floor":18.0,"turns":3.0},{"damage":0.0,"enemies":"2 Thieves","floor":20.0,"turns":2.0},{"damage":48.0,"enemies":"Book of Stabbing","floor":25.0,"turns":5.0},{"damage":0.0,"enemies":"Colosseum Slavers","floor":27.0,"turns":1.0},{"damage":11.0,"enemies":"Colosseum Nobs","floor":27.0,"turns":3.0},{"damage":1.0,"enemies":"Snake Plant","floor":29.0,"turns":4.0},{"damage":5.0,"enemies":"Sentry and Sphere","floor":30.0,"turns":4.0},{"damage":3.0,"enemies":"Centurion and Healer","floor":31.0,"turns":4.0},{"damage":14,"enemies":"Champ","floor":33,"turns":3}],"seed_played":"-9080063390687783432","potions_obtained":[{"floor":1.0,"key":"Poison Potion"},{"floor":6.0,"key":"Ancient Potion"},{"floor":14.0,"key":"Fire Potion"},{"floor":16.0,"key":"GamblersBrew"},{"floor":27.0,"key":"GamblersBrew"},{"floor":29.0,"key":"SpeedPotion"},{"floor":30.0,"key":"AttackPotion"},{"floor":31.0,"key":"AttackPotion"}],"is_trial":false,"path_per_floor":["M","$","M","M","$","E","?","?","T","E","R","?","M","E","R","B",null,"M","?","M","T","$","R","$","E","T","?","?","M","M","M","R","B"],"character_chosen":"THE_SILENT","items_purchased":["HandOfGreed","Sadistic Nature","Noxious Fumes"],"campfire_rested":2,"item_purchase_floors":[2,22,22],"current_hp_per_floor":[58,58,49,49,49,31,31,31,31,28,47,40,36,42,64,41,67,67,67,67,67,67,67,67,31,31,44,23,34,41,50,50,36],"gold":379,"neow_bonus":"HUNDRED_GOLD","is_prod":false,"is_daily":false,"chose_seed":false,"campfire_upgraded":2,"win_rate":0,"timestamp":1566157616,"path_taken":["M","?","M","M","$","E","?","?","T","E","R","?","M","E","R","BOSS","M","?","M","?","$","R","$","E","T","?","?","M","M","M","R","BOSS"],"build_version":"2019-07-17","purchased_purges":1,"victory":false,"max_hp_per_floor":[66,66,66,66,66,66,66,66,66,66,66,66,66,76,76,76,76,76,76,76,76,76,76,76,76,76,76,76,76,76,76,76,76],"card_choices":[{"not_picked":["Tactician","PiercingWail"],"picked":"Deadly Poison","floor":1.0},{"not_picked":["Caltrops","Poisoned Stab"],"picked":"PiercingWail","floor":3.0},{"not_picked":["Expertise","Endless Agony"],"picked":"Backstab","floor":4.0},{"not_picked":["Eviscerate","Outmaneuver"],"picked":"Acrobatics","floor":6.0},{"not_picked":["Dagger Spray","Slice"],"picked":"Cloak And Dagger","floor":10.0},{"not_picked":["Cloak And Dagger","Leg Sweep"],"picked":"Well Laid Plans","floor":13.0},{"not_picked":["Storm of Steel","Sucker Punch"],"picked":"Predator","floor":14.0},{"not_picked":["Tools of the Trade","After Image"],"picked":"Burst","floor":16.0},{"not_picked":["Eviscerate","Endless Agony","Choke+1"],"picked":"SKIP","floor":18.0},{"not_picked":["Reflex","Flying Knee+1"],"picked":"Backflip","floor":20.0},{"not_picked":["Acrobatics","Sucker Punch"],"picked":"Backstab","floor":25.0},{"not_picked":["Sucker Punch","Blur"],"picked":"PiercingWail","floor":27.0},{"not_picked":["Deadly Poison","Outmaneuver","Dagger Throw"],"picked":"SKIP","floor":29.0},{"not_picked":["Setup","Expertise","Acrobatics"],"picked":"SKIP","floor":30.0},{"not_picked":["Cloak And Dagger","Poisoned Stab+1","Prepared"],"picked":"SKIP","floor":31.0}],"player_experience":1138324,"relics_obtained":[{"floor":6.0,"key":"Meat on the Bone"},{"floor":9.0,"key":"Letter Opener"},{"floor":10.0,"key":"Bronze Scales"},{"floor":14.0,"key":"Pear"},{"floor":21.0,"key":"Kunai"},{"floor":25.0,"key":"MawBank"},{"floor":27.0,"key":"Unceasing Top"},{"floor":27.0,"key":"Gremlin Horn"},{"floor":28.0,"key":"Enchiridion"}],"event_choices":[{"cards_removed":["Strike_G"],"damage_healed":0.0,"max_hp_gain":0.0,"max_hp_loss":0.0,"gold_gain":0.0,"event_name":"The Cleric","player_choice":"Card Removal","floor":7.0,"gold_loss":75.0,"damage_taken":0.0},{"damage_healed":0.0,"max_hp_gain":0.0,"max_hp_loss":0.0,"gold_gain":0.0,"event_name":"Big Fish","player_choice":"Box","floor":8.0,"gold_loss":0.0,"damage_taken":0.0,"relics_obtained":["StoneCalendar"],"cards_obtained":["Regret"]},{"cards_removed":["Regret"],"damage_healed":0.0,"max_hp_gain":0.0,"max_hp_loss":0.0,"gold_gain":0.0,"event_name":"Golden Wing","player_choice":"Card Removal","floor":12.0,"gold_loss":0.0,"damage_taken":7.0},{"damage_healed":0.0,"max_hp_gain":0.0,"max_hp_loss":0.0,"gold_gain":0.0,"event_name":"The Library","player_choice":"Read","floor":19.0,"gold_loss":0.0,"damage_taken":0.0,"cards_obtained":["Bouncing Flask"]},{"damage_healed":0.0,"max_hp_gain":0.0,"max_hp_loss":0.0,"gold_gain":0.0,"event_name":"Colosseum","player_choice":"Fight","floor":27.0,"gold_loss":0.0,"damage_taken":0.0},{"damage_healed":0.0,"max_hp_gain":0.0,"max_hp_loss":0.0,"gold_gain":0.0,"event_name":"Colosseum","player_choice":"Fought Nobs","floor":27.0,"gold_loss":0.0,"damage_taken":0.0},{"damage_healed":0.0,"max_hp_gain":0.0,"max_hp_loss":0.0,"gold_gain":0.0,"event_name":"Cursed Tome","player_choice":"Obtained Book","floor":28.0,"gold_loss":0.0,"damage_taken":21.0}],"is_beta":false,"boss_relics":[{"not_picked":["Fusion Hammer","Philosopher\u0027s Stone"],"picked":"Pandora\u0027s Box"}],"items_purged_floors":[5],"is_endless":false,"potions_floor_spawned":[1,6,14,16,27,27,29,30,31],"killed_by":"Champ","ascension_level":20}