{"gold_per_floor":[14,28,28,38,38,65,65,93,117,117,117,117,67,84,84,186,186,169,187,112,37,56,56,85,85,85,85,97,97,97,112,112,209,209,222,73,85,85,47,80,80,80,131,131,164,176,186,200,200,200,200,200,100,127,127],"floor_reached":55,"playtime":2935,"items_purged":["Doubt","Writhe"],"score":883,"play_id":"e9efe908-5928-407a-99cc-19fb2a0c9179","local_time":"20190602211958","is_ascension_mode":true,"campfire_choices":[{"data":"Streamline","floor":7.0,"key":"SMITH"},{"floor":12.0,"key":"REST"},{"floor":15.0,"key":"REST"},{"floor":23,"key":"REST"},{"floor":25,"key":"RECALL"},{"data":"Biased Cognition","floor":27,"key":"SMITH"},{"data":"Glacier","floor":30,"key":"SMITH"},{"floor":32,"key":"REST"},{"floor":41,"key":"REST"},{"data":"1","floor":44,"key":"LIFT"},{"floor":49,"key":"REST"},{"data":"2","floor":52,"key":"LIFT"}],"neow_cost":"NO_GOLD","seed_source_timestamp":0,"circlet_count":0,"master_deck":["Strike_B","Strike_B+1","Defend_B","Defend_B","Zap","Dualcast","Streamline+1","Coolheaded","Rip and Tear+1","Ball Lightning","Doom and Gloom","Glacier+1","Turbo","Biased Cognition+1","Ball Lightning","Thunder Strike","Cold Snap","Ball Lightning+1","BootSequence+1","Amplify+1","Sweeping Beam","Conserve Battery+1","Creative AI","Beam Cell+1","Capacitor","Seek+1","Hologram+1","Defragment+1","Parasite"],"special_seed":0,"relics":["Cracked Core","Pocketwatch","DataDisk","Art of War","Dream Catcher","Matryoshka","Calling Bell","Toxic Egg 2","Girya","Lantern","Bronze Scales","Happy Flower","Shuriken","Fusion Hammer","Bag of Marbles","Cables","Bag of Preparation","Blood Vial","Mango","Kunai"],"potions_floor_usage":[22,33,40,45,50,55],"damage_taken":[{"damage":1.0,"enemies":"Small Slimes","floor":1.0,"turns":3.0},{"damage":4.0,"enemies":"Jaw Worm","floor":2.0,"turns":3.0},{"damage":0.0,"enemies":"2 Louse","floor":4.0,"turns":1.0},{"damage":22.0,"enemies":"3 Sentries","floor":6.0,"turns":5.0},{"damage":16.0,"enemies":"Gremlin Nob","floor":8.0,"turns":3.0},{"damage":12.0,"enemies":"Exordium Thugs","floor":14.0,"turns":2.0},{"damage":0.0,"enemies":"Slime Boss","floor":16.0,"turns":6.0},{"damage":26.0,"enemies":"2 Thieves","floor":18.0,"turns":4.0},{"damage":27,"enemies":"Shell Parasite","floor":19,"turns":4},{"damage":12,"enemies":"Chosen and Byrds","floor":22,"turns":3},{"damage":15,"enemies":"Gremlin Leader","floor":24,"turns":5},{"damage":0,"enemies":"Snake Plant","floor":28,"turns":2},{"damage":14,"enemies":"Shelled Parasite and Fungi","floor":31,"turns":4},{"damage":0,"enemies":"Automaton","floor":33,"turns":6},{"damage":0,"enemies":"3 Shapes","floor":35,"turns":5},{"damage":32,"enemies":"3 Darklings","floor":37,"turns":4},{"damage":16,"enemies":"Giant Head","floor":40,"turns":8},{"damage":37,"enemies":"Reptomancer","floor":45,"turns":5},{"damage":0,"enemies":"4 Shapes","floor":46,"turns":2},{"damage":0,"enemies":"Transient","floor":47,"turns":5},{"damage":0,"enemies":"Writhing Mass","floor":48,"turns":2},{"damage":57,"enemies":"Awakened One","floor":50,"turns":10},{"damage":63,"enemies":"Shield and Spear","floor":54,"turns":6},{"damage":39,"enemies":"The Heart","floor":55,"turns":2}],"seed_played":"-439758043160743457","potions_obtained":[{"floor":1.0,"key":"Weak Potion"},{"floor":6.0,"key":"SpeedPotion"},{"floor":14.0,"key":"Energy Potion"},{"floor":28,"key":"PowerPotion"},{"floor":33,"key":"Fire Potion"},{"floor":37,"key":"Poison Potion"},{"floor":45,"key":"LiquidBronze"},{"floor":47,"key":"SteroidPotion"},{"floor":48,"key":"AttackPotion"},{"floor":54,"key":"Ancient Potion"}],"is_trial":false,"path_per_floor":["M","M","?","M","?","E","R","E","T","?","?","R","?","M","R","B",null,"M","M","?","$","M","R","E","R","T","R","M","?","R","M","R","B",null,"M","$","M","?","$","E","R","?","T","R","E","M","M","M","R","B",null,"R","$","E","B"],"character_chosen":"DEFECT","items_purchased":["Bag of Marbles","Capacitor"],"campfire_rested":6,"item_purchase_floors":[36,39],"current_hp_per_floor":[74,70,70,70,55,33,33,17,17,5,5,27,27,15,37,37,75,49,22,22,22,10,32,17,17,17,17,17,17,17,3,25,25,75,75,75,43,43,43,27,49,49,49,49,28,30,32,34,60,5,89,89,89,26,0],"gold":127,"neow_bonus":"ONE_RARE_RELIC","is_prod":false,"is_daily":false,"chose_seed":false,"campfire_upgraded":3,"win_rate":0,"timestamp":1559528398,"path_taken":["M","M","?","M","?","E","R","E","T","?","?","R","?","M","R","BOSS","M","M","?","?","?","R","E","R","T","R","M","?","R","M","R","BOSS","M","$","M","?","$","E","R","?","T","R","E","M","?","?","R","BOSS","R","$","E","BOSS"],"build_version":"2019-01-23","purchased_purges":2,"victory":false,"max_hp_per_floor":[75,75,75,75,75,75,75,75,75,75,75,75,75,75,75,75,75,75,75,75,75,75,75,75,75,75,75,75,75,75,75,75,75,75,75,75,75,75,75,75,75,75,75,75,89,89,89,89,89,89,89,89,89,89,89],"card_choices":[{"not_picked":["Lockon","Fusion"],"picked":"Streamline","floor":1.0},{"not_picked":["Turbo","Compile Driver"],"picked":"Coolheaded","floor":2.0},{"not_picked":["Beam Cell","FTL"],"picked":"Ball Lightning","floor":4.0},{"not_picked":["Rebound","Stack"],"picked":"Doom and Gloom","floor":6.0},{"not_picked":["Static Discharge","Gash"],"picked":"Glacier","floor":8.0},{"not_picked":["Gash","Double Energy"],"picked":"Turbo","floor":12.0},{"not_picked":["Heatsinks","Stack"],"picked":"Biased Cognition","floor":14.0},{"not_picked":["Hello World","Double Energy"],"picked":"Ball Lightning","floor":15.0},{"not_picked":["Amplify","Core Surge"],"picked":"Thunder Strike","floor":16.0},{"not_picked":["Go for the Eyes+1","Stack+1"],"picked":"Cold Snap","floor":18},{"not_picked":["Steam Power+1","Recycle+1","Ball Lightning"],"picked":"SKIP","floor":19},{"not_picked":["Ball Lightning","Conserve Battery+1","Core Surge"],"picked":"SKIP","floor":22},{"not_picked":["Storm+1","Barrage"],"picked":"Ball Lightning+1","floor":23},{"not_picked":["Storm","Conserve Battery+1"],"picked":"BootSequence+1","floor":24},{"not_picked":["Lockon+1","Rebound+1","Beam Cell"],"picked":"SKIP","floor":28},{"not_picked":["Gash","Lockon","Storm+1"],"picked":"SKIP","floor":31},{"not_picked":["Streamline+1","Gash+1"],"picked":"Conserve Battery+1","floor":32},{"not_picked":["Electrodynamics","Hyperbeam"],"picked":"Creative AI","floor":33},{"not_picked":["Cold Snap","Stack+1","Turbo+1"],"picked":"SKIP","floor":35},{"not_picked":["Turbo+1","Steam+1"],"picked":"Beam Cell+1","floor":37},{"not_picked":["Turbo+1","Beam Cell+1","Melter"],"picked":"SKIP","floor":40},{"not_picked":["Recycle+1","Reinforced Body+1"],"picked":"Seek+1","floor":41},{"not_picked":["Consume+1","Double Energy+1","Chaos+1"],"picked":"SKIP","floor":45},{"not_picked":["Doom and Gloom","Sweeping Beam"],"picked":"Hologram+1","floor":46},{"not_picked":["Rebound+1","Coolheaded+1"],"picked":"Defragment+1","floor":47},{"not_picked":["Leap+1","Conserve Battery+1","Sunder+1"],"picked":"SKIP","floor":48},{"not_picked":["Go for the Eyes","Turbo+1","Stack+1"],"picked":"SKIP","floor":54}],"player_experience":63745,"relics_obtained":[{"floor":6.0,"key":"DataDisk"},{"floor":8.0,"key":"Art of War"},{"floor":17.0,"key":"Toxic Egg 2"},{"floor":17.0,"key":"Girya"},{"floor":17.0,"key":"Lantern"},{"floor":24,"key":"Bronze Scales"},{"floor":26,"key":"Happy Flower"},{"floor":26,"key":"Shuriken"},{"floor":40,"key":"Cables"},{"floor":43,"key":"Bag of Preparation"},{"floor":43,"key":"Blood Vial"},{"floor":45,"key":"Mango"},{"floor":54,"key":"Kunai"}],"event_choices":[{"damage_healed":0.0,"max_hp_gain":0.0,"max_hp_loss":0.0,"gold_gain":0.0,"cards_transformed":["Strike_B"],"event_name":"Living Wall","player_choice":"Change","floor":3.0,"gold_loss":0.0,"damage_taken":0.0,"cards_obtained":["Rip and Tear"]},{"damage_healed":0.0,"max_hp_gain":0.0,"max_hp_loss":0.0,"gold_gain":0.0,"event_name":"Shining Light","player_choice":"Entered Light","floor":5.0,"gold_loss":0.0,"damage_taken":15.0,"cards_upgraded":["Rip and Tear","Strike_B"]},{"damage_healed":0.0,"max_hp_gain":0.0,"max_hp_loss":0.0,"gold_gain":0.0,"event_name":"Scrap Ooze","player_choice":"Success","floor":10.0,"gold_loss":0.0,"damage_taken":12.0,"relics_obtained":["Dream Catcher"]},{"damage_healed":0.0,"max_hp_gain":0.0,"max_hp_loss":0.0,"gold_gain":0.0,"event_name":"Big Fish","player_choice":"Box","floor":11.0,"gold_loss":0.0,"damage_taken":0.0,"relics_obtained":["Matryoshka"],"cards_obtained":["Regret"]},{"cards_removed":["Regret"],"damage_healed":0.0,"max_hp_gain":0.0,"max_hp_loss":0.0,"gold_gain":0.0,"event_name":"The Cleric","player_choice":"Card Removal","floor":13.0,"gold_loss":50.0,"damage_taken":0.0},{"cards_removed":["Normality"],"damage_healed":0,"gold_gain":0,"player_choice":"Gave Gold","damage_taken":0,"max_hp_gain":0,"max_hp_loss":0,"event_name":"Beggar","floor":20,"gold_loss":75},{"damage_healed":0,"gold_gain":0,"cards_transformed":["Defend_B","Strike_B"],"player_choice":"Became Test Subject","damage_taken":0,"max_hp_gain":0,"max_hp_loss":0,"event_name":"Drug Dealer","floor":29,"gold_loss":0,"cards_obtained":["Amplify","Sweeping Beam"]},{"damage_healed":0,"gold_gain":0,"player_choice":"Ignored","damage_taken":0,"max_hp_gain":0,"max_hp_loss":0,"event_name":"Mysterious Sphere","floor":38,"gold_loss":0},{"cards_removed":["Defend_B"],"damage_healed":0,"gold_gain":0,"player_choice":"Purged","damage_taken":0,"max_hp_gain":0,"max_hp_loss":0,"event_name":"Purifier","floor":42,"gold_loss":0}],"is_beta":false,"boss_relics":[{"not_picked":["Eternal Feather","Coffee Dripper"],"picked":"Calling Bell"},{"not_picked":["FrozenCore","Runic Pyramid"],"picked":"Fusion Hammer"}],"items_purged_floors":[21,53],"is_endless":false,"potions_floor_spawned":[1,6,14,18,28,33,37,45,47,48,54],"killed_by":"The Heart","ascension_level":2}