{"gold_per_floor":[110,110,110,124,124,124,151,164,164,195,43,43,56,0,0,71,71,58,58,78,52,52,80,80,80],"floor_reached":25,"playtime":1206,"items_purged":[],"score":604,"play_id":"3fcb551d-9b30-457b-9c43-5ebf1994cc33","local_time":"20190818160933","is_ascension_mode":true,"campfire_choices":[{"data":"Infinite Blades","floor":6,"key":"SMITH"},{"floor":12,"key":"REST"},{"floor":15,"key":"REST"},{"floor":24,"key":"REST"}],"neow_cost":"NONE","seed_source_timestamp":135708811534200,"circlet_count":0,"master_deck":["AscendersBane","Strike_G","Strike_G","Defend_G","Defend_G","Defend_G","Defend_G","Survivor","Neutralize","Footwork","Deadly Poison","Infinite Blades+1","Cloak And Dagger","PiercingWail","Well Laid Plans","After Image","PiercingWail","Blade Dance","After Image","Cloak And Dagger+1","Dodge and Roll","Cloak And Dagger","Burst","Bullet Time"],"relics":["Ring of the Snake","NeowsBlessing","Darkstone Periapt","Letter Opener","Shuriken","Empty Cage","Meat on the Bone"],"potions_floor_usage":[10,13,18,23],"damage_taken":[{"damage":0,"enemies":"Small Slimes","floor":1,"turns":1},{"damage":0,"enemies":"2 Louse","floor":4,"turns":1},{"damage":0,"enemies":"Gremlin Nob","floor":7,"turns":1},{"damage":0,"enemies":"Cultist","floor":8,"turns":4},{"damage":23,"enemies":"3 Sentries","floor":10,"turns":12},{"damage":12,"enemies":"Lots of Slimes","floor":13,"turns":5},{"damage":0,"enemies":"Hexaghost","floor":16,"turns":11},{"damage":17,"enemies":"2 Thieves","floor":18,"turns":5},{"damage":13,"enemies":"Shell Parasite","floor":20,"turns":6},{"damage":30,"enemies":"Gremlin Leader","floor":23,"turns":8},{"damage":21,"enemies":"Slavers","floor":25,"turns":2}],"seed_played":"4860134243469230443","potions_obtained":[{"floor":4,"key":"SteroidPotion"},{"floor":7,"key":"GhostInAJar"},{"floor":13,"key":"Explosive Potion"},{"floor":20,"key":"Swift Potion"}],"is_trial":false,"path_per_floor":["M","?","?","M","?","R","E","M","T","E","$","R","M","$","R","B",null,"M","$","M","$","?","E","R","E"],"character_chosen":"THE_SILENT","items_purchased":["After Image","Blade Dance","Cloak And Dagger"],"campfire_rested":3,"item_purchase_floors":[11,14,21],"current_hp_per_floor":[59,48,48,48,48,48,48,48,48,25,25,44,32,32,51,51,62,45,45,32,32,32,2,21,0],"gold":80,"neow_bonus":"THREE_ENEMY_KILL","is_prod":false,"is_daily":false,"chose_seed":false,"campfire_upgraded":1,"win_rate":0,"timestamp":1566137373,"path_taken":["M","?","?","M","?","R","E","?","T","E","$","R","M","?","R","BOSS","M","?","M","$","?","E","R","E"],"build_version":"2019-07-17","purchased_purges":0,"victory":false,"max_hp_per_floor":[66,66,66,66,66,66,66,66,66,66,66,66,66,66,66,66,66,66,66,66,66,66,66,66,66],"card_choices":[{"not_picked":["Dagger Throw","Finisher"],"picked":"Footwork","floor":1},{"not_picked":["Slice","Sucker Punch"],"picked":"Infinite Blades","floor":4},{"not_picked":["Outmaneuver","Endless Agony"],"picked":"Cloak And Dagger","floor":7},{"not_picked":["Sucker Punch","Flying Knee"],"picked":"PiercingWail","floor":8},{"not_picked":["Blade Dance","Slice"],"picked":"Well Laid Plans","floor":10},{"not_picked":["Poisoned Stab","Outmaneuver"],"picked":"PiercingWail","floor":13},{"not_picked":["Adrenaline","Tools of the Trade"],"picked":"After Image","floor":16},{"not_picked":["Slice","Poisoned Stab"],"picked":"Cloak And Dagger+1","floor":18},{"not_picked":["Sucker Punch+1","PiercingWail"],"picked":"Dodge and Roll","floor":20},{"not_picked":["Acrobatics","Blade Dance"],"picked":"Bullet Time","floor":23}],"player_experience":1125422,"relics_obtained":[{"floor":7,"key":"Letter Opener"},{"floor":10,"key":"Shuriken"},{"floor":23,"key":"Meat on the Bone"}],"event_choices":[{"damage_healed":0,"gold_gain":0,"player_choice":"Success","damage_taken":11,"relics_obtained":["Darkstone Periapt"],"max_hp_gain":0,"max_hp_loss":0,"event_name":"Scrap Ooze","floor":2,"gold_loss":0},{"damage_healed":0,"gold_gain":0,"cards_transformed":["Strike_G"],"player_choice":"Change","damage_taken":0,"max_hp_gain":0,"max_hp_loss":0,"event_name":"Living Wall","floor":3,"gold_loss":0,"cards_obtained":["Deadly Poison"]},{"cards_removed":["Defend_G"],"damage_healed":0,"gold_gain":0,"player_choice":"Card Removal","damage_taken":0,"max_hp_gain":0,"max_hp_loss":0,"event_name":"Wheel of Change","floor":5,"gold_loss":0},{"damage_healed":0,"gold_gain":0,"player_choice":"Read","damage_taken":0,"max_hp_gain":0,"max_hp_loss":0,"event_name":"The Library","floor":22,"gold_loss":0,"cards_obtained":["Burst"]}],"is_beta":false,"boss_relics":[{"not_picked":["Snecko Eye","Ring of the Serpent"],"picked":"Empty Cage"}],"items_purged_floors":[],"is_endless":false,"potions_floor_spawned":[4,7,13,20],"killed_by":"Slavers","ascension_level":20}