{"gold_per_floor":[363,363,142,153,168,168,168,180,180,180,196,196,15,49,49,152,152,165,177,177,187,115,115,146,146,146,146,21,37,49,75,75,174,174,184,184,284,82,82,82,82],"floor_reached":41,"playtime":1501,"items_purged":["Defend_R","Strike_R","Exhume"],"score":470,"play_id":"21342b70-ec9d-4bb7-92a9-ff468eca4226","local_time":"20190109222135","is_ascension_mode":true,"campfire_choices":[{"data":"Hemokinesis","floor":6,"key":"SMITH"},{"data":"Metallicize","floor":10,"key":"SMITH"},{"floor":15,"key":"REST"},{"data":"Armaments","floor":23,"key":"SMITH"},{"floor":27,"key":"REST"},{"floor":32,"key":"REST"},{"floor":40,"key":"RECALL"}],"neow_cost":"PERCENT_DAMAGE","seed_source_timestamp":101708634616397,"circlet_count":0,"master_deck":["Strike_R","Strike_R","Strike_R","Defend_R","Defend_R","Bash","Twin Strike","Perfected Strike","Wild Strike+1","Bloodletting","Hemokinesis+1","Rupture","Metallicize+1","Pommel Strike","Metallicize","Armaments+1","Metallicize","Clash+1","Iron Wave","Inflame","Burning Pact","Wild Strike","Pommel Strike+1","Offering","Flex","Seeing Red+1","Shrug It Off","Writhe"],"relics":["Black Blood","Whetstone","Gremlin Horn","Sozu","Kunai","FaceOfCleric","Unceasing Top","Boot","WingedGreaves","Pen Nib"],"potions_floor_usage":[14,14,33],"damage_taken":[{"damage":13,"enemies":"Jaw Worm","floor":1,"turns":4},{"damage":3,"enemies":"Cultist","floor":4,"turns":2},{"damage":3,"enemies":"2 Louse","floor":5,"turns":2},{"damage":16,"enemies":"Red Slaver","floor":8,"turns":2},{"damage":3,"enemies":"3 Louse","floor":11,"turns":2},{"damage":22,"enemies":"3 Sentries","floor":14,"turns":7},{"damage":48,"enemies":"Slime Boss","floor":16,"turns":8},{"damage":31,"enemies":"2 Thieves","floor":18,"turns":3},{"damage":10,"enemies":"Chosen","floor":19,"turns":4},{"damage":12,"enemies":"3 Cultists","floor":21,"turns":4},{"damage":28,"enemies":"Gremlin Leader","floor":24,"turns":6},{"damage":5,"enemies":"Chosen and Byrds","floor":29,"turns":4},{"damage":14,"enemies":"Sentry and Sphere","floor":30,"turns":6},{"damage":36,"enemies":"Slavers","floor":31,"turns":5},{"damage":36,"enemies":"Collector","floor":33,"turns":11},{"damage":22,"enemies":"Orb Walker","floor":35,"turns":4},{"damage":21,"enemies":"Mind Bloom Boss Battle","floor":37,"turns":6},{"damage":88,"enemies":"Reptomancer","floor":41,"turns":2}],"seed_played":"1486242055576696012","potions_obtained":[{"floor":1,"key":"SkillPotion"},{"floor":4,"key":"Dexterity Potion"},{"floor":5,"key":"Block Potion"}],"is_trial":false,"path_per_floor":["M","?","$","M","M","R","?","M","T","R","M","?","$","E","R","B",null,"M","M","T","M","$","R","E","?","T","R","$","M","M","E","R","B",null,"M","?","?","$","?","R","E"],"character_chosen":"IRONCLAD","items_purchased":["Perfected Strike","Wild Strike","Bloodletting","Metallicize","Inflame","Shrug It Off","Pen Nib"],"campfire_rested":3,"item_purchase_floors":[3,3,3,13,22,38,38],"current_hp_per_floor":[49,49,49,52,55,55,55,45,45,45,48,48,48,32,56,14,80,55,51,51,45,45,45,23,23,23,47,47,49,42,13,37,8,84,73,73,63,63,85,85,0],"gold":82,"neow_bonus":"TWO_FIFTY_GOLD","is_prod":false,"is_daily":false,"chose_seed":false,"campfire_upgraded":3,"win_rate":0,"timestamp":1547090495,"path_taken":["M","?","?","M","M","R","?","?","T","R","M","?","$","E","R","BOSS","M","M","?","M","$","R","E","?","T","R","$","M","?","E","R","BOSS","M","?","?","$","?","R","E"],"build_version":"2019-01-03v4","purchased_purges":3,"victory":false,"max_hp_per_floor":[80,80,80,80,80,80,80,80,80,80,80,80,80,80,80,80,80,80,80,80,80,80,80,80,80,80,80,80,81,82,83,83,84,84,85,85,86,86,86,86,86],"card_choices":[{"not_picked":["Shockwave","Reckless Charge"],"picked":"Twin Strike","floor":1},{"not_picked":["Havoc","Sword Boomerang"],"picked":"Hemokinesis","floor":4},{"not_picked":["True Grit","Havoc"],"picked":"Rupture","floor":5},{"not_picked":["Anger","Blood for Blood"],"picked":"Metallicize","floor":8},{"not_picked":["Warcry","Anger"],"picked":"Pommel Strike","floor":11},{"not_picked":["Warcry","Sword Boomerang"],"picked":"Armaments","floor":14},{"not_picked":["Demon Form","Dark Embrace"],"picked":"Exhume","floor":16},{"not_picked":["Iron Wave+1","Clothesline+1"],"picked":"Metallicize","floor":18},{"not_picked":["Wild Strike","Heavy Blade"],"picked":"Clash+1","floor":19},{"not_picked":["Armaments","Cleave"],"picked":"Iron Wave","floor":21},{"not_picked":["Anger","Dropkick+1"],"picked":"Burning Pact","floor":24},{"not_picked":["Warcry+1","Headbutt"],"picked":"Wild Strike","floor":29},{"not_picked":["Sentinel","Intimidate"],"picked":"Pommel Strike+1","floor":30},{"not_picked":["Heavy Blade","Impervious"],"picked":"Feel No Pain","floor":31},{"not_picked":["Bludgeon","Exhume"],"picked":"Offering","floor":33},{"not_picked":["Body Slam+1","Sword Boomerang"],"picked":"Flex","floor":35},{"not_picked":["Thunderclap+1","Sword Boomerang"],"picked":"Seeing Red+1","floor":37}],"player_experience":249337,"relics_obtained":[{"floor":9,"key":"Whetstone"},{"floor":14,"key":"Gremlin Horn"},{"floor":24,"key":"Kunai"},{"floor":26,"key":"Unceasing Top"},{"floor":31,"key":"Boot"},{"floor":37,"key":"WingedGreaves"}],"event_choices":[{"cards_removed":["Defend_R"],"damage_healed":0,"gold_gain":0,"player_choice":"Offered Basic","damage_taken":0,"max_hp_gain":0,"max_hp_loss":0,"event_name":"Bonfire Elementals","floor":2,"gold_loss":0},{"damage_healed":0,"gold_gain":0,"cards_transformed":["Strike_R"],"player_choice":"Transformed","damage_taken":0,"max_hp_gain":0,"max_hp_loss":0,"event_name":"Transmorgrifier","floor":7,"gold_loss":0,"cards_obtained":["Fiend Fire"]},{"cards_removed":["Fiend Fire"],"damage_healed":0,"gold_gain":0,"player_choice":"Purged","damage_taken":0,"max_hp_gain":0,"max_hp_loss":0,"event_name":"Purifier","floor":12,"gold_loss":0},{"damage_healed":0,"gold_gain":0,"player_choice":"Trade","damage_taken":0,"relics_obtained":["FaceOfCleric"],"max_hp_gain":0,"max_hp_loss":0,"event_name":"FaceTrader","floor":25,"gold_loss":0},{"cards_removed":["Feel No Pain"],"damage_healed":0,"gold_gain":0,"player_choice":"Removed Power","damage_taken":0,"max_hp_gain":0,"max_hp_loss":0,"event_name":"Falling","floor":36,"gold_loss":0},{"damage_healed":0,"gold_gain":0,"player_choice":"Fight","damage_taken":0,"max_hp_gain":0,"max_hp_loss":0,"event_name":"MindBloom","floor":37,"gold_loss":0},{"damage_healed":22,"gold_gain":0,"player_choice":"Writhe","damage_taken":0,"max_hp_gain":0,"max_hp_loss":0,"event_name":"Winding Halls","floor":39,"gold_loss":0,"cards_obtained":["Writhe"]}],"is_beta":false,"boss_relics":[{"not_picked":["Fusion Hammer","White Beast Statue"],"picked":"Sozu"},{"not_picked":["Lizard Tail","Empty Cage"],"picked":"Black Blood"}],"items_purged_floors":[3,13,28],"is_endless":false,"potions_floor_spawned":[1,4,5,24,31,35],"killed_by":"Reptomancer","ascension_level":2}