{"gold_per_floor":[115,130,130,20,20,51,51,68,68,68,96,96,96,110,110,110],"floor_reached":16,"playtime":529,"items_purged":["Strike_R"],"score":180,"play_id":"80b7313b-8a6d-4d0c-bcc0-710402a81cef","local_time":"20181226131322","is_ascension_mode":true,"campfire_choices":[{"data":"Body Slam","floor":7,"key":"SMITH"},{"floor":10,"key":"REST"},{"data":"Blind","floor":12,"key":"SMITH"},{"data":"Body Slam","floor":15,"key":"SMITH"}],"neow_cost":"NONE","seed_source_timestamp":259556190147980,"circlet_count":0,"master_deck":["Strike_R","Strike_R","Defend_R","Defend_R","Defend_R","Defend_R","Bash","Warcry","Pommel Strike","Battle Trance","Thunderclap","Blind+1","Carnage","Body Slam+1","Immolate","Metallicize","Body Slam+1"],"relics":["Burning Blood","Shuriken","Art of War","Dead Branch"],"potions_floor_usage":[6,11,11],"damage_taken":[{"damage":15,"enemies":"Small Slimes","floor":1,"turns":5},{"damage":6,"enemies":"Cultist","floor":2,"turns":4},{"damage":25,"enemies":"Lagavulin","floor":6,"turns":5},{"damage":7,"enemies":"2 Louse","floor":8,"turns":3},{"damage":0,"enemies":"Gremlin Nob","floor":11,"turns":2},{"damage":8,"enemies":"Looter","floor":14,"turns":3},{"damage":65,"enemies":"Slime Boss","floor":16,"turns":8}],"seed_played":"-6058908608698850423","potions_obtained":[{"floor":2,"key":"FearPotion"},{"floor":6,"key":"Fire Potion"},{"floor":8,"key":"Fire Potion"}],"is_trial":false,"path_per_floor":["M","M","?","$","$","E","R","M","T","R","E","R","?","M","R","B"],"character_chosen":"IRONCLAD","items_purchased":["Carnage"],"campfire_rested":1,"item_purchase_floors":[4],"current_hp_per_floor":[63,63,63,63,63,44,44,43,43,67,73,73,66,64,64,0],"gold":110,"neow_bonus":"TRANSFORM_CARD","is_prod":false,"is_daily":false,"chose_seed":false,"campfire_upgraded":3,"win_rate":0,"timestamp":1545808402,"path_taken":["M","M","?","?","$","E","R","M","T","R","E","R","?","M","R","BOSS"],"build_version":"2018-12-20","purchased_purges":1,"victory":false,"max_hp_per_floor":[80,80,80,80,80,80,80,80,80,80,80,80,80,80,80,80],"card_choices":[{"not_picked":["Clothesline","Power Through"],"picked":"Pommel Strike","floor":1},{"not_picked":["Flex","Heavy Blade"],"picked":"Battle Trance","floor":2},{"not_picked":["Sentinel","Entrench"],"picked":"Body Slam","floor":6},{"not_picked":["Seeing Red","True Grit"],"picked":"Immolate","floor":8},{"not_picked":["Thunderclap","Cleave"],"picked":"Metallicize","floor":11},{"not_picked":["Dropkick","Wild Strike"],"picked":"Body Slam","floor":14}],"player_experience":416969,"relics_obtained":[{"floor":6,"key":"Shuriken"},{"floor":9,"key":"Art of War"},{"floor":11,"key":"Dead Branch"}],"event_choices":[{"damage_healed":0,"gold_gain":0,"player_choice":"2 cards matched","damage_taken":0,"max_hp_gain":0,"max_hp_loss":0,"event_name":"Match and Keep!","floor":3,"gold_loss":0,"cards_obtained":["Thunderclap","Blind"]},{"cards_removed":["Strike_R"],"damage_healed":0,"gold_gain":0,"player_choice":"Card Removal","damage_taken":7,"max_hp_gain":0,"max_hp_loss":0,"event_name":"Golden Wing","floor":13,"gold_loss":0}],"is_beta":false,"boss_relics":[],"items_purged_floors":[4],"is_endless":false,"potions_floor_spawned":[2,6,8],"killed_by":"Slime Boss","ascension_level":7}