{"gold_per_floor":[16,27,27,48,48,48,48,23,23,23,23,54,54,92,92,188,188,203,148,148,198,35,68,68,102,102,115,129,160,160,210,210,210],"floor_reached":33,"playtime":2147,"items_purged":[],"score":764,"play_id":"05011c01-9ad5-442f-a384-bb532da81135","local_time":"20190702175629","is_ascension_mode":true,"campfire_choices":[{"data":"Deadly Poison","floor":6,"key":"SMITH"},{"data":"Envenom","floor":10,"key":"SMITH"},{"floor":15,"key":"REST"},{"data":"Blade Dance","floor":24,"key":"SMITH"},{"data":"Catalyst","floor":30,"key":"SMITH"},{"data":"Neutralize","floor":32,"key":"SMITH"}],"neow_cost":"NO_GOLD","seed_source_timestamp":721065238406300,"circlet_count":0,"master_deck":["AscendersBane","Survivor","Neutralize+1","Expertise+1","Envenom+1","Blade Dance+1","Deadly Poison+1","Poisoned Stab","Poisoned Stab","PiercingWail","Leg Sweep","Corpse Explosion","Skewer+1","Dagger Throw+1","Die Die Die+1","Phantasmal Killer","Backstab+1","Backflip","Endless Agony+1","Escape Plan","Catalyst+1","Acrobatics+1","Leg Sweep","Footwork"],"relics":["Ring of the Snake","Golden Idol","Molten Egg 2","Orichalcum","Meat on the Bone","Pandora\u0027s Box","Tiny Chest","Anchor","Pen Nib","Regal Pillow","Paper Crane","War Paint"],"potions_floor_usage":[14,14,23,25,33],"damage_taken":[{"damage":0,"enemies":"2 Louse","floor":1,"turns":3},{"damage":1,"enemies":"Jaw Worm","floor":2,"turns":5},{"damage":0,"enemies":"Small Slimes","floor":4,"turns":4},{"damage":41,"enemies":"3 Sentries","floor":12,"turns":13},{"damage":0,"enemies":"Gremlin Nob","floor":14,"turns":2},{"damage":2,"enemies":"The Guardian","floor":16,"turns":10},{"damage":5,"enemies":"Spheric Guardian","floor":18,"turns":4},{"damage":33,"enemies":"Book of Stabbing","floor":23,"turns":6},{"damage":0,"enemies":"Slavers","floor":25,"turns":1},{"damage":15,"enemies":"2 Thieves","floor":27,"turns":4},{"damage":25,"enemies":"Cultist and Chosen","floor":28,"turns":4},{"damage":3,"enemies":"Gremlin Leader","floor":29,"turns":5},{"damage":35,"enemies":"Automaton","floor":33,"turns":8}],"seed_played":"-4933303517748548117","potions_obtained":[{"floor":2,"key":"SteroidPotion"},{"floor":12,"key":"Fire Potion"},{"floor":18,"key":"GhostInAJar"},{"floor":23,"key":"SteroidPotion"},{"floor":28,"key":"Energy Potion"}],"is_trial":false,"path_per_floor":["M","M","?","M","$","R","$","$","T","R","T","E","$","E","R","B",null,"M","?","?","?","$","E","R","E","T","M","M","E","R","?","R","B"],"character_chosen":"THE_SILENT","items_purchased":["Poisoned Stab","Anchor"],"campfire_rested":1,"item_purchase_floors":[8,22],"current_hp_per_floor":[59,58,58,58,58,58,58,58,58,58,58,17,17,17,35,33,53,48,48,48,48,48,27,27,39,39,36,23,32,32,32,32,0],"gold":210,"neow_bonus":"TRANSFORM_TWO_CARDS","is_prod":false,"is_daily":false,"chose_seed":false,"campfire_upgraded":5,"win_rate":0,"timestamp":1562104589,"path_taken":["M","M","?","M","?","R","?","$","T","R","?","E","$","E","R","BOSS","M","?","?","?","$","E","R","E","T","M","M","E","R","?","R","BOSS"],"build_version":"2019-07-01","purchased_purges":0,"victory":false,"max_hp_per_floor":[66,66,60,60,60,60,60,60,60,60,60,60,60,60,60,60,60,60,60,60,60,60,60,60,60,60,60,60,60,60,60,60,60],"card_choices":[{"not_picked":["Outmaneuver","Accuracy"],"picked":"Blade Dance","floor":1},{"not_picked":["Backstab","Distraction"],"picked":"Deadly Poison","floor":2},{"not_picked":["Prepared","Distraction"],"picked":"Poisoned Stab","floor":4},{"not_picked":["Deadly Poison","Acrobatics"],"picked":"PiercingWail","floor":12},{"not_picked":["Terror","Slice+1"],"picked":"Leg Sweep","floor":14},{"not_picked":["Adrenaline","Burst"],"picked":"Corpse Explosion","floor":16},{"not_picked":["Prepared","Eviscerate+1"],"picked":"Escape Plan","floor":18},{"not_picked":["Outmaneuver","Concentrate","Poisoned Stab+1"],"picked":"SKIP","floor":23},{"not_picked":["Outmaneuver","Concentrate","Poisoned Stab+1"],"picked":"SKIP","floor":23},{"not_picked":["Cloak And Dagger","Slice+1"],"picked":"Catalyst","floor":25},{"not_picked":["Underhanded Strike+1","Masterful Stab+1"],"picked":"Acrobatics","floor":27},{"not_picked":["Flying Knee+1","Dagger Throw+1"],"picked":"Leg Sweep","floor":28},{"not_picked":["Eviscerate+1","Acrobatics"],"picked":"Footwork","floor":29}],"player_experience":2185496,"relics_obtained":[{"floor":9,"key":"Molten Egg 2"},{"floor":12,"key":"Orichalcum"},{"floor":14,"key":"Meat on the Bone"},{"floor":23,"key":"Pen Nib"},{"floor":25,"key":"Regal Pillow"},{"floor":26,"key":"Paper Crane"},{"floor":29,"key":"War Paint"}],"event_choices":[{"damage_healed":0,"gold_gain":0,"player_choice":"Lose Max HP","damage_taken":0,"relics_obtained":["Golden Idol"],"max_hp_gain":0,"max_hp_loss":6,"event_name":"Golden Idol","floor":3,"gold_loss":0},{"damage_healed":0,"gold_gain":0,"player_choice":"Obtained Relic","damage_taken":0,"relics_obtained":["Tiny Chest"],"max_hp_gain":0,"max_hp_loss":0,"event_name":"Addict","floor":19,"gold_loss":85},{"cards_removed":["Reflex"],"damage_healed":0,"gold_gain":0,"player_choice":"Elegance","damage_taken":0,"max_hp_gain":0,"max_hp_loss":0,"event_name":"Back to Basics","floor":20,"gold_loss":0},{"damage_healed":0,"gold_gain":50,"player_choice":"Stole From Cult","damage_taken":0,"max_hp_gain":0,"max_hp_loss":0,"event_name":"Nest","floor":21,"gold_loss":0},{"damage_healed":0,"gold_gain":50,"player_choice":"Pray","damage_taken":0,"max_hp_gain":0,"max_hp_loss":0,"event_name":"Golden Shrine","floor":31,"gold_loss":0}],"is_beta":false,"boss_relics":[{"not_picked":["White Beast Statue","Empty Cage"],"picked":"Pandora\u0027s Box"}],"items_purged_floors":[],"is_endless":false,"potions_floor_spawned":[2,12,18,23,28],"killed_by":"Automaton","ascension_level":20}