{"gold_per_floor":[109,109,109,109,39,64,64,75,75,102,115,115,5,32,32,134,134,153,169,169,169,169],"floor_reached":22,"playtime":1153,"items_purged":["Strike_G"],"score":284,"play_id":"95dfab78-2a5e-4d32-b69f-51bffb1cd722","local_time":"20190125133823","is_ascension_mode":true,"campfire_choices":[{"data":"Well Laid Plans","floor":7,"key":"SMITH"},{"data":"Acrobatics","floor":12,"key":"SMITH"},{"data":"Reflex","floor":15,"key":"SMITH"}],"neow_cost":"NONE","seed_source_timestamp":1185233714289564,"circlet_count":0,"master_deck":["Defend_G+1","Defend_G","Defend_G","Defend_G+1","Defend_G","Survivor","Neutralize","Deadly Poison","Well Laid Plans+1","Quick Slash","Sucker Punch","Cloak And Dagger","Acrobatics+1","Reflex+1","Dagger Spray","Corpse Explosion","Tactician","Catalyst","Crippling Poison","Calculated Gamble","Setup+1","Night Terror","Bite","Bite","Bite","Bite","Bite"],"relics":["Ring of the Snake","NeowsBlessing","PreservedInsect","Vajra","StoneCalendar","Omamori","Centennial Puzzle","Orrery"],"potions_floor_usage":[16,16],"damage_taken":[{"damage":0,"enemies":"Cultist","floor":1,"turns":1},{"damage":0,"enemies":"Lagavulin","floor":6,"turns":1},{"damage":0,"enemies":"Jaw Worm","floor":8,"turns":1},{"damage":14,"enemies":"3 Sentries","floor":10,"turns":7},{"damage":1,"enemies":"2 Louse","floor":11,"turns":3},{"damage":6,"enemies":"Gremlin Nob","floor":14,"turns":4},{"damage":19,"enemies":"The Guardian","floor":16,"turns":12},{"damage":30,"enemies":"Spheric Guardian","floor":18,"turns":6},{"damage":34,"enemies":"2 Thieves","floor":19,"turns":4},{"damage":29,"enemies":"Sentry and Sphere","floor":22,"turns":3}],"seed_played":"-8986730423285349905","potions_obtained":[{"floor":6,"key":"PowerPotion"},{"floor":10,"key":"Regen Potion"},{"floor":11,"key":"GamblersBrew"},{"floor":19,"key":"AttackPotion"}],"is_trial":false,"path_per_floor":["M","?","?","?","$","E","R","M","T","E","M","R","$","E","R","B",null,"M","M","?","?","M"],"character_chosen":"THE_SILENT","items_purchased":["Well Laid Plans","Reflex"],"campfire_rested":0,"item_purchase_floors":[5,13],"current_hp_per_floor":[70,58,44,44,44,44,44,44,44,30,29,29,29,23,23,19,70,40,6,6,22,0],"gold":169,"neow_bonus":"THREE_ENEMY_KILL","is_prod":false,"is_daily":false,"chose_seed":false,"campfire_upgraded":3,"win_rate":0,"timestamp":1548401903,"path_taken":["M","?","?","?","$","E","R","?","T","E","M","R","?","E","R","BOSS","M","M","?","?","M"],"build_version":"2019-01-23","purchased_purges":1,"victory":false,"max_hp_per_floor":[70,70,70,70,70,70,70,70,70,70,70,70,70,70,70,70,70,70,70,49,49,49],"card_choices":[{"not_picked":["Concentrate","Bane"],"picked":"Deadly Poison","floor":1},{"not_picked":["Dagger Throw","Slice"],"picked":"Quick Slash","floor":6},{"not_picked":["Predator","Eviscerate"],"picked":"Sucker Punch","floor":8},{"not_picked":["Tools of the Trade","Riddle With Holes"],"picked":"Cloak And Dagger","floor":10},{"not_picked":["Heel Hook","Eviscerate"],"picked":"Acrobatics","floor":11},{"not_picked":["Flying Knee","Distraction"],"picked":"Dagger Spray","floor":14},{"not_picked":["Envenom","Glass Knife"],"picked":"Corpse Explosion","floor":16},{"not_picked":["Sucker Punch","Slice"],"picked":"Tactician","floor":17},{"not_picked":["Flying Knee","Poisoned Stab"],"picked":"Catalyst","floor":17},{"not_picked":["Backflip","Deflect"],"picked":"Crippling Poison","floor":17},{"not_picked":["Eviscerate","Slice"],"picked":"Calculated Gamble","floor":17},{"not_picked":["Flechettes+1","Catalyst"],"picked":"Setup+1","floor":18},{"not_picked":["Endless Agony+1","Finisher"],"picked":"Night Terror","floor":19}],"player_experience":652358,"relics_obtained":[{"floor":6,"key":"Vajra"},{"floor":9,"key":"StoneCalendar"},{"floor":10,"key":"Omamori"},{"floor":14,"key":"Centennial Puzzle"}],"event_choices":[{"damage_healed":0,"gold_gain":0,"player_choice":"Success","damage_taken":12,"relics_obtained":["PreservedInsect"],"max_hp_gain":0,"max_hp_loss":0,"event_name":"Scrap Ooze","floor":2,"gold_loss":0},{"damage_healed":0,"gold_gain":0,"player_choice":"Entered Light","damage_taken":14,"max_hp_gain":0,"max_hp_loss":0,"event_name":"Shining Light","floor":3,"gold_loss":0,"cards_upgraded":["Defend_G","Defend_G"]},{"damage_healed":0,"gold_gain":0,"player_choice":"Ignored","damage_taken":0,"max_hp_gain":0,"max_hp_loss":0,"event_name":"NoteForYourself","floor":4,"gold_loss":0},{"damage_healed":0,"gold_gain":0,"player_choice":"Became a vampire","damage_taken":0,"max_hp_gain":0,"max_hp_loss":21,"event_name":"Vampires","floor":20,"gold_loss":0,"cards_obtained":["Bite","Bite","Bite","Bite","Bite"]},{"damage_healed":16,"gold_gain":0,"player_choice":"Heal","damage_taken":0,"max_hp_gain":0,"max_hp_loss":0,"event_name":"The Library","floor":21,"gold_loss":0}],"is_beta":false,"boss_relics":[{"not_picked":["WristBlade","Tiny House"],"picked":"Orrery"}],"items_purged_floors":[13],"is_endless":false,"potions_floor_spawned":[6,10,11,19],"killed_by":"Sentry and Sphere","ascension_level":3}