{"gold_per_floor":[115,130,144,161,174,174,201,201,201,215,215,86,86,102,102,201,201,219,230,243,260,260,260,270,301,301,301,301,400,400,410,410,410],"floor_reached":33,"playtime":1753,"items_purged":["Strike_G"],"score":351,"play_id":"52dfedc5-9cb9-4d4c-b2fd-1a079ec06622","local_time":"20190113103647","is_ascension_mode":true,"campfire_choices":[{"floor":6,"key":"REST"},{"floor":11,"key":"REST"},{"floor":15,"key":"REST"},{"floor":23,"key":"REST"},{"floor":27,"key":"REST"},{"data":"Prepared","floor":30,"key":"SMITH"},{"data":"After Image","floor":32,"key":"SMITH"}],"neow_cost":"PERCENT_DAMAGE","seed_source_timestamp":404773593185631,"circlet_count":0,"master_deck":["Defend_G","Defend_G","Defend_G","Defend_G","Strike_G","Strike_G","Strike_G","Strike_G","Survivor","Neutralize","Deadly Poison","Backflip","Prepared+1","Acrobatics","Backflip","After Image","Crippling Poison","Deadly Poison","Distraction","After Image+1","Poisoned Stab","Deflect+1","Prepared+1","Crippling Poison","Ghostly","Ghostly","Ghostly","Ghostly","Ghostly","Deflect","Malaise","Decay","Deadly Poison"],"relics":["Ring of the Snake","Incense Burner","Potion Belt","Pen Nib","Runic Dome","The Courier","Shuriken"],"potions_floor_usage":[7,7,20,31,33],"damage_taken":[{"damage":1,"enemies":"Jaw Worm","floor":1,"turns":4},{"damage":0,"enemies":"2 Louse","floor":2,"turns":3},{"damage":4,"enemies":"Small Slimes","floor":3,"turns":3},{"damage":1,"enemies":"2 Fungi Beasts","floor":4,"turns":3},{"damage":11,"enemies":"Exordium Thugs","floor":5,"turns":7},{"damage":16,"enemies":"Lagavulin","floor":7,"turns":8},{"damage":4,"enemies":"3 Louse","floor":10,"turns":4},{"damage":0,"enemies":"Large Slime","floor":14,"turns":7},{"damage":6,"enemies":"The Guardian","floor":16,"turns":10},{"damage":0,"enemies":"Spheric Guardian","floor":18,"turns":5},{"damage":10,"enemies":"3 Byrds","floor":19,"turns":5},{"damage":25,"enemies":"Cultist and Chosen","floor":20,"turns":8},{"damage":22,"enemies":"Snake Plant","floor":21,"turns":4},{"damage":11,"enemies":"Centurion and Healer","floor":24,"turns":10},{"damage":0,"enemies":"Slavers","floor":25,"turns":9},{"damage":1,"enemies":"Sentry and Sphere","floor":31,"turns":6},{"damage":37,"enemies":"Champ","floor":33,"turns":10}],"seed_played":"5681778414891736173","potions_obtained":[{"floor":2,"key":"EssenceOfSteel"},{"floor":3,"key":"PowerPotion"},{"floor":16,"key":"Swift Potion"},{"floor":20,"key":"GamblersBrew"},{"floor":24,"key":"Explosive Potion"},{"floor":31,"key":"AttackPotion"}],"is_trial":false,"path_per_floor":["M","M","M","M","M","R","E","?","T","M","R","$","?","M","R","B",null,"M","M","M","M","?","R","M","E","T","R","?","?","R","M","R","B"],"character_chosen":"THE_SILENT","items_purchased":["Deadly Poison"],"campfire_rested":5,"item_purchase_floors":[12],"current_hp_per_floor":[48,48,44,43,32,53,37,30,30,26,47,47,14,14,35,29,70,70,60,35,13,13,23,12,12,12,22,22,22,22,21,21,0],"gold":410,"neow_bonus":"ONE_RARE_RELIC","is_prod":false,"is_daily":false,"chose_seed":false,"campfire_upgraded":2,"win_rate":0,"timestamp":1547393807,"path_taken":["M","M","M","M","M","R","E","?","T","M","R","$","?","M","R","BOSS","M","M","M","M","?","R","M","E","T","R","?","?","R","M","R","BOSS"],"build_version":"2019-01-10","purchased_purges":1,"victory":false,"max_hp_per_floor":[70,70,70,70,70,70,70,70,70,70,70,70,70,70,70,70,70,70,70,70,70,35,35,35,35,35,35,35,35,35,35,35,35],"card_choices":[{"not_picked":["Flying Knee","Bouncing Flask"],"picked":"Deadly Poison","floor":1},{"not_picked":["Bane","Cloak And Dagger"],"picked":"Backflip","floor":2},{"not_picked":["Distraction","Finisher"],"picked":"Prepared","floor":3},{"not_picked":["Dagger Spray","PiercingWail"],"picked":"Acrobatics","floor":4},{"not_picked":["Flying Knee","Cloak And Dagger"],"picked":"Backflip","floor":5},{"not_picked":["Malaise","Flying Knee"],"picked":"After Image","floor":7},{"not_picked":["Deadly Poison","Underhanded Strike"],"picked":"Crippling Poison","floor":10},{"not_picked":["Deflect","Flying Knee"],"picked":"Distraction","floor":14},{"not_picked":["Corpse Explosion","Venomology"],"picked":"After Image","floor":16},{"not_picked":["Dagger Spray","Heel Hook"],"picked":"Poisoned Stab","floor":18},{"not_picked":["Bane","Quick Slash"],"picked":"Deflect+1","floor":19},{"not_picked":["All Out Attack","Underhanded Strike"],"picked":"Prepared+1","floor":20},{"not_picked":["Distraction","Finisher"],"picked":"Crippling Poison","floor":21},{"not_picked":["Flying Knee+1","Backstab"],"picked":"Deflect","floor":24},{"not_picked":["Flechettes","Endless Agony"],"picked":"Malaise","floor":25},{"not_picked":["Poisoned Stab","Dagger Throw"],"picked":"Deadly Poison","floor":31}],"player_experience":257948,"relics_obtained":[{"floor":7,"key":"Potion Belt"},{"floor":25,"key":"The Courier"},{"floor":26,"key":"Shuriken"}],"event_choices":[{"cards_removed":["Defend_G"],"damage_healed":0,"gold_gain":0,"player_choice":"Card Removal","damage_taken":7,"max_hp_gain":0,"max_hp_loss":0,"event_name":"Golden Wing","floor":8,"gold_loss":0},{"damage_healed":0,"gold_gain":0,"player_choice":"Success","damage_taken":33,"relics_obtained":["Pen Nib"],"max_hp_gain":0,"max_hp_loss":0,"event_name":"Scrap Ooze","floor":13,"gold_loss":0},{"damage_healed":0,"gold_gain":0,"player_choice":"Became a Ghost","damage_taken":0,"max_hp_gain":0,"max_hp_loss":35,"event_name":"Ghosts","floor":22,"gold_loss":0,"cards_obtained":["Ghostly","Ghostly","Ghostly","Ghostly","Ghostly"]},{"damage_healed":0,"gold_gain":0,"player_choice":"Smashed Altar","damage_taken":0,"max_hp_gain":0,"max_hp_loss":0,"event_name":"Forgotten Altar","floor":28,"gold_loss":0,"cards_obtained":["Decay"]},{"damage_healed":0,"gold_gain":99,"player_choice":"Stole From Cult","damage_taken":0,"max_hp_gain":0,"max_hp_loss":0,"event_name":"Nest","floor":29,"gold_loss":0}],"is_beta":false,"boss_relics":[{"not_picked":["Runic Pyramid","Empty Cage"],"picked":"Runic Dome"}],"items_purged_floors":[12],"is_endless":false,"potions_floor_spawned":[2,3,16,20,24,31],"killed_by":"Champ","ascension_level":2}