{"gold_per_floor":[110,110,121,39,55,82,82,114,114,39,39,39,39,49,49,154,154,140,62,77,90,0,0],"floor_reached":23,"playtime":1088,"items_purged":["Strike_G"],"score":219,"play_id":"38730360-1876-4d2d-aeeb-f4d80d01763e","local_time":"20190113214611","is_ascension_mode":true,"campfire_choices":[{"floor":11,"key":"REST"},{"data":"Neutralize","floor":13,"key":"SMITH"},{"data":"Survivor","floor":15,"key":"SMITH"}],"neow_cost":"NONE","seed_source_timestamp":445603826557646,"circlet_count":0,"master_deck":["Defend_G","Defend_G","Defend_G","Defend_G","Defend_G","Strike_G","Strike_G","Strike_G","Strike_G","Survivor+1","Neutralize+1","Blur+1","Masterful Stab","Noxious Fumes+1","Backflip","Dodge and Roll","PiercingWail","Tactician","Envenom","Tactician","Crippling Poison","Acrobatics","Bane","Poisoned Stab","Prepared","Footwork","Leg Sweep+1","Deadly Poison"],"relics":["Ring of the Snake","NeowsBlessing","Ginger","Gremlin Horn","Orrery"],"potions_floor_usage":[8,16,18],"damage_taken":[{"damage":0,"enemies":"Jaw Worm","floor":1,"turns":1},{"damage":0,"enemies":"Cultist","floor":3,"turns":1},{"damage":0,"enemies":"2 Louse","floor":5,"turns":1},{"damage":25,"enemies":"Lagavulin","floor":6,"turns":10},{"damage":6,"enemies":"3 Sentries","floor":8,"turns":9},{"damage":0,"enemies":"2 Fungi Beasts","floor":14,"turns":4},{"damage":6,"enemies":"The Guardian","floor":16,"turns":12},{"damage":20,"enemies":"2 Thieves","floor":18,"turns":4},{"damage":15,"enemies":"Spheric Guardian","floor":20,"turns":7},{"damage":11,"enemies":"Snake Plant","floor":21,"turns":6},{"damage":21,"enemies":"Gremlin Leader","floor":23,"turns":3}],"seed_played":"3806115142950713522","potions_obtained":[{"floor":1,"key":"SkillPotion"},{"floor":3,"key":"Block Potion"},{"floor":8,"key":"FearPotion"},{"floor":16,"key":"Block Potion"},{"floor":20,"key":"SteroidPotion"}],"is_trial":false,"path_per_floor":["M","?","M","$","M","E","?","E","T","$","R","?","R","M","R","B",null,"M","$","M","M","?","E"],"character_chosen":"THE_SILENT","items_purchased":["Noxious Fumes","Footwork"],"campfire_rested":1,"item_purchase_floors":[4,19],"current_hp_per_floor":[70,63,63,63,63,38,38,32,32,32,53,53,53,53,53,47,70,50,50,35,24,24,3],"gold":0,"neow_bonus":"THREE_ENEMY_KILL","is_prod":false,"is_daily":false,"chose_seed":false,"campfire_upgraded":2,"win_rate":0,"timestamp":1547433971,"path_taken":["M","?","?","?","M","E","?","E","T","$","R","?","R","M","R","BOSS","M","$","M","M","?","E"],"build_version":"2019-01-10","purchased_purges":1,"victory":false,"max_hp_per_floor":[70,70,70,70,70,70,70,70,70,70,70,70,70,70,70,70,70,70,70,70,70,70,70],"card_choices":[{"not_picked":["Backstab","Backflip"],"picked":"Blur","floor":1},{"not_picked":["Blade Dance","Quick Slash"],"picked":"Masterful Stab","floor":3},{"not_picked":["Quick Slash","Bane"],"picked":"Backflip","floor":5},{"not_picked":["Deflect","Bane"],"picked":"Dodge and Roll","floor":6},{"not_picked":["Infinite Blades","Flying Knee"],"picked":"PiercingWail","floor":8},{"not_picked":["Reflex","Cloak And Dagger"],"picked":"Tactician","floor":14},{"not_picked":["Unload","Grand Finale"],"picked":"Envenom","floor":16},{"not_picked":["Deflect","PiercingWail"],"picked":"Tactician","floor":17},{"not_picked":["Catalyst","Endless Agony"],"picked":"Crippling Poison","floor":17},{"not_picked":["Cloak And Dagger","Flechettes"],"picked":"Acrobatics","floor":17},{"not_picked":["Backflip","Finisher"],"picked":"Bane","floor":17},{"not_picked":["Well Laid Plans","Masterful Stab"],"picked":"Poisoned Stab","floor":17},{"not_picked":["Glass Knife","Outmaneuver"],"picked":"Prepared","floor":18},{"not_picked":["Expertise","Outmaneuver+1"],"picked":"Leg Sweep+1","floor":20},{"not_picked":["Flying Knee","Blade Dance"],"picked":"Deadly Poison","floor":21}],"player_experience":264792,"relics_obtained":[{"floor":6,"key":"Ginger"},{"floor":8,"key":"Gremlin Horn"}],"event_choices":[{"damage_healed":0,"gold_gain":0,"player_choice":"Damaged","damage_taken":7,"max_hp_gain":0,"max_hp_loss":0,"event_name":"Wheel of Change","floor":2,"gold_loss":0},{"damage_healed":0,"gold_gain":0,"player_choice":"Grow","damage_taken":0,"max_hp_gain":0,"max_hp_loss":0,"event_name":"Living Wall","floor":7,"gold_loss":0,"cards_upgraded":["Blur"]},{"damage_healed":0,"gold_gain":0,"player_choice":"Upgraded","damage_taken":0,"max_hp_gain":0,"max_hp_loss":0,"event_name":"Upgrade Shrine","floor":12,"gold_loss":0,"cards_upgraded":["Noxious Fumes"]},{"damage_healed":0,"gold_gain":0,"player_choice":"Paid Fearfully","damage_taken":0,"max_hp_gain":0,"max_hp_loss":0,"event_name":"Masked Bandits","floor":22,"gold_loss":90}],"is_beta":false,"boss_relics":[{"not_picked":["Philosopher\u0027s Stone","Fusion Hammer"],"picked":"Orrery"}],"items_purged_floors":[10],"is_endless":false,"potions_floor_spawned":[1,3,8,16,20],"killed_by":"Gremlin Leader","ascension_level":2}