{"gold_per_floor":[109,126,126,142,442,469,469,498,569,580,580,434,468,252,252,347,347,367,186,197,197,197,224,224,25,25,56,72,85,110,124,124,227,227,237,247,297,49,67,101,101,7,7,40,40,67,78,98,98,98],"floor_reached":51,"playtime":2467,"items_purged":["Strike_B","Strike_B"],"score":1532,"play_id":"d329cf6a-9a3b-47ce-99f5-c1949a859de3","local_time":"20190622193459","is_ascension_mode":true,"campfire_choices":[{"data":"Zap","floor":7,"key":"SMITH"},{"data":"Loop","floor":15,"key":"SMITH"},{"data":"Ghostly","floor":24,"key":"SMITH"},{"data":"Ghostly","floor":32,"key":"SMITH"},{"data":"Ghostly","floor":49,"key":"SMITH"}],"neow_cost":"NONE","seed_source_timestamp":168158926988285,"circlet_count":0,"master_deck":["AscendersBane","Strike_B","Defend_B","Defend_B","Defend_B+1","Defend_B","Zap+1","Dualcast","Loop+1","Go for the Eyes","Coolheaded","Cold Snap","Electrodynamics","Conserve Battery","Ball Lightning","Seek","Self Repair","Echo Form","Chill+1","FTL","Loop","Ghostly+1","Ghostly+1","Ghostly+1","Ghostly","Ghostly","Sunder","Leap","Glacier+1","Tempest+1","Biased Cognition+1","Streamline+1","Darkness+1","Meteor Strike","Force Field","Defragment+1","The Bomb","Loop","Defragment+1","Melter+1","Echo Form+1"],"relics":["Cracked Core","Old Coin","FossilizedHelix","Strawberry","Question Card","PreservedInsect","Pocketwatch","Snecko Eye","Ancient Tea Set","Membership Card","DataDisk","Vajra","Art of War","Sozu","Turnip","ClockworkSouvenir","War Paint","Bronze Scales","Oddly Smooth Stone","Frozen Egg 2","Bag of Preparation","Peace Pipe"],"potions_floor_usage":[6,13,18,28,30,33,33,33,33],"damage_taken":[{"damage":2,"enemies":"Jaw Worm","floor":1,"turns":3},{"damage":0,"enemies":"Small Slimes","floor":2,"turns":3},{"damage":1,"enemies":"Cultist","floor":4,"turns":3},{"damage":12,"enemies":"Lagavulin","floor":6,"turns":10},{"damage":22,"enemies":"3 Sentries","floor":8,"turns":11},{"damage":0,"enemies":"Large Slime","floor":10,"turns":4},{"damage":6,"enemies":"Gremlin Nob","floor":13,"turns":4},{"damage":0,"enemies":"Slime Boss","floor":16,"turns":7},{"damage":11,"enemies":"2 Thieves","floor":18,"turns":2},{"damage":6,"enemies":"Chosen","floor":20,"turns":4},{"damage":5,"enemies":"Book of Stabbing","floor":23,"turns":7},{"damage":0,"enemies":"Gremlin Leader","floor":27,"turns":5},{"damage":0,"enemies":"Snake Plant","floor":28,"turns":4},{"damage":0,"enemies":"Chosen and Byrds","floor":29,"turns":4},{"damage":5,"enemies":"Book of Stabbing","floor":30,"turns":5},{"damage":0,"enemies":"Snecko","floor":31,"turns":4},{"damage":57,"enemies":"Champ","floor":33,"turns":13},{"damage":0,"enemies":"3 Shapes","floor":35,"turns":5},{"damage":2,"enemies":"3 Darklings","floor":36,"turns":4},{"damage":0,"enemies":"2 Orb Walkers","floor":37,"turns":6},{"damage":0,"enemies":"Maw","floor":39,"turns":5},{"damage":0,"enemies":"Nemesis","floor":40,"turns":4},{"damage":2,"enemies":"Reptomancer","floor":44,"turns":3},{"damage":0,"enemies":"Giant Head","floor":46,"turns":5},{"damage":0,"enemies":"Spire Growth","floor":47,"turns":4},{"damage":0,"enemies":"Transient","floor":48,"turns":5},{"damage":0,"enemies":"Donu and Deca","floor":50,"turns":6}],"seed_played":"-2949824897380685614","potions_obtained":[{"floor":1,"key":"Swift Potion"},{"floor":2,"key":"Ancient Potion"},{"floor":13,"key":"Energy Potion"},{"floor":23,"key":"Regen Potion"},{"floor":27,"key":"Ancient Potion"},{"floor":29,"key":"GamblersBrew"},{"floor":30,"key":"EntropicBrew"}],"is_trial":false,"path_per_floor":["M","M","?","M","T","E","R","E","T","M","?","$","E","$","R","B",null,"M","$","M","?","?","E","R","$","T","E","M","M","E","M","R","B",null,"M","M","?","$","M","E","?","$","T","E","?","E","M","M","R","B",null],"character_chosen":"DEFECT","items_purchased":["PreservedInsect","Seek","Self Repair","FTL","Loop","Membership Card","ClockworkSouvenir","Force Field","War Paint","Loop","Oddly Smooth Stone"],"campfire_rested":0,"item_purchase_floors":[12,14,14,19,19,25,38,38,38,42,42],"current_hp_per_floor":[73,73,78,77,77,65,65,50,50,50,50,50,44,44,44,51,83,79,79,87,47,47,47,47,47,47,47,47,47,47,47,47,12,38,38,43,47,47,47,47,47,47,47,47,47,47,47,47,47,47],"gold":98,"neow_bonus":"TEN_PERCENT_HP_BONUS","is_prod":false,"is_daily":false,"chose_seed":false,"campfire_upgraded":5,"win_rate":0,"timestamp":1561250099,"path_taken":["M","M","?","M","?","E","R","E","T","M","?","$","E","$","R","BOSS","M","$","M","?","?","E","R","$","T","E","M","M","E","M","R","BOSS","M","M","?","$","M","E","?","?","T","E","?","E","M","M","R","BOSS"],"build_version":"2019-01-23","purchased_purges":2,"victory":true,"max_hp_per_floor":[82,82,87,87,87,87,87,94,94,94,94,94,94,94,94,94,94,94,94,94,47,47,47,47,47,47,47,47,47,47,47,47,47,47,47,47,47,47,47,47,47,47,47,47,47,47,47,47,47,47],"card_choices":[{"not_picked":["Cold Snap","Coolheaded"],"picked":"Loop","floor":1},{"not_picked":["Scrape","Sweeping Beam"],"picked":"Go for the Eyes","floor":2},{"not_picked":["Blizzard","Go for the Eyes"],"picked":"Coolheaded","floor":4},{"not_picked":["Hologram","Redo"],"picked":"Cold Snap","floor":6},{"not_picked":["Gash","Beam Cell"],"picked":"Electrodynamics","floor":8},{"not_picked":["Cold Snap","Coolheaded","Steam Power"],"picked":"Conserve Battery","floor":10},{"not_picked":["Rebound","Hologram","Reprogram"],"picked":"Ball Lightning","floor":13},{"not_picked":["Electrodynamics","Multi-Cast","Rainbow"],"picked":"Echo Form","floor":16},{"not_picked":["Coolheaded","Rebound","BootSequence"],"picked":"Chill+1","floor":18},{"not_picked":["Beam Cell","Redo","Sweeping Beam","Scrape"],"picked":"SKIP","floor":20},{"not_picked":["Hologram","Turbo","Streamline+1"],"picked":"Sunder","floor":23},{"not_picked":["Coolheaded","Streamline","Chill","Seek"],"picked":"SKIP","floor":27},{"not_picked":["Static Discharge","Chill","Beam Cell","Conserve Battery"],"picked":"SKIP","floor":28},{"not_picked":["Rebound","Streamline","Redo+1"],"picked":"Leap","floor":29},{"not_picked":["Hologram+1","Conserve Battery","Melter"],"picked":"Glacier","floor":30},{"not_picked":["Coolheaded","Barrage","Steam"],"picked":"Tempest+1","floor":31},{"not_picked":["Fission","Meteor Strike","Reboot"],"picked":"Biased Cognition","floor":33},{"not_picked":["Barrage","Cold Snap","Ball Lightning"],"picked":"Streamline+1","floor":35},{"not_picked":["Beam Cell","Steam+1","Redo"],"picked":"Darkness+1","floor":36},{"not_picked":["Redo","Go for the Eyes+1","Leap"],"picked":"Meteor Strike","floor":37},{"not_picked":["Double Energy","FTL","Stack+1","Redo+1"],"picked":"SKIP","floor":39},{"not_picked":["Force Field","Compile Driver+1","Steam Power"],"picked":"Defragment+1","floor":40},{"not_picked":["Trip","Forethought","Transmutation"],"picked":"The Bomb","floor":41},{"not_picked":["Coolheaded","Turbo+1","Reboot","Streamline"],"picked":"SKIP","floor":44},{"not_picked":["Streamline+1","Coolheaded","Leap"],"picked":"Defragment+1","floor":46},{"not_picked":["Hello World+1","Stack","Coolheaded"],"picked":"Melter+1","floor":47},{"not_picked":["Streamline+1","Gash","Barrage"],"picked":"Echo Form+1","floor":48}],"player_experience":255942,"relics_obtained":[{"floor":5,"key":"Old Coin"},{"floor":6,"key":"FossilizedHelix"},{"floor":8,"key":"Strawberry"},{"floor":9,"key":"Question Card"},{"floor":13,"key":"Pocketwatch"},{"floor":23,"key":"Ancient Tea Set"},{"floor":26,"key":"DataDisk"},{"floor":27,"key":"Vajra"},{"floor":30,"key":"Art of War"},{"floor":37,"key":"Turnip"},{"floor":40,"key":"Bronze Scales"},{"floor":43,"key":"Frozen Egg 2"},{"floor":44,"key":"Bag of Preparation"},{"floor":46,"key":"Peace Pipe"}],"event_choices":[{"damage_healed":0,"gold_gain":0,"player_choice":"Donut","damage_taken":0,"max_hp_gain":5,"max_hp_loss":0,"event_name":"Big Fish","floor":3,"gold_loss":0},{"cards_removed":["Strike_B"],"damage_healed":0,"gold_gain":0,"player_choice":"Offered Basic","damage_taken":0,"max_hp_gain":0,"max_hp_loss":0,"event_name":"Bonfire Elementals","floor":11,"gold_loss":0},{"damage_healed":0,"gold_gain":0,"player_choice":"Became a Ghost","damage_taken":0,"max_hp_gain":0,"max_hp_loss":47,"event_name":"Ghosts","floor":21,"gold_loss":0,"cards_obtained":["Ghostly","Ghostly","Ghostly","Ghostly","Ghostly"]},{"damage_healed":0,"gold_gain":0,"player_choice":"Ignored","damage_taken":0,"max_hp_gain":0,"max_hp_loss":0,"event_name":"Vampires","floor":22,"gold_loss":0},{"damage_healed":0,"gold_gain":0,"player_choice":"Fight","damage_taken":0,"max_hp_gain":0,"max_hp_loss":0,"event_name":"Mysterious Sphere","floor":37,"gold_loss":0},{"damage_healed":0,"gold_gain":0,"player_choice":"Memory 1","damage_taken":0,"max_hp_gain":0,"max_hp_loss":0,"event_name":"SensoryStone","floor":41,"gold_loss":0},{"damage_healed":0,"gold_gain":0,"player_choice":"Upgraded","damage_taken":0,"max_hp_gain":0,"max_hp_loss":0,"event_name":"Upgrade Shrine","floor":45,"gold_loss":0,"cards_upgraded":["Biased Cognition"]}],"is_beta":false,"boss_relics":[{"not_picked":["Orrery","Eternal Feather"],"picked":"Snecko Eye"},{"not_picked":["White Beast Statue","Cursed Key"],"picked":"Sozu"}],"items_purged_floors":[19,38],"is_endless":false,"potions_floor_spawned":[1,2,13,23,27,29,30,40,44,47,48],"ascension_level":10}