{"gold_per_floor":[218,237,253,35,210,240,255,255,255,265,297,297,286,286,286,286],"floor_reached":16,"playtime":916,"items_purged":["Strike_R"],"score":151,"play_id":"2848b899-c4c8-4048-9dd1-5287f7d82c01","local_time":"20181219133050","is_ascension_mode":true,"campfire_choices":[{"data":"Cleave","floor":8,"key":"SMITH"},{"floor":15,"key":"REST"}],"neow_cost":"NONE","seed_source_timestamp":2225276548170125,"circlet_count":0,"master_deck":["Strike_R","Strike_R","Strike_R","Strike_R","Defend_R","Defend_R","Defend_R","Defend_R","Bash","Warcry","Seeing Red","Cleave+1","Feed","Doubt","Flex","Entrench","Thunderclap"],"relics":["Burning Blood","Bottled Flame","Dodecahedron","Meat on the Bone"],"potions_floor_usage":[6,10],"damage_taken":[{"damage":8,"enemies":"Jaw Worm","floor":1,"turns":4},{"damage":0,"enemies":"Small Slimes","floor":2,"turns":4},{"damage":1,"enemies":"Cultist","floor":3,"turns":4},{"damage":30,"enemies":"Lagavulin","floor":6,"turns":5},{"damage":4,"enemies":"Large Slime","floor":7,"turns":7},{"damage":6,"enemies":"Looter","floor":10,"turns":2},{"damage":55,"enemies":"3 Sentries","floor":11,"turns":10},{"damage":15,"enemies":"Exordium Thugs","floor":13,"turns":4},{"damage":36,"enemies":"The Guardian","floor":16,"turns":2}],"seed_played":"6421486147431768132","potions_obtained":[{"floor":1,"key":"AttackPotion"},{"floor":7,"key":"AttackPotion"}],"is_trial":false,"path_per_floor":["M","M","M","$","?","E","M","R","T","M","E","?","M","?","R","B"],"character_chosen":"IRONCLAD","items_purchased":["Feed"],"campfire_rested":1,"item_purchase_floors":[4],"current_hp_per_floor":[70,76,80,80,80,59,64,64,64,67,18,18,21,3,29,0],"gold":286,"neow_bonus":"HUNDRED_GOLD","is_prod":false,"is_daily":false,"chose_seed":false,"campfire_upgraded":1,"win_rate":0,"timestamp":1545204650,"path_taken":["M","M","M","$","?","E","M","R","T","M","E","?","M","?","R","BOSS"],"build_version":"2018-12-13","purchased_purges":1,"victory":false,"max_hp_per_floor":[80,80,80,80,80,83,86,86,86,89,89,89,89,89,89,89],"card_choices":[{"not_picked":["Sever Soul","Uppercut"],"picked":"Warcry","floor":1},{"not_picked":["Warcry","Perfected Strike"],"picked":"Seeing Red","floor":2},{"not_picked":["Rupture","Twin Strike"],"picked":"Cleave","floor":3},{"not_picked":["Spot Weakness","Iron Wave"],"picked":"Flex","floor":6},{"not_picked":["Wild Strike","Headbutt","Combust"],"picked":"SKIP","floor":7},{"not_picked":["Wild Strike","Headbutt","Combust"],"picked":"SKIP","floor":7},{"not_picked":["Headbutt","Seeing Red","Clothesline"],"picked":"SKIP","floor":10},{"not_picked":["Corruption","Infernal Blade"],"picked":"Entrench","floor":11},{"not_picked":["Headbutt","Rupture"],"picked":"Thunderclap","floor":13}],"player_experience":335010,"relics_obtained":[{"floor":6,"key":"Bottled Flame"},{"floor":9,"key":"Dodecahedron"},{"floor":11,"key":"Meat on the Bone"}],"event_choices":[{"damage_healed":0,"gold_gain":175,"player_choice":"AGREE","damage_taken":0,"max_hp_gain":0,"max_hp_loss":0,"event_name":"Liars Game","floor":5,"gold_loss":0,"cards_obtained":["Doubt"]},{"damage_healed":0,"gold_gain":0,"player_choice":"Searched \u00271\u0027 times","damage_taken":0,"max_hp_gain":0,"max_hp_loss":0,"event_name":"Dead Adventurer","floor":12,"gold_loss":0},{"damage_healed":0,"gold_gain":0,"player_choice":"Fled","damage_taken":18,"max_hp_gain":0,"max_hp_loss":0,"event_name":"Scrap Ooze","floor":14,"gold_loss":0}],"is_beta":false,"boss_relics":[],"items_purged_floors":[4],"is_endless":false,"potions_floor_spawned":[1,7],"killed_by":"The Guardian","ascension_level":7}