{"gold_per_floor":[110,122,136,147,147,180,180,221,267,267,305,338,350,387,399,532,544,571,604,616,628,640,707,719,761,773,785,797,821,183,215,215,312,312,324,377,377,377,389,389,408,408,434,534,534,560,577,593,593,593],"floor_reached":51,"playtime":7036,"items_purged":["Writhe"],"score":1042,"play_id":"606133ee-918b-460c-a30b-e3824cc185b0","local_time":"20190722230952","is_ascension_mode":true,"campfire_choices":[{"floor":7.0,"key":"REST"},{"data":"Whirlwind","floor":10.0,"key":"SMITH"},{"floor":13.0,"key":"REST"},{"data":"Infernal Blade","floor":15.0,"key":"SMITH"},{"data":"Heavy Blade","floor":24.0,"key":"SMITH"},{"data":"Spot Weakness","floor":27.0,"key":"SMITH"},{"data":"Barricade","floor":32.0,"key":"SMITH"},{"data":"Feel No Pain","floor":40.0,"key":"SMITH"},{"data":"Impervious","floor":42.0,"key":"SMITH"},{"data":"Dual Wield","floor":45.0,"key":"SMITH"},{"floor":49,"key":"REST"}],"neow_cost":"NONE","seed_source_timestamp":0,"circlet_count":0,"master_deck":["Strike_R+1","Strike_R+1","Strike_R+1","Strike_R+1","Strike_R+1","Defend_R+1","Defend_R+1","Defend_R+1","Defend_R+1","Bash+1","Clothesline","Feel No Pain+1","Whirlwind+1","Shrug It Off","Infernal Blade+1","Dropkick","Shrug It Off","Spot Weakness+1","Double Tap","Heavy Blade+1","Headbutt","Corruption+1","Barricade+1","Dual Wield+1","Body Slam","Impervious+1","Armaments+1","Uppercut+1","Pain","Evolve+1","Spot Weakness+1"],"special_seed":0,"relics":["Burning Blood","Bloody Idol","Juzu Bracelet","Self Forming Clay","Vajra","MawBank","Runic Dome","Tiny Chest","Shuriken","Paper Frog","Lantern","Torii","Chemical X","Darkstone Periapt","Cursed Key","Ice Cream","Dream Catcher","FossilizedHelix","Omamori"],"potions_floor_usage":[50,50,50],"damage_taken":[{"damage":0.0,"enemies":"2 Louse","floor":1.0,"turns":3.0},{"damage":2.0,"enemies":"Jaw Worm","floor":2.0,"turns":3.0},{"damage":3.0,"enemies":"Cultist","floor":3.0,"turns":5.0},{"damage":0.0,"enemies":"Large Slime","floor":4.0,"turns":5.0},{"damage":30.0,"enemies":"Lagavulin","floor":6.0,"turns":7.0},{"damage":37.0,"enemies":"Gremlin Nob","floor":8.0,"turns":5.0},{"damage":25.0,"enemies":"3 Sentries","floor":11.0,"turns":6.0},{"damage":9.0,"enemies":"Blue Slaver","floor":12.0,"turns":4.0},{"damage":1.0,"enemies":"Red Slaver","floor":14.0,"turns":3.0},{"damage":22.0,"enemies":"The Guardian","floor":16.0,"turns":8.0},{"damage":0.0,"enemies":"3 Byrds","floor":18.0,"turns":4.0},{"damage":22.0,"enemies":"Shell Parasite","floor":19.0,"turns":3.0},{"damage":0.0,"enemies":"Gremlin Leader","floor":23.0,"turns":6.0},{"damage":23.0,"enemies":"Slavers","floor":25.0,"turns":6.0},{"damage":23.0,"enemies":"Centurion and Healer","floor":29.0,"turns":5.0},{"damage":6.0,"enemies":"Gremlin Leader","floor":31.0,"turns":5.0},{"damage":19.0,"enemies":"Collector","floor":33.0,"turns":6.0},{"damage":0.0,"enemies":"Orb Walker","floor":35.0,"turns":2.0},{"damage":6.0,"enemies":"2 Orb Walkers","floor":36.0,"turns":2.0},{"damage":10.0,"enemies":"3 Shapes","floor":39.0,"turns":3.0},{"damage":11.0,"enemies":"Writhing Mass","floor":41.0,"turns":5.0},{"damage":4.0,"enemies":"Mind Bloom Boss Battle","floor":44.0,"turns":5.0},{"damage":6.0,"enemies":"Nemesis","floor":46.0,"turns":5.0},{"damage":17,"enemies":"Spire Growth","floor":47,"turns":5},{"damage":36,"enemies":"3 Darklings","floor":48,"turns":4},{"damage":47,"enemies":"Time Eater","floor":50,"turns":6}],"seed_played":"5484115075342498871","potions_obtained":[{"floor":3.0,"key":"SteroidPotion"},{"floor":4.0,"key":"Ancient Potion"},{"floor":8.0,"key":"Poison Potion"},{"floor":11.0,"key":"SteroidPotion"},{"floor":12.0,"key":"Energy Potion"},{"floor":18.0,"key":"Swift Potion"},{"floor":25.0,"key":"Fire Potion"},{"floor":33.0,"key":"SpeedPotion"},{"floor":36.0,"key":"Block Potion"},{"floor":39.0,"key":"SkillPotion"},{"floor":41.0,"key":"Dexterity Potion"},{"floor":44.0,"key":"Explosive Potion"}],"is_trial":false,"path_per_floor":["M","M","M","M","?","E","R","E","T","R","E","M","R","M","R","B",null,"M","M","?","?","$","E","R","E","T","R","?","M","$","E","R","B",null,"M","?","?","T","M","R","M","R","T","?","R","E","M","M","R","B",null],"character_chosen":"IRONCLAD","items_purchased":["Torii","Chemical X","Dual Wield"],"campfire_rested":3,"item_purchase_floors":[30,30,30],"current_hp_per_floor":[78,80,80,80,60,36,60,29,29,29,10,7,31,36,36,20,65,71,55,55,60,65,80,80,68,73,78,80,68,73,78,78,70,78,80,80,80,80,80,80,80,80,86,86,86,86,80,55,80,39],"gold":593,"neow_bonus":"UPGRADE_CARD","is_prod":false,"is_daily":false,"chose_seed":false,"campfire_upgraded":8,"win_rate":0,"timestamp":1563862192,"path_taken":["M","M","M","M","?","E","R","E","T","R","E","M","R","M","R","BOSS","M","M","?","?","?","E","R","E","T","R","?","M","$","E","R","BOSS","M","?","?","?","M","R","M","R","T","?","R","E","M","M","R","BOSS"],"build_version":"2019-07-17","purchased_purges":1,"victory":true,"max_hp_per_floor":[80,80,80,80,80,80,80,80,80,80,80,80,80,80,80,80,80,80,80,80,80,80,80,80,80,80,80,80,80,80,80,80,80,80,80,80,80,80,80,80,80,80,86,86,86,86,86,86,86,86],"card_choices":[{"not_picked":["Bloodletting","Anger"],"picked":"Clothesline","floor":1.0},{"not_picked":["Body Slam","Clash"],"picked":"Feel No Pain","floor":2.0},{"not_picked":["Battle Trance","Second Wind"],"picked":"Whirlwind","floor":3.0},{"not_picked":["Flex","Perfected Strike"],"picked":"Shrug It Off","floor":4.0},{"not_picked":["Impervious","Flex"],"picked":"Infernal Blade","floor":6.0},{"not_picked":["Cleave","Juggernaut"],"picked":"Dropkick","floor":8.0},{"not_picked":["Combust","Bloodletting","Evolve"],"picked":"SKIP","floor":11.0},{"not_picked":["Sword Boomerang","Rage"],"picked":"Shrug It Off","floor":12.0},{"not_picked":["Wild Strike","Burning Pact"],"picked":"Spot Weakness","floor":14.0},{"not_picked":["Brutality","Feed"],"picked":"Double Tap","floor":16.0},{"not_picked":["Clothesline","Whirlwind","Twin Strike+1"],"picked":"SKIP","floor":18.0},{"not_picked":["Twin Strike","Combust+1"],"picked":"Heavy Blade","floor":19.0},{"not_picked":["Thunderclap","Cleave"],"picked":"Headbutt","floor":23.0},{"not_picked":["Anger","Ghostly Armor"],"picked":"Corruption+1","floor":25.0},{"not_picked":["Perfected Strike","Iron Wave"],"picked":"Barricade","floor":29.0},{"not_picked":["Flex","Armaments"],"picked":"Body Slam","floor":31.0},{"not_picked":["Limit Break","Dark Embrace"],"picked":"Impervious","floor":33.0},{"not_picked":["Wild Strike","Rampage"],"picked":"Armaments+1","floor":35.0},{"not_picked":["Shrug It Off","Thunderclap+1"],"picked":"Uppercut+1","floor":36.0},{"not_picked":["Anger+1","Thunderclap+1","Combust"],"picked":"SKIP","floor":39.0},{"not_picked":["Fire Breathing+1","Havoc+1","Perfected Strike"],"picked":"SKIP","floor":41.0},{"not_picked":["Body Slam","Heavy Blade","Wild Strike"],"picked":"SKIP","floor":46.0},{"not_picked":["Immolate","Reckless Charge+1"],"picked":"Evolve+1","floor":47},{"not_picked":["Intimidate+1","Cleave","Sever Soul+1"],"picked":"SKIP","floor":48},{"not_picked":["Sword Boomerang","Dual Wield+1"],"picked":"Spot Weakness+1","floor":49}],"player_experience":394046,"relics_obtained":[{"floor":6.0,"key":"Juzu Bracelet"},{"floor":8.0,"key":"Self Forming Clay"},{"floor":9.0,"key":"Vajra"},{"floor":11.0,"key":"MawBank"},{"floor":23.0,"key":"Tiny Chest"},{"floor":25.0,"key":"Shuriken"},{"floor":26.0,"key":"Paper Frog"},{"floor":31.0,"key":"Darkstone Periapt"},{"floor":36.0,"key":"Ice Cream"},{"floor":43.0,"key":"Dream Catcher"},{"floor":44.0,"key":"FossilizedHelix"},{"floor":46.0,"key":"Omamori"}],"event_choices":[{"damage_healed":0.0,"max_hp_gain":0.0,"max_hp_loss":0.0,"gold_gain":0.0,"event_name":"Golden Idol","player_choice":"Take Damage","floor":5.0,"gold_loss":0.0,"damage_taken":20.0,"relics_obtained":["Golden Idol"]},{"damage_healed":0.0,"max_hp_gain":0.0,"max_hp_loss":0.0,"gold_gain":0.0,"event_name":"Forgotten Altar","player_choice":"Gave Idol","floor":20.0,"relics_lost":["Golden Idol"],"gold_loss":0.0,"damage_taken":0.0,"relics_obtained":["Bloody Idol"]},{"damage_healed":0.0,"max_hp_gain":0.0,"max_hp_loss":0.0,"gold_gain":0.0,"event_name":"Back to Basics","player_choice":"Simplicity","floor":21.0,"gold_loss":0.0,"damage_taken":0.0,"cards_upgraded":["Strike_R","Strike_R","Strike_R","Strike_R","Strike_R","Defend_R","Defend_R","Defend_R","Defend_R"]},{"damage_healed":0.0,"max_hp_gain":0.0,"max_hp_loss":0.0,"gold_gain":0.0,"event_name":"The Mausoleum","player_choice":"Opened","floor":28.0,"gold_loss":0.0,"damage_taken":0.0,"relics_obtained":["Lantern"],"cards_obtained":["Writhe"]},{"damage_healed":0.0,"max_hp_gain":0.0,"max_hp_loss":0.0,"gold_gain":0.0,"event_name":"Mysterious Sphere","player_choice":"Fight","floor":36.0,"gold_loss":0.0,"damage_taken":0.0},{"damage_healed":0.0,"max_hp_gain":0.0,"max_hp_loss":0.0,"gold_gain":0.0,"event_name":"Tomb of Lord Red Mask","player_choice":"Ignored","floor":37.0,"gold_loss":0.0,"damage_taken":0.0},{"damage_healed":0.0,"max_hp_gain":0.0,"max_hp_loss":0.0,"gold_gain":0.0,"event_name":"MindBloom","player_choice":"Fight","floor":44.0,"gold_loss":0.0,"damage_taken":0.0}],"is_beta":false,"boss_relics":[{"not_picked":["Philosopher\u0027s Stone","Lizard Tail"],"picked":"Runic Dome"},{"not_picked":["Mark of Pain","Fusion Hammer"],"picked":"Cursed Key"}],"items_purged_floors":[30],"is_endless":false,"potions_floor_spawned":[3,4,8,11,12,18,25,33,36,39,41,44],"ascension_level":7}