{"gold_per_floor":[115,128,20,20,36,64,83,115,187,187,187,220,220,235,235,309,309,325,375,315,333,84,112,112],"floor_reached":24,"playtime":1884,"items_purged":["Strike_R+1","Strike_R+1"],"score":421,"play_id":"6ef683a2-f3f8-438f-820f-432983d7627f","local_time":"20190810120237","is_ascension_mode":true,"campfire_choices":[{"floor":10.0,"key":"REST"},{"floor":13.0,"key":"REST"},{"data":"True Grit","floor":15.0,"key":"SMITH"}],"neow_cost":"NONE","seed_source_timestamp":396800640689109,"circlet_count":0,"master_deck":["AscendersBane","Defend_R","Defend_R","Defend_R","Defend_R","Bash+1","Spot Weakness","Anger","Flame Barrier","Shrug It Off","Carnage","Flame Barrier","True Grit+1","Corruption","Demon Form","Whirlwind+1","Body Slam+1","Exhume+1","Feel No Pain","Battle Trance","Feed"],"special_seed":0,"relics":["Burning Blood","Omamori","Prayer Wheel","Whetstone","The Courier","Ancient Tea Set","Astrolabe","ClockworkSouvenir","Ginger"],"potions_floor_usage":[18,23],"damage_taken":[{"damage":1.0,"enemies":"Cultist","floor":1.0,"turns":3.0},{"damage":11.0,"enemies":"Jaw Worm","floor":2.0,"turns":4.0},{"damage":0.0,"enemies":"2 Louse","floor":5.0,"turns":3.0},{"damage":20.0,"enemies":"Lagavulin","floor":6.0,"turns":6.0},{"damage":8.0,"enemies":"Large Slime","floor":7.0,"turns":5.0},{"damage":27.0,"enemies":"3 Sentries","floor":8.0,"turns":10.0},{"damage":22.0,"enemies":"Gremlin Nob","floor":12.0,"turns":4.0},{"damage":6.0,"enemies":"Lots of Slimes","floor":14.0,"turns":5.0},{"damage":14.0,"enemies":"The Guardian","floor":16.0,"turns":13.0},{"damage":6,"enemies":"Shell Parasite","floor":18,"turns":5},{"damage":8,"enemies":"Spheric Guardian","floor":21,"turns":7},{"damage":30,"enemies":"Gremlin Leader","floor":23,"turns":5},{"damage":37,"enemies":"Centurion and Healer","floor":24,"turns":4}],"seed_played":"-9087594157444629990","potions_obtained":[{"floor":1.0,"key":"Strength Potion"},{"floor":6.0,"key":"Energy Potion"},{"floor":14.0,"key":"Swift Potion"},{"floor":18,"key":"Energy Potion"}],"is_trial":false,"path_per_floor":["M","M","$","?","M","E","M","E","T","R","?","E","R","M","R","B",null,"M","?","$","M","$","E","M"],"character_chosen":"IRONCLAD","items_purchased":["Flame Barrier","Shrug It Off","ClockworkSouvenir"],"campfire_rested":2,"item_purchase_floors":[3,3,22],"current_hp_per_floor":[73,68,68,42,48,34,32,11,11,33,33,17,39,39,39,31,64,64,64,64,62,62,38,1],"gold":112,"neow_bonus":"UPGRADE_CARD","is_prod":false,"is_daily":false,"chose_seed":false,"campfire_upgraded":1,"win_rate":0,"timestamp":1565452957,"path_taken":["M","?","?","?","M","E","M","E","T","R","?","E","R","M","R","BOSS","M","?","$","M","$","E","M"],"build_version":"2019-07-17","purchased_purges":2,"victory":false,"max_hp_per_floor":[75,75,75,75,75,75,75,75,75,75,75,75,75,75,75,75,75,75,75,75,75,75,75,75],"card_choices":[{"not_picked":["Warcry","Clothesline"],"picked":"Spot Weakness","floor":1.0},{"not_picked":["Perfected Strike","Sword Boomerang"],"picked":"Anger","floor":2.0},{"not_picked":["Pommel Strike","Evolve"],"picked":"Carnage","floor":5.0},{"not_picked":["Armaments","Havoc","Hemokinesis"],"picked":"SKIP","floor":6.0},{"not_picked":["Perfected Strike","Warcry","Thunderclap"],"picked":"SKIP","floor":7.0},{"not_picked":["Clash","Heavy Blade","Warcry"],"picked":"SKIP","floor":7.0},{"not_picked":["Rupture","Wild Strike","Intimidate"],"picked":"SKIP","floor":8.0},{"not_picked":["Armaments","Flex"],"picked":"Flame Barrier","floor":12.0},{"not_picked":["Perfected Strike","Rage"],"picked":"True Grit","floor":14.0},{"not_picked":["Hemokinesis","Rampage"],"picked":"Corruption","floor":14.0},{"not_picked":["Juggernaut","Double Tap"],"picked":"Demon Form","floor":16.0},{"not_picked":["Headbutt","Flame Barrier+1"],"picked":"Feel No Pain","floor":18},{"not_picked":["Entrench","True Grit"],"picked":"Battle Trance","floor":18},{"not_picked":["Searing Blow","Twin Strike","Headbutt"],"picked":"SKIP","floor":21},{"not_picked":["Seeing Red","Iron Wave","Reckless Charge"],"picked":"SKIP","floor":21},{"not_picked":["Clash","Immolate"],"picked":"Feed","floor":23}],"player_experience":770667,"relics_obtained":[{"floor":6.0,"key":"Prayer Wheel"},{"floor":8.0,"key":"Whetstone"},{"floor":9.0,"key":"The Courier"},{"floor":12.0,"key":"Ancient Tea Set"},{"floor":23,"key":"Ginger"}],"event_choices":[{"damage_healed":0.0,"max_hp_gain":0.0,"max_hp_loss":0.0,"gold_gain":0.0,"event_name":"Scrap Ooze","player_choice":"Success","floor":4.0,"gold_loss":0.0,"damage_taken":26.0,"relics_obtained":["Omamori"]},{"damage_healed":0.0,"max_hp_gain":0.0,"max_hp_loss":0.0,"gold_gain":0.0,"event_name":"Dead Adventurer","player_choice":"Searched \u00271\u0027 times","floor":11.0,"gold_loss":0.0,"damage_taken":0.0},{"damage_healed":0,"gold_gain":100,"player_choice":"Bet on Murderer","damage_taken":0,"max_hp_gain":0,"max_hp_loss":0,"event_name":"The Joust","floor":19,"gold_loss":50}],"is_beta":false,"boss_relics":[{"not_picked":["White Beast Statue","Empty Cage"],"picked":"Astrolabe"}],"items_purged_floors":[20,22],"is_endless":false,"potions_floor_spawned":[1,6,14,18],"killed_by":"Centurion and Healer","ascension_level":16}