{"gold_per_floor":[112,122,135,148,63,63,78,113,163,163,188,188,252,264,264,338,338,338,278,278,278],"floor_reached":21,"playtime":843,"items_purged":["Strike_B"],"score":331,"play_id":"ab1d4eff-3ece-491e-a139-53967c79f9cf","local_time":"20190724071132","is_ascension_mode":true,"campfire_choices":[{"data":"Zap","floor":6,"key":"SMITH"},{"floor":12,"key":"REST"},{"data":"Chaos","floor":15,"key":"SMITH"}],"neow_cost":"TEN_PERCENT_HP_LOSS","seed_source_timestamp":1237686825932709,"circlet_count":0,"master_deck":["AscendersBane","Strike_B","Strike_B","Strike_B","Defend_B","Defend_B","Defend_B","Defend_B","Zap+1","Dualcast","Undo","Go for the Eyes","Cold Snap","Cold Snap","Capacitor","Loop","Doom and Gloom","Chaos+1","Genetic Algorithm","Amplify","Static Discharge+1","Decay"],"special_seed":0,"relics":["Cracked Core","Emotion Chip","Meat on the Bone","Orichalcum","Odd Mushroom","The Courier","Ectoplasm"],"potions_floor_usage":[13],"damage_taken":[{"damage":2.0,"enemies":"Jaw Worm","floor":1.0,"turns":3.0},{"damage":9,"enemies":"2 Louse","floor":2,"turns":2},{"damage":7,"enemies":"Small Slimes","floor":3,"turns":3},{"damage":4,"enemies":"2 Fungi Beasts","floor":4,"turns":3},{"damage":8,"enemies":"Large Slime","floor":7,"turns":5},{"damage":13,"enemies":"3 Sentries","floor":8,"turns":8},{"damage":16,"enemies":"The Mushroom Lair","floor":11,"turns":4},{"damage":5,"enemies":"3 Sentries","floor":13,"turns":5},{"damage":0,"enemies":"Red Slaver","floor":14,"turns":3},{"damage":25,"enemies":"The Guardian","floor":16,"turns":10},{"damage":48,"enemies":"3 Byrds","floor":18,"turns":6},{"damage":20,"enemies":"Shell Parasite","floor":21,"turns":2}],"seed_played":"-5980239575066347714","potions_obtained":[{"floor":3,"key":"PowerPotion"},{"floor":7,"key":"FocusPotion"},{"floor":16,"key":"SpeedPotion"}],"is_trial":false,"path_per_floor":["M","M","M","M","$","R","M","E","T","?","?","R","?","M","R","B",null,"M","$","?","M"],"character_chosen":"DEFECT","items_purchased":["Capacitor"],"campfire_rested":1,"item_purchase_floors":[5],"current_hp_per_floor":[62,53,46,42,42,42,34,21,21,21,17,36,43,43,43,30,56,20,20,20,0],"gold":278,"neow_bonus":"ONE_RARE_RELIC","is_prod":false,"is_daily":false,"chose_seed":false,"campfire_upgraded":2,"win_rate":0,"timestamp":1563970292,"path_taken":["M","M","M","M","$","R","M","E","T","?","?","R","?","M","R","BOSS","M","$","?","M"],"build_version":"2019-07-17","purchased_purges":1,"victory":false,"max_hp_per_floor":[64,64,64,64,64,64,64,64,64,64,64,64,64,64,64,64,64,64,64,64,64],"card_choices":[{"not_picked":["Redo","Scrape"],"picked":"Undo","floor":1},{"not_picked":["Glacier","Hello World"],"picked":"Go for the Eyes","floor":2},{"not_picked":["Coolheaded","Gash"],"picked":"Cold Snap","floor":3},{"not_picked":["Go for the Eyes","Fusion"],"picked":"Cold Snap","floor":4},{"not_picked":["Consume","Cold Snap"],"picked":"Loop","floor":7},{"not_picked":["Steam Power","Rebound"],"picked":"Doom and Gloom","floor":8},{"not_picked":["Go for the Eyes","Sweeping Beam"],"picked":"Chaos","floor":11},{"not_picked":["Compile Driver","Sweeping Beam"],"picked":"Genetic Algorithm","floor":14},{"not_picked":["Rainbow","Buffer"],"picked":"Amplify","floor":16},{"not_picked":["Compile Driver","Coolheaded"],"picked":"Static Discharge+1","floor":18}],"player_experience":396437,"relics_obtained":[{"floor":8,"key":"Meat on the Bone"},{"floor":9,"key":"Orichalcum"},{"floor":11,"key":"Odd Mushroom"},{"floor":13,"key":"The Courier"}],"event_choices":[{"damage_healed":0,"gold_gain":0,"player_choice":"Ignored","damage_taken":0,"max_hp_gain":0,"max_hp_loss":0,"event_name":"Golden Idol","floor":10,"gold_loss":0},{"damage_healed":0,"gold_gain":0,"player_choice":"Fought Mushrooms","damage_taken":0,"max_hp_gain":0,"max_hp_loss":0,"event_name":"Mushrooms","floor":11,"gold_loss":0},{"damage_healed":0,"gold_gain":0,"player_choice":"Searched \u00272\u0027 times","damage_taken":0,"max_hp_gain":0,"max_hp_loss":0,"event_name":"Dead Adventurer","floor":13,"gold_loss":0},{"damage_healed":0,"gold_gain":0,"player_choice":"Smashed Altar","damage_taken":0,"max_hp_gain":0,"max_hp_loss":0,"event_name":"Forgotten Altar","floor":20,"gold_loss":0,"cards_obtained":["Decay"]}],"is_beta":false,"boss_relics":[{"not_picked":["FrozenCore","Lizard Tail"],"picked":"Ectoplasm"}],"items_purged_floors":[19],"is_endless":false,"potions_floor_spawned":[3,7,11,16],"killed_by":"Shell Parasite","ascension_level":17}