{"gold_per_floor":[114,114,114,114,135,173,173,189,214,235,133,133,157,9,9],"floor_reached":15,"playtime":617,"items_purged":["Injury"],"score":120,"play_id":"0665bb3c-c946-4725-bda6-a9cf36f5db5b","local_time":"20190601185644","is_ascension_mode":false,"campfire_choices":[{"data":"True Grit","floor":7,"key":"SMITH"},{"data":"Offering","floor":12,"key":"SMITH"}],"neow_cost":"NONE","seed_source_timestamp":1542843078294029,"circlet_count":0,"master_deck":["Strike_R","Strike_R","Strike_R+1","Strike_R","Strike_R","Defend_R","Defend_R+1","Defend_R","Defend_R","Bash","Havoc","True Grit+1","Shrug It Off","Shrug It Off","Offering+1","Shrug It Off"],"relics":["Burning Blood","NeowsBlessing","Regal Pillow","Golden Idol","Smiling Mask","Ancient Tea Set","Bronze Scales"],"potions_floor_usage":[],"damage_taken":[{"damage":0,"enemies":"Small Slimes","floor":1,"turns":1},{"damage":0,"enemies":"Jaw Worm","floor":5,"turns":1},{"damage":0,"enemies":"3 Sentries","floor":6,"turns":1},{"damage":6,"enemies":"2 Louse","floor":8,"turns":2},{"damage":15,"enemies":"Blue Slaver","floor":10,"turns":4},{"damage":23,"enemies":"Gremlin Gang","floor":13,"turns":6}],"seed_played":"-1753033691072304994","potions_obtained":[{"floor":5,"key":"Weak Potion"},{"floor":6,"key":"Dexterity Potion"},{"floor":8,"key":"Explosive Potion"}],"is_trial":false,"path_per_floor":["M","?","?","?","M","E","R","M","T","M","$","R","M","$","R"],"character_chosen":"IRONCLAD","items_purchased":["Shrug It Off","Bronze Scales"],"campfire_rested":0,"item_purchase_floors":[11,14],"current_hp_per_floor":[80,64,46,46,52,58,58,58,58,49,49,49,32,32,32],"gold":9,"neow_bonus":"THREE_ENEMY_KILL","is_prod":false,"is_daily":false,"chose_seed":false,"campfire_upgraded":2,"win_rate":0,"timestamp":1559429804,"path_taken":["M","?","?","?","M","E","R","M","T","M","$","R","M","?","R"],"build_version":"2019-01-23","purchased_purges":1,"victory":false,"max_hp_per_floor":[80,80,80,80,80,80,80,80,80,80,80,80,80,80,80],"card_choices":[{"not_picked":["Burning Pact","Pummel"],"picked":"Havoc","floor":1},{"not_picked":["Seeing Red","Twin Strike"],"picked":"True Grit","floor":5},{"not_picked":["Twin Strike","Cleave"],"picked":"Shrug It Off","floor":6},{"not_picked":["Entrench","Flex"],"picked":"Shrug It Off","floor":8},{"not_picked":["Sword Boomerang","Perfected Strike"],"picked":"Offering","floor":10},{"not_picked":["Ghostly Armor","Power Through","Burning Pact"],"picked":"SKIP","floor":13}],"player_experience":559672,"relics_obtained":[{"floor":6,"key":"Smiling Mask"},{"floor":9,"key":"Ancient Tea Set"}],"event_choices":[{"damage_healed":0,"gold_gain":0,"player_choice":"Entered Light","damage_taken":16,"max_hp_gain":0,"max_hp_loss":0,"event_name":"Shining Light","floor":2,"gold_loss":0,"cards_upgraded":["Strike_R","Defend_R"]},{"damage_healed":0,"gold_gain":0,"player_choice":"Success","damage_taken":18,"relics_obtained":["Regal Pillow"],"max_hp_gain":0,"max_hp_loss":0,"event_name":"Scrap Ooze","floor":3,"gold_loss":0},{"damage_healed":0,"gold_gain":0,"player_choice":"Take Wound","damage_taken":0,"relics_obtained":["Golden Idol"],"max_hp_gain":0,"max_hp_loss":0,"event_name":"Golden Idol","floor":4,"gold_loss":0,"cards_obtained":["Injury"]}],"is_beta":false,"boss_relics":[],"items_purged_floors":[11],"is_endless":false,"potions_floor_spawned":[5,6,8],"ascension_level":0}