{"gold_per_floor":[117,117,67,67,81,81,81,81,132,132,17,42,54,54,54,158,158,128,128,148,5,5,5,15,15],"floor_reached":25,"playtime":1139,"items_purged":["Strike_G"],"score":330,"play_id":"048a5aa3-6851-4738-929a-434d62a64ad1","local_time":"20190705144259","is_ascension_mode":true,"campfire_choices":[{"data":"Neutralize","floor":6,"key":"SMITH"},{"floor":8,"key":"REST"},{"data":"PiercingWail","floor":10,"key":"SMITH"},{"floor":15,"key":"REST"},{"data":"Footwork","floor":23,"key":"SMITH"}],"neow_cost":"NONE","seed_source_timestamp":288710526426193,"circlet_count":0,"master_deck":["AscendersBane","Strike_G+1","Strike_G+1","Defend_G+1","Defend_G+1","Defend_G+1","Defend_G+1","Survivor","Neutralize+1","PiercingWail+1","Footwork+1","Flying Knee","Footwork","Glass Knife","Bouncing Flask","Footwork","Predator","Footwork","Dodge and Roll"],"relics":["Ring of the Snake","Gremlin Horn","Oddly Smooth Stone","Centennial Puzzle","Vajra","Snecko Eye","FaceOfCleric"],"potions_floor_usage":[24,25],"damage_taken":[{"damage":3,"enemies":"Cultist","floor":1,"turns":5},{"damage":2,"enemies":"Jaw Worm","floor":5,"turns":6},{"damage":60,"enemies":"Gremlin Nob","floor":12,"turns":9},{"damage":0,"enemies":"Small Slimes","floor":13,"turns":5},{"damage":11,"enemies":"The Guardian","floor":16,"turns":21},{"damage":3,"enemies":"2 Thieves","floor":18,"turns":5},{"damage":8,"enemies":"3 Byrds","floor":20,"turns":5},{"damage":15,"enemies":"Cultist and Chosen","floor":24,"turns":8},{"damage":35,"enemies":"Gremlin Leader","floor":25,"turns":11}],"seed_played":"4836098669570362938","potions_obtained":[{"floor":12,"key":"SmokeBomb"},{"floor":18,"key":"EssenceOfSteel"},{"floor":20,"key":"EssenceOfSteel"}],"is_trial":false,"path_per_floor":["M","T","?","?","M","R","?","R","T","R","$","E","M","?","R","B",null,"M","?","M","$","?","R","M","E"],"character_chosen":"THE_SILENT","items_purchased":["Footwork","Predator","Footwork"],"campfire_rested":2,"item_purchase_floors":[11,21,21],"current_hp_per_floor":[60,60,60,53,51,51,44,65,65,65,65,5,5,5,26,15,56,53,53,45,45,45,45,31,0],"gold":15,"neow_bonus":"REMOVE_CARD","is_prod":false,"is_daily":false,"chose_seed":false,"campfire_upgraded":3,"win_rate":0,"timestamp":1562352179,"path_taken":["M","?","?","?","M","R","?","R","T","R","$","E","M","?","R","BOSS","M","?","M","$","?","R","M","E"],"build_version":"2019-07-01","purchased_purges":1,"victory":false,"max_hp_per_floor":[70,70,70,70,70,70,70,70,70,70,70,70,70,70,70,70,70,70,70,70,70,70,70,71,71],"card_choices":[{"not_picked":["Underhanded Strike","Flying Knee","Backflip"],"picked":"SKIP","floor":1},{"not_picked":["Backflip","Blur"],"picked":"PiercingWail","floor":5},{"not_picked":["Escape Plan","PiercingWail"],"picked":"Flying Knee","floor":12},{"not_picked":["Flying Knee","Underhanded Strike"],"picked":"Footwork","floor":13},{"not_picked":["Doppelganger","Unload"],"picked":"Glass Knife","floor":16},{"not_picked":["Acrobatics","Predator+1"],"picked":"Bouncing Flask","floor":18},{"not_picked":["Backflip","Acrobatics+1"],"picked":"Footwork","floor":20},{"not_picked":["Deadly Poison","Prepared"],"picked":"Dodge and Roll","floor":24}],"player_experience":640425,"relics_obtained":[{"floor":2,"key":"Gremlin Horn"},{"floor":9,"key":"Centennial Puzzle"},{"floor":12,"key":"Vajra"}],"event_choices":[{"cards_removed":["Strike_G"],"damage_healed":0,"gold_gain":0,"player_choice":"Card Removal","damage_taken":0,"max_hp_gain":0,"max_hp_loss":0,"event_name":"The Cleric","floor":3,"gold_loss":50},{"cards_removed":["Defend_G"],"damage_healed":0,"gold_gain":0,"player_choice":"Card Removal","damage_taken":7,"max_hp_gain":0,"max_hp_loss":0,"event_name":"Golden Wing","floor":4,"gold_loss":0},{"damage_healed":0,"gold_gain":0,"player_choice":"Success","damage_taken":7,"relics_obtained":["Oddly Smooth Stone"],"max_hp_gain":0,"max_hp_loss":0,"event_name":"Scrap Ooze","floor":7,"gold_loss":0},{"damage_healed":0,"gold_gain":0,"player_choice":"Ignored","damage_taken":0,"max_hp_gain":0,"max_hp_loss":0,"event_name":"Liars Game","floor":14,"gold_loss":0},{"damage_healed":0,"gold_gain":0,"player_choice":"Simplicity","damage_taken":0,"max_hp_gain":0,"max_hp_loss":0,"event_name":"Back to Basics","floor":19,"gold_loss":0,"cards_upgraded":["Strike_G","Strike_G","Defend_G","Defend_G","Defend_G","Defend_G"]},{"damage_healed":0,"gold_gain":0,"player_choice":"Trade","damage_taken":0,"relics_obtained":["FaceOfCleric"],"max_hp_gain":0,"max_hp_loss":0,"event_name":"FaceTrader","floor":22,"gold_loss":0}],"is_beta":false,"boss_relics":[{"not_picked":["Coffee Dripper","Orrery"],"picked":"Snecko Eye"}],"items_purged_floors":[11],"is_endless":false,"potions_floor_spawned":[12,18,20],"killed_by":"Gremlin Leader","ascension_level":11}