{"gold_per_floor":[113,113,113,63,63,95,115,115,115,131,150,162,162,176,176,176],"floor_reached":16,"playtime":632,"items_purged":[],"score":146,"play_id":"7afde498-35f2-4cd7-987c-29ddd6592bd1","local_time":"20190819143522","is_ascension_mode":true,"campfire_choices":[{"data":"Feel No Pain","floor":13,"key":"SMITH"},{"data":"Perfected Strike","floor":15,"key":"SMITH"}],"neow_cost":"NONE","seed_source_timestamp":16601015063793,"circlet_count":0,"master_deck":["Strike_R","Strike_R+1","Strike_R","Strike_R","Defend_R+1","Defend_R","Defend_R","Defend_R","Bash","Body Slam","Warcry+1","Pommel Strike","Feel No Pain+1","Perfected Strike+1","Armaments"],"relics":["Burning Blood","NeowsBlessing","Boot","Ornamental Fan","Incense Burner"],"potions_floor_usage":[11,14],"damage_taken":[{"damage":0,"enemies":"Small Slimes","floor":1,"turns":2},{"damage":0,"enemies":"3 Sentries","floor":6,"turns":2},{"damage":0,"enemies":"Jaw Worm","floor":7,"turns":1},{"damage":5,"enemies":"2 Louse","floor":10,"turns":3},{"damage":26,"enemies":"Exordium Thugs","floor":11,"turns":6},{"damage":3,"enemies":"2 Fungi Beasts","floor":12,"turns":4},{"damage":1,"enemies":"Red Slaver","floor":14,"turns":2},{"damage":77,"enemies":"Hexaghost","floor":16,"turns":14}],"seed_played":"-6232367335125278983","potions_obtained":[{"floor":6,"key":"PowerPotion"},{"floor":12,"key":"AttackPotion"}],"is_trial":false,"path_per_floor":["M","?","T","?","?","E","M","?","T","M","M","M","R","M","R","B"],"character_chosen":"IRONCLAD","items_purchased":[],"campfire_rested":0,"item_purchase_floors":[],"current_hp_per_floor":[80,64,64,64,69,75,81,81,81,82,62,65,65,70,70,0],"gold":176,"neow_bonus":"THREE_ENEMY_KILL","is_prod":false,"is_daily":false,"chose_seed":false,"campfire_upgraded":2,"win_rate":0,"timestamp":1566221722,"path_taken":["M","?","?","?","?","E","?","?","T","M","?","M","R","M","R","BOSS"],"build_version":"2019-07-17","purchased_purges":0,"victory":false,"max_hp_per_floor":[80,80,80,80,85,85,85,85,85,85,85,85,85,85,85,85],"card_choices":[{"not_picked":["Flex","Heavy Blade"],"picked":"Body Slam","floor":1},{"not_picked":["Clash","Iron Wave"],"picked":"Warcry","floor":6},{"not_picked":["Body Slam","Heavy Blade"],"picked":"Pommel Strike","floor":7},{"not_picked":["Juggernaut","Clothesline"],"picked":"Feel No Pain","floor":10},{"not_picked":["Havoc","Infernal Blade","Hemokinesis"],"picked":"SKIP","floor":11},{"not_picked":["Rampage","Rupture"],"picked":"Perfected Strike","floor":12},{"not_picked":["Dual Wield","Clothesline"],"picked":"Armaments","floor":14}],"player_experience":443060,"relics_obtained":[{"floor":3,"key":"Boot"},{"floor":6,"key":"Ornamental Fan"},{"floor":9,"key":"Incense Burner"}],"event_choices":[{"damage_healed":0,"gold_gain":0,"player_choice":"Entered Light","damage_taken":16,"max_hp_gain":0,"max_hp_loss":0,"event_name":"Shining Light","floor":2,"gold_loss":0,"cards_upgraded":["Defend_R","Strike_R"]},{"cards_removed":["Strike_R"],"damage_healed":0,"gold_gain":0,"player_choice":"Card Removal","damage_taken":0,"max_hp_gain":0,"max_hp_loss":0,"event_name":"The Cleric","floor":4,"gold_loss":50},{"damage_healed":0,"gold_gain":0,"player_choice":"Donut","damage_taken":0,"max_hp_gain":5,"max_hp_loss":0,"event_name":"Big Fish","floor":5,"gold_loss":0},{"damage_healed":0,"gold_gain":0,"player_choice":"Upgraded","damage_taken":0,"max_hp_gain":0,"max_hp_loss":0,"event_name":"Upgrade Shrine","floor":8,"gold_loss":0,"cards_upgraded":["Warcry"]}],"is_beta":false,"boss_relics":[],"items_purged_floors":[],"is_endless":false,"potions_floor_spawned":[6,12],"killed_by":"Hexaghost","ascension_level":3}