{"gold_per_floor":[115,115,115,115,138,138,15,15,40,55,73,86,86,110,110,234,234,248,248,347,363,378,378,397,154,154,193,231,231,244,244],"floor_reached":31,"playtime":893,"items_purged":["Strike_R","Strike_R"],"score":247,"play_id":"b00e57aa-76be-4439-a2de-0b54efd003ec","local_time":"20190609010823","is_ascension_mode":false,"campfire_choices":[{"data":"Disarm","floor":6,"key":"SMITH"},{"data":"Bash","floor":8,"key":"SMITH"},{"data":"Disarm","floor":15,"key":"SMITH"},{"data":"Armaments","floor":23,"key":"SMITH"}],"neow_cost":"NONE","seed_source_timestamp":229829672925399,"circlet_count":0,"master_deck":["Strike_R+1","Strike_R+1","Defend_R","Defend_R","Defend_R","Defend_R","Bash+1","Spot Weakness","Disarm+1","Shrug It Off","Combust","Shockwave","Armaments+1","Disarm+1","Demon Form","Demon Form","Shrug It Off+1","Anger+1","Heavy Blade+1","Flame Barrier+1","Twin Strike"],"relics":["Burning Blood","Juzu Bracelet","Golden Idol","Shuriken","Omamori","Snecko Eye","PreservedInsect","Whetstone","Orichalcum","Red Mask"],"potions_floor_usage":[28,31,31],"damage_taken":[{"damage":6,"enemies":"Small Slimes","floor":1,"turns":4},{"damage":5,"enemies":"Cultist","floor":5,"turns":4},{"damage":1,"enemies":"Jaw Worm","floor":10,"turns":4},{"damage":15,"enemies":"3 Louse","floor":11,"turns":3},{"damage":4,"enemies":"Blue Slaver","floor":12,"turns":5},{"damage":12,"enemies":"Lots of Slimes","floor":14,"turns":3},{"damage":1,"enemies":"Hexaghost","floor":16,"turns":12},{"damage":0,"enemies":"Shell Parasite","floor":18,"turns":5},{"damage":26,"enemies":"3 Byrds","floor":21,"turns":4},{"damage":0,"enemies":"Snecko","floor":22,"turns":5},{"damage":26,"enemies":"Centurion and Healer","floor":24,"turns":6},{"damage":21,"enemies":"Book of Stabbing","floor":27,"turns":4},{"damage":10,"enemies":"Masked Bandits","floor":28,"turns":4},{"damage":6,"enemies":"Snake Plant","floor":30,"turns":5},{"damage":27,"enemies":"Slavers","floor":31,"turns":3}],"seed_played":"-3252436504146482620","potions_obtained":[{"floor":1,"key":"FearPotion"},{"floor":10,"key":"Poison Potion"},{"floor":14,"key":"AttackPotion"},{"floor":22,"key":"PowerPotion"},{"floor":28,"key":"AttackPotion"}],"is_trial":false,"path_per_floor":["M","?","?","?","M","R","$","R","T","M","M","M","?","M","R","B",null,"M","?","?","M","M","R","M","$","T","E","?","?","M","E"],"character_chosen":"IRONCLAD","items_purchased":["Shrug It Off","PreservedInsect"],"campfire_rested":0,"item_purchase_floors":[7,25],"current_hp_per_floor":[80,80,60,53,54,54,54,54,54,59,50,52,52,46,46,51,80,80,80,80,60,66,66,46,46,46,31,27,27,27,0],"gold":244,"neow_bonus":"RANDOM_COMMON_RELIC","is_prod":false,"is_daily":false,"chose_seed":false,"campfire_upgraded":4,"win_rate":0,"timestamp":1560056903,"path_taken":["M","?","?","?","M","R","$","R","T","M","M","M","?","M","R","BOSS","M","?","?","M","M","R","M","$","T","E","?","?","M","E"],"build_version":"2019-01-23","purchased_purges":2,"victory":false,"max_hp_per_floor":[80,80,80,80,80,80,80,80,80,80,80,80,80,80,80,80,80,80,80,80,80,80,80,80,80,80,80,80,80,80,80],"card_choices":[{"not_picked":["Headbutt","Clothesline"],"picked":"Spot Weakness","floor":1},{"not_picked":["Flex","Rupture"],"picked":"Disarm","floor":5},{"not_picked":["Feel No Pain","Body Slam"],"picked":"Combust","floor":10},{"not_picked":["Thunderclap","Armaments"],"picked":"Shockwave","floor":11},{"not_picked":["Bloodletting","Pommel Strike"],"picked":"Armaments","floor":12},{"not_picked":["Bloodletting","Searing Blow"],"picked":"Disarm","floor":14},{"not_picked":["Double Tap","Fiend Fire"],"picked":"Demon Form","floor":16},{"not_picked":["Whirlwind+1","Cleave+1","Body Slam"],"picked":"SKIP","floor":18},{"not_picked":["Warcry","Fire Breathing+1"],"picked":"Shrug It Off+1","floor":21},{"not_picked":["Sentinel","Headbutt"],"picked":"Anger+1","floor":22},{"not_picked":["Second Wind","Cleave+1"],"picked":"Heavy Blade+1","floor":24},{"not_picked":["Havoc","Limit Break"],"picked":"Flame Barrier+1","floor":27},{"not_picked":["Power Through","Shockwave"],"picked":"Twin Strike","floor":28},{"not_picked":["Anger","Body Slam","Pommel Strike"],"picked":"SKIP","floor":30}],"player_experience":601054,"relics_obtained":[{"floor":9,"key":"Omamori"},{"floor":26,"key":"Whetstone"},{"floor":27,"key":"Orichalcum"},{"floor":28,"key":"Red Mask"}],"event_choices":[{"damage_healed":0,"gold_gain":0,"player_choice":"Ignored","damage_taken":0,"max_hp_gain":0,"max_hp_loss":0,"event_name":"NoteForYourself","floor":2,"gold_loss":0},{"damage_healed":0,"gold_gain":0,"player_choice":"Take Damage","damage_taken":20,"relics_obtained":["Golden Idol"],"max_hp_gain":0,"max_hp_loss":0,"event_name":"Golden Idol","floor":3,"gold_loss":0},{"damage_healed":0,"gold_gain":0,"player_choice":"Success","damage_taken":7,"relics_obtained":["Shuriken"],"max_hp_gain":0,"max_hp_loss":0,"event_name":"Scrap Ooze","floor":4,"gold_loss":0},{"damage_healed":0,"gold_gain":0,"player_choice":"Ignored","damage_taken":0,"max_hp_gain":0,"max_hp_loss":0,"event_name":"Liars Game","floor":13,"gold_loss":0},{"damage_healed":0,"gold_gain":0,"player_choice":"Copied","damage_taken":0,"max_hp_gain":0,"max_hp_loss":0,"event_name":"Duplicator","floor":19,"gold_loss":0,"cards_obtained":["Demon Form"]},{"damage_healed":0,"gold_gain":99,"player_choice":"Stole From Cult","damage_taken":0,"max_hp_gain":0,"max_hp_loss":0,"event_name":"Nest","floor":20,"gold_loss":0},{"damage_healed":0,"gold_gain":0,"player_choice":"Fought Bandits","damage_taken":0,"max_hp_gain":0,"max_hp_loss":0,"event_name":"Masked Bandits","floor":28,"gold_loss":0},{"cards_removed":["Strike_R"],"damage_healed":0,"gold_gain":0,"player_choice":"Elegance","damage_taken":0,"max_hp_gain":0,"max_hp_loss":0,"event_name":"Back to Basics","floor":29,"gold_loss":0}],"is_beta":false,"boss_relics":[{"not_picked":["Velvet Choker","Runic Dome"],"picked":"Snecko Eye"}],"items_purged_floors":[7,25],"is_endless":false,"potions_floor_spawned":[1,10,14,21,22,24,28],"killed_by":"Slavers","ascension_level":0}