{"gold_per_floor":[112,124,135,135,146,158,17,76,76,92,92,104,104,124,124,227,227,238,253,253,253,58,58,72,72,72,90,90,90,123,46,46,144,144,162,71,0,0,0,0,14,29,56,67,67,84,84,94,94,94],"floor_reached":51,"playtime":15438,"items_purged":[],"score":636,"play_id":"4875ccde-2740-4c1b-96d2-ce0d14729dac","local_time":"20190619014736","is_ascension_mode":false,"campfire_choices":[{"data":"Noxious Fumes","floor":11.0,"key":"SMITH"},{"floor":13.0,"key":"REST"},{"floor":15.0,"key":"REST"},{"data":"Well Laid Plans","floor":23.0,"key":"SMITH"},{"floor":25.0,"key":"REST"},{"data":"Apotheosis","floor":29.0,"key":"SMITH"},{"floor":32.0,"key":"REST"},{"data":"Jack Of All Trades","floor":40,"key":"SMITH"},{"floor":47,"key":"REST"},{"floor":49,"key":"REST"}],"neow_cost":"NONE","seed_source_timestamp":0,"circlet_count":0,"master_deck":["Defend_G","Defend_G","Defend_G","Defend_G","Defend_G","Strike_G","Strike_G","Strike_G","Survivor","Neutralize","Quick Slash","Eviscerate","Quick Slash","Noxious Fumes+1","Leg Sweep","Terror","Endless Agony","Escape Plan","Predator","Deflect","Envenom","Bullet Time","Expertise+1","Well Laid Plans+1","Apotheosis+1","Slice","Choke","Endless Agony","Bullet Time","Bouncing Flask+1","Die Die Die+1","Backflip+1","Backflip+1","Jack Of All Trades+1","Madness","Madness","Parasite","Acrobatics+1"],"special_seed":0,"relics":["Ring of the Snake","Nunchaku","Bird Faced Urn","The Specimen","HoveringKite","Nilry\u0027s Codex","Paper Crane","Kunai","MutagenicStrength","Anchor","Astrolabe","Red Mask","Orichalcum","Mummified Hand"],"potions_floor_usage":[42,50],"damage_taken":[{"damage":4.0,"enemies":"Jaw Worm","floor":1.0,"turns":6.0},{"damage":0.0,"enemies":"Cultist","floor":2.0,"turns":4.0},{"damage":0.0,"enemies":"Small Slimes","floor":3.0,"turns":4.0},{"damage":17.0,"enemies":"Exordium Thugs","floor":5.0,"turns":7.0},{"damage":21.0,"enemies":"Gremlin Gang","floor":6.0,"turns":6.0},{"damage":7.0,"enemies":"3 Sentries","floor":8.0,"turns":9.0},{"damage":15.0,"enemies":"3 Louse","floor":10.0,"turns":4.0},{"damage":0.0,"enemies":"Exordium Wildlife","floor":12.0,"turns":4.0},{"damage":3.0,"enemies":"Lots of Slimes","floor":14.0,"turns":3.0},{"damage":42.0,"enemies":"Hexaghost","floor":16.0,"turns":9.0},{"damage":4.0,"enemies":"Shell Parasite","floor":18.0,"turns":4.0},{"damage":10.0,"enemies":"Chosen","floor":19.0,"turns":5.0},{"damage":15.0,"enemies":"Snake Plant","floor":24.0,"turns":4.0},{"damage":2.0,"enemies":"Sentry and Sphere","floor":27.0,"turns":6.0},{"damage":12.0,"enemies":"Slavers","floor":30.0,"turns":4.0},{"damage":55.0,"enemies":"Automaton","floor":33.0,"turns":8.0},{"damage":0,"enemies":"Orb Walker","floor":35,"turns":3},{"damage":24,"enemies":"3 Darklings","floor":41,"turns":5},{"damage":31,"enemies":"Sphere and 2 Shapes","floor":42,"turns":4},{"damage":0,"enemies":"Writhing Mass","floor":44,"turns":5},{"damage":0,"enemies":"Maw","floor":46,"turns":7},{"damage":13,"enemies":"Sphere and 2 Shapes","floor":48,"turns":6},{"damage":80,"enemies":"Awakened One","floor":50,"turns":14}],"seed_played":"2197271921293713389","potions_obtained":[{"floor":1.0,"key":"SkillPotion"},{"floor":8.0,"key":"SmokeBomb"},{"floor":12.0,"key":"LiquidBronze"},{"floor":18.0,"key":"Strength Potion"},{"floor":27.0,"key":"Poison Potion"},{"floor":30.0,"key":"Ancient Potion"},{"floor":35,"key":"Strength Potion"},{"floor":41,"key":"Weak Potion"}],"is_trial":false,"path_per_floor":["M","M","M","?","M","M","$","?","T","M","R","M","R","M","R","B",null,"M","M","?","T","$","R","M","R","T","M","?","R","E","$","R","B",null,"M","$","?","?","?","R","M","M","T","M","T","M","R","M","R","B",null],"character_chosen":"THE_SILENT","items_purchased":["Terror","Endless Agony","Apotheosis","Endless Agony","Jack Of All Trades"],"campfire_rested":6,"item_purchase_floors":[7,7,22,31,36],"current_hp_per_floor":[73,73,73,73,56,35,35,30,30,17,17,19,42,41,64,26,77,74,67,51,51,51,51,36,59,59,63,63,63,57,57,77,25,77,77,77,77,67,67,67,51,26,26,32,32,40,63,58,77,1],"gold":94,"neow_bonus":"TEN_PERCENT_HP_BONUS","is_prod":false,"is_daily":false,"chose_seed":false,"campfire_upgraded":4,"win_rate":0.0,"timestamp":1560901656,"path_taken":["M","M","M","?","M","M","?","?","T","?","R","?","R","M","R","BOSS","M","M","?","?","$","R","M","R","T","?","?","R","E","$","R","BOSS","M","$","?","?","?","R","?","M","T","M","?","M","R","M","R","BOSS"],"build_version":"2019-01-23","purchased_purges":0,"victory":true,"max_hp_per_floor":[77,77,77,77,77,77,77,77,77,77,77,77,77,77,77,77,77,77,77,77,77,77,77,77,77,77,77,77,77,77,77,77,77,77,77,77,77,77,77,77,77,77,77,77,77,77,77,77,77,77],"card_choices":[{"not_picked":["Dash","Sucker Punch"],"picked":"Quick Slash","floor":1.0},{"not_picked":["Finisher","PiercingWail"],"picked":"Eviscerate","floor":2.0},{"not_picked":["PiercingWail","Masterful Stab"],"picked":"Quick Slash","floor":3.0},{"not_picked":["Outmaneuver","Deadly Poison"],"picked":"Noxious Fumes","floor":5.0},{"not_picked":["Deadly Poison","Eviscerate"],"picked":"Leg Sweep","floor":6.0},{"not_picked":["Poisoned Stab","Underhanded Strike"],"picked":"Escape Plan","floor":8.0},{"not_picked":["Dagger Throw","Blur"],"picked":"Predator","floor":10.0},{"not_picked":["Quick Slash","Blur"],"picked":"Deflect","floor":12.0},{"not_picked":["Deadly Poison","Expertise"],"picked":"Envenom","floor":14.0},{"not_picked":["Doppelganger","Adrenaline"],"picked":"Bullet Time","floor":16.0},{"not_picked":["Poisoned Stab","Dash"],"picked":"Expertise+1","floor":18.0},{"not_picked":["Slice+1","PiercingWail+1"],"picked":"Well Laid Plans","floor":19.0},{"not_picked":["Dagger Spray","Infinite Blades"],"picked":"Slice","floor":24.0},{"not_picked":["Outmaneuver","Dagger Throw"],"picked":"Well Laid Plans+1","floor":27.0},{"not_picked":["Acrobatics","Tactician"],"picked":"Choke","floor":30.0},{"not_picked":["Night Terror","Malaise"],"picked":"Bullet Time","floor":33.0},{"not_picked":["Blade Dance+1","All Out Attack+1"],"picked":"Backflip+1","floor":35},{"not_picked":["Acrobatics","Underhanded Strike+1","Eviscerate"],"picked":"SKIP","floor":41},{"not_picked":["Outmaneuver","Flechettes+1","Blade Dance+1"],"picked":"SKIP","floor":42},{"not_picked":["Escape Plan","Blade Dance","Dodge and Roll+1"],"picked":"SKIP","floor":44},{"not_picked":["Flying Knee","Sucker Punch+1"],"picked":"Acrobatics+1","floor":46},{"not_picked":["Prepared+1","Skewer","Poisoned Stab+1"],"picked":"SKIP","floor":48}],"player_experience":11277,"relics_obtained":[{"floor":9.0,"key":"The Specimen"},{"floor":20.0,"key":"Nilry\u0027s Codex"},{"floor":21.0,"key":"Paper Crane"},{"floor":26.0,"key":"Kunai"},{"floor":30.0,"key":"Anchor"},{"floor":43,"key":"Orichalcum"},{"floor":45,"key":"Mummified Hand"}],"event_choices":[{"damage_healed":0.0,"max_hp_gain":0.0,"max_hp_loss":0.0,"gold_gain":0.0,"event_name":"WeMeetAgain","player_choice":"Gave Potion","floor":4.0,"gold_loss":0.0,"damage_taken":0.0,"relics_obtained":["Nunchaku"]},{"damage_healed":0.0,"max_hp_gain":0.0,"max_hp_loss":0.0,"gold_gain":0.0,"event_name":"Dead Adventurer","player_choice":"Searched \u00272\u0027 times","floor":8.0,"gold_loss":0.0,"damage_taken":0.0,"relics_obtained":["Bird Faced Urn"]},{"damage_healed":0.0,"max_hp_gain":0.0,"max_hp_loss":0.0,"gold_gain":0.0,"event_name":"Cursed Tome","player_choice":"Obtained Book","floor":20.0,"gold_loss":0.0,"damage_taken":16.0},{"damage_healed":0.0,"max_hp_gain":0.0,"max_hp_loss":0.0,"gold_gain":0.0,"event_name":"Drug Dealer","player_choice":"Inject Mutagens","floor":28.0,"gold_loss":0.0,"damage_taken":0.0,"relics_obtained":["MutagenicStrength"]},{"damage_healed":0,"gold_gain":0,"player_choice":"Paid","damage_taken":0,"relics_obtained":["Red Mask"],"max_hp_gain":0,"max_hp_loss":0,"event_name":"Tomb of Lord Red Mask","floor":37,"gold_loss":71},{"damage_healed":0,"gold_gain":0,"player_choice":"Embrace Madness","damage_taken":10,"max_hp_gain":0,"max_hp_loss":0,"event_name":"Winding Halls","floor":38,"gold_loss":0,"cards_obtained":["Madness","Madness"]},{"damage_healed":0,"gold_gain":0,"player_choice":"Ignored","damage_taken":0,"max_hp_gain":0,"max_hp_loss":0,"event_name":"NoteForYourself","floor":39,"gold_loss":0}],"is_beta":false,"boss_relics":[{"not_picked":["Busted Crown","Philosopher\u0027s Stone"],"picked":"HoveringKite"},{"not_picked":["Empty Cage","Runic Dome"],"picked":"Astrolabe"}],"items_purged_floors":[],"is_endless":false,"potions_floor_spawned":[1,8,12,18,27,30,35,41],"ascension_level":0}