{"gold_per_floor":[112,132,132,146,160,160,187,187,213,247,303,2,2,22,22,126,126,144,144,161,175,193,193],"floor_reached":23,"playtime":1438,"items_purged":["Strike_G"],"score":254,"play_id":"10faed96-bf67-4bd5-9a5d-d2e0311fda28","local_time":"20190131173949","is_ascension_mode":true,"campfire_choices":[{"data":"Neutralize","floor":6,"key":"SMITH"},{"data":"Blade Dance","floor":8,"key":"SMITH"},{"floor":15,"key":"REST"}],"neow_cost":"NONE","seed_source_timestamp":1717840054370183,"circlet_count":0,"master_deck":["Defend_G","Defend_G","Defend_G","Defend_G","Survivor","Neutralize+1","Flechettes","A Thousand Cuts","Dodge and Roll","Blade Dance+1","Glass Knife","Deflect","Cloak And Dagger","Acrobatics","Terror","Adrenaline","Slice+1","Corpse Explosion+1","Blur+1","Endless Agony","Blade Dance","Escape Plan","Acrobatics+1"],"relics":["Ring of the Snake","Strawberry","Lantern","Potion Belt","Art of War","PreservedInsect","Astrolabe"],"potions_floor_usage":[5,11,11,14,16,21,22],"damage_taken":[{"damage":1,"enemies":"Small Slimes","floor":1,"turns":6},{"damage":0,"enemies":"Cultist","floor":2,"turns":4},{"damage":0,"enemies":"2 Louse","floor":4,"turns":2},{"damage":1,"enemies":"Looter","floor":5,"turns":4},{"damage":29,"enemies":"Gremlin Nob","floor":7,"turns":6},{"damage":14,"enemies":"3 Sentries","floor":10,"turns":8},{"damage":5,"enemies":"Gremlin Nob","floor":11,"turns":3},{"damage":0,"enemies":"Red Slaver","floor":14,"turns":2},{"damage":24,"enemies":"Slime Boss","floor":16,"turns":8},{"damage":0,"enemies":"Chosen","floor":18,"turns":3},{"damage":6,"enemies":"Shell Parasite","floor":20,"turns":5},{"damage":29,"enemies":"Chosen and Byrds","floor":21,"turns":5},{"damage":16,"enemies":"Snake Plant","floor":22,"turns":6},{"damage":24,"enemies":"Gremlin Leader","floor":23,"turns":4}],"seed_played":"2680908712184729926","potions_obtained":[{"floor":4,"key":"FearPotion"},{"floor":5,"key":"AttackPotion"},{"floor":7,"key":"EssenceOfSteel"},{"floor":13,"key":"SneckoOil"},{"floor":13,"key":"Swift Potion"},{"floor":13,"key":"LiquidBronze"},{"floor":14,"key":"SpeedPotion"},{"floor":18,"key":"SpeedPotion"},{"floor":21,"key":"EssenceOfSteel"},{"floor":22,"key":"FearPotion"}],"is_trial":false,"path_per_floor":["M","M","?","M","M","R","E","R","T","E","?","$","?","M","R","B",null,"M","?","M","M","M","E"],"character_chosen":"THE_SILENT","items_purchased":["PreservedInsect","Cloak And Dagger","Acrobatics"],"campfire_rested":1,"item_purchase_floors":[12,12,12],"current_hp_per_floor":[76,76,76,76,75,75,53,53,53,39,34,34,34,34,59,35,72,72,72,66,37,21,0],"gold":193,"neow_bonus":"TEN_PERCENT_HP_BONUS","is_prod":false,"is_daily":false,"chose_seed":false,"campfire_upgraded":2,"win_rate":0,"timestamp":1548934789,"path_taken":["M","M","?","?","M","R","E","R","T","E","?","$","?","M","R","BOSS","M","?","M","M","M","E"],"build_version":"2019-01-23","purchased_purges":1,"victory":false,"max_hp_per_floor":[77,77,77,77,77,77,84,84,84,84,84,84,84,84,84,84,84,84,84,84,84,84,84],"card_choices":[{"not_picked":["Dagger Spray","Sucker Punch"],"picked":"Flechettes","floor":1},{"not_picked":["Distraction","Prepared","Accuracy"],"picked":"SKIP","floor":2},{"not_picked":["PiercingWail","Sucker Punch"],"picked":"A Thousand Cuts","floor":4},{"not_picked":["Sucker Punch","Deadly Poison"],"picked":"Dodge and Roll","floor":5},{"not_picked":["Underhanded Strike","Slice"],"picked":"Blade Dance","floor":7},{"not_picked":["Dagger Throw","Sucker Punch"],"picked":"Glass Knife","floor":10},{"not_picked":["Finisher","Prepared"],"picked":"Deflect","floor":11},{"not_picked":["Dodge and Roll","Flying Knee"],"picked":"Terror","floor":14},{"not_picked":["Corpse Explosion","Glass Knife"],"picked":"Adrenaline","floor":16},{"not_picked":["Backflip","Dagger Spray+1"],"picked":"Endless Agony","floor":18},{"not_picked":["PiercingWail","Cloak And Dagger"],"picked":"Blade Dance","floor":20},{"not_picked":["Quick Slash","Dash"],"picked":"Escape Plan","floor":21},{"not_picked":["Bouncing Flask","Tactician"],"picked":"Acrobatics+1","floor":22}],"player_experience":703057,"relics_obtained":[{"floor":7,"key":"Strawberry"},{"floor":9,"key":"Lantern"},{"floor":10,"key":"Potion Belt"},{"floor":11,"key":"Art of War"}],"event_choices":[{"cards_removed":["Strike_G"],"damage_healed":0,"gold_gain":0,"player_choice":"Card Removal","damage_taken":0,"max_hp_gain":0,"max_hp_loss":0,"event_name":"Wheel of Change","floor":3,"gold_loss":0},{"damage_healed":0,"gold_gain":0,"player_choice":"Searched \u00271\u0027 times","damage_taken":0,"max_hp_gain":0,"max_hp_loss":0,"event_name":"Dead Adventurer","floor":11,"gold_loss":0},{"damage_healed":0,"gold_gain":0,"player_choice":"Got Potions","damage_taken":0,"max_hp_gain":0,"max_hp_loss":0,"event_name":"Lab","floor":13,"gold_loss":0},{"cards_removed":["Defend_G"],"damage_healed":0,"gold_gain":0,"player_choice":"Purged","damage_taken":0,"max_hp_gain":0,"max_hp_loss":0,"event_name":"Purifier","floor":19,"gold_loss":0}],"is_beta":false,"boss_relics":[{"not_picked":["Pandora\u0027s Box","White Beast Statue"],"picked":"Astrolabe"}],"items_purged_floors":[12],"is_endless":false,"potions_floor_spawned":[4,5,7,14,18,21,22],"killed_by":"Gremlin Leader","ascension_level":5}