{"gold_per_floor":[13,13,28,28,40,52,80,128,165,177,202,214,226,263,275,287],"floor_reached":16,"playtime":425,"items_purged":[],"score":200,"play_id":"1a2e7dac-f1a1-44bb-9604-daaf9c3d696c","local_time":"20190815173202","is_ascension_mode":true,"campfire_choices":[{"data":"Dagger Spray","floor":6,"key":"SMITH"},{"floor":10,"key":"REST"},{"data":"Neutralize","floor":13,"key":"SMITH"},{"data":"PiercingWail","floor":15,"key":"SMITH"}],"neow_cost":"NO_GOLD","seed_source_timestamp":32404247791000,"circlet_count":0,"master_deck":["AscendersBane","Strike_G","Strike_G","Strike_G","Strike_G","Defend_G","Defend_G","Defend_G","Defend_G","Defend_G","Survivor","Neutralize+1","Dagger Spray+1","Injury","Backflip","Regret","Backstab","Flying Knee","Heel Hook+1","PiercingWail+1"],"special_seed":0,"relics":["Ring of the Snake","Mango","Golden Idol","MawBank","Molten Egg 2","Bronze Scales"],"potions_floor_usage":[8],"damage_taken":[{"damage":11.0,"enemies":"Jaw Worm","floor":1.0,"turns":7.0},{"damage":4.0,"enemies":"2 Louse","floor":3.0,"turns":3.0},{"damage":3,"enemies":"Cultist","floor":7,"turns":4},{"damage":37,"enemies":"Gremlin Nob","floor":8,"turns":4},{"damage":0,"enemies":"3 Louse","floor":11,"turns":1},{"damage":0,"enemies":"2 Fungi Beasts","floor":14,"turns":2},{"damage":24,"enemies":"Hexaghost","floor":16,"turns":8}],"seed_played":"-4353122196922198303","potions_obtained":[{"floor":3.0,"key":"Fire Potion"},{"floor":11,"key":"EssenceOfSteel"}],"is_trial":false,"path_per_floor":["M","?","M","?","?","R","M","E","T","R","M","$","R","M","R","B"],"character_chosen":"THE_SILENT","items_purchased":[],"campfire_rested":1,"item_purchase_floors":[],"current_hp_per_floor":[62,62,58,58,58,58,55,18,18,42,42,42,42,42,42,18],"gold":287,"neow_bonus":"ONE_RARE_RELIC","is_prod":false,"is_daily":false,"chose_seed":false,"campfire_upgraded":3,"win_rate":0,"timestamp":1565883122,"path_taken":["M","?","M","?","?","R","M","E","T","R","M","$","R","M","R","BOSS"],"build_version":"2019-07-17","purchased_purges":0,"victory":false,"max_hp_per_floor":[80,80,80,80,80,80,80,80,80,80,80,80,80,80,80,80],"card_choices":[{"not_picked":["Underhanded Strike","Acrobatics"],"picked":"Dagger Spray","floor":1.0},{"not_picked":["PiercingWail","Distraction"],"picked":"Backflip","floor":3.0},{"not_picked":["Dagger Spray","Sucker Punch"],"picked":"Flying Knee","floor":7},{"not_picked":["Slice","Deflect"],"picked":"Heel Hook","floor":8},{"not_picked":["Blade Dance","Sucker Punch+1"],"picked":"PiercingWail","floor":11},{"not_picked":["Bane+1","Underhanded Strike+1","Eviscerate+1"],"picked":"SKIP","floor":14}],"player_experience":1027398,"relics_obtained":[{"floor":8,"key":"Molten Egg 2"},{"floor":9,"key":"Bronze Scales"}],"event_choices":[{"damage_healed":0.0,"max_hp_gain":0.0,"max_hp_loss":0.0,"gold_gain":0.0,"event_name":"Golden Idol","player_choice":"Take Wound","floor":2.0,"gold_loss":0.0,"damage_taken":0.0,"relics_obtained":["Golden Idol"],"cards_obtained":["Injury"]},{"damage_healed":0.0,"max_hp_gain":0.0,"max_hp_loss":0.0,"gold_gain":0.0,"event_name":"Big Fish","player_choice":"Box","floor":4.0,"gold_loss":0.0,"damage_taken":0.0,"relics_obtained":["MawBank"],"cards_obtained":["Regret"]},{"damage_healed":0,"gold_gain":0,"cards_transformed":["Strike_G"],"player_choice":"Transformed","damage_taken":0,"max_hp_gain":0,"max_hp_loss":0,"event_name":"Transmorgrifier","floor":5,"gold_loss":0,"cards_obtained":["Backstab"]}],"is_beta":false,"boss_relics":[],"items_purged_floors":[],"is_endless":false,"potions_floor_spawned":[3,11],"killed_by":"Hexaghost","ascension_level":20}