{"gold_per_floor":[119,44,57,71,84,84,118,131,158,168,168,191,191,204,204,327,327,340,340,164,164,179,179,14,14,40,40,63,13,13],"floor_reached":30,"playtime":1053,"items_purged":["Strike_R","Strike_R","Defend_R","Defend_R"],"score":255,"play_id":"c9a74f77-d039-4f18-afbd-5fffa49a8aee","local_time":"20190726191704","is_ascension_mode":true,"campfire_choices":[{"data":"Bash","floor":6,"key":"SMITH"},{"data":"Seeing Red","floor":13,"key":"SMITH"},{"floor":15,"key":"REST"},{"floor":23,"key":"REST"}],"neow_cost":"PERCENT_DAMAGE","seed_source_timestamp":183661491017340,"circlet_count":0,"master_deck":["Strike_R","Strike_R","Defend_R","Bash+1","Flame Barrier","Perfected Strike","Headbutt","Burning Pact","Combust","Headbutt","Seeing Red+1","Wild Strike","Juggernaut","Metallicize","Rupture","Armaments","Evolve","Evolve"],"relics":["Burning Blood","Omamori","Bronze Scales","Golden Idol","Orrery","Happy Flower","Enchiridion","Smiling Mask"],"potions_floor_usage":[7,14,16,16],"damage_taken":[{"damage":1,"enemies":"Cultist","floor":1,"turns":3},{"damage":0,"enemies":"2 Louse","floor":3,"turns":2},{"damage":0,"enemies":"Small Slimes","floor":4,"turns":3},{"damage":14,"enemies":"Blue Slaver","floor":5,"turns":4},{"damage":39,"enemies":"Lagavulin","floor":7,"turns":5},{"damage":5,"enemies":"2 Fungi Beasts","floor":8,"turns":4},{"damage":12,"enemies":"3 Louse","floor":10,"turns":3},{"damage":6,"enemies":"Looter","floor":12,"turns":3},{"damage":0,"enemies":"2 Fungi Beasts","floor":14,"turns":2},{"damage":48,"enemies":"Hexaghost","floor":16,"turns":8},{"damage":19,"enemies":"Shell Parasite","floor":18,"turns":4},{"damage":16,"enemies":"3 Byrds","floor":22,"turns":3},{"damage":25,"enemies":"Snake Plant","floor":28,"turns":3},{"damage":40,"enemies":"Centurion and Healer","floor":30,"turns":4}],"seed_played":"-2974571948961944138","potions_obtained":[{"floor":1,"key":"Strength Potion"},{"floor":4,"key":"Explosive Potion"},{"floor":5,"key":"Swift Potion"},{"floor":14,"key":"LiquidBronze"},{"floor":18,"key":"Ancient Potion"}],"is_trial":false,"path_per_floor":["M","$","M","M","M","R","E","M","T","M","?","M","R","M","R","B",null,"M","?","$","?","M","R","$","?","T","$","M","$","M"],"character_chosen":"IRONCLAD","items_purchased":["Evolve","Evolve"],"campfire_rested":2,"item_purchase_floors":[20,24],"current_hp_per_floor":[61,61,67,73,65,65,32,33,33,27,27,27,27,33,55,13,74,61,61,61,45,35,57,57,57,57,57,38,38,0],"gold":13,"neow_bonus":"TRANSFORM_TWO_CARDS","is_prod":false,"is_daily":false,"chose_seed":false,"campfire_upgraded":2,"win_rate":0,"timestamp":1564193824,"path_taken":["M","$","M","?","M","R","E","M","T","M","?","M","R","M","R","BOSS","M","?","$","?","M","R","$","?","T","$","M","?","M"],"build_version":"2019-07-17","purchased_purges":4,"victory":false,"max_hp_per_floor":[80,80,80,80,80,80,80,80,80,80,74,74,74,74,74,74,74,74,74,74,74,74,74,74,74,74,74,74,74,74],"card_choices":[{"not_picked":["Intimidate","True Grit"],"picked":"Headbutt","floor":1},{"not_picked":["Armaments","Uppercut"],"picked":"Burning Pact","floor":3},{"not_picked":["Armaments","Bloodletting"],"picked":"Combust","floor":4},{"not_picked":["Intimidate","Flex"],"picked":"Headbutt","floor":5},{"not_picked":["Heavy Blade","Armaments","Thunderclap"],"picked":"SKIP","floor":7},{"not_picked":["Iron Wave","Sword Boomerang"],"picked":"Seeing Red","floor":8},{"not_picked":["Anger","Intimidate","Cleave"],"picked":"SKIP","floor":10},{"not_picked":["Thunderclap","Uppercut"],"picked":"Wild Strike","floor":12},{"not_picked":["Searing Blow","Bloodletting","Entrench"],"picked":"SKIP","floor":14},{"not_picked":["Brutality","Berserk"],"picked":"Juggernaut","floor":16},{"not_picked":["Disarm","Clash"],"picked":"Metallicize","floor":17},{"not_picked":["Flame Barrier","Dropkick"],"picked":"Rupture","floor":17},{"not_picked":["Warcry","Havoc"],"picked":"Armaments","floor":17},{"not_picked":["Pommel Strike+1","Heavy Blade","Disarm"],"picked":"SKIP","floor":18},{"not_picked":["Sword Boomerang","Limit Break","Seeing Red"],"picked":"SKIP","floor":22},{"not_picked":["Infernal Blade","Cleave","Combust"],"picked":"SKIP","floor":28}],"player_experience":224454,"relics_obtained":[{"floor":7,"key":"Omamori"},{"floor":9,"key":"Bronze Scales"},{"floor":21,"key":"Enchiridion"},{"floor":26,"key":"Smiling Mask"}],"event_choices":[{"damage_healed":0,"gold_gain":0,"player_choice":"Lose Max HP","damage_taken":0,"relics_obtained":["Golden Idol"],"max_hp_gain":0,"max_hp_loss":6,"event_name":"Golden Idol","floor":11,"gold_loss":0},{"damage_healed":0,"gold_gain":0,"player_choice":"Opened","damage_taken":0,"relics_obtained":["Happy Flower"],"max_hp_gain":0,"max_hp_loss":0,"event_name":"The Mausoleum","floor":19,"gold_loss":0,"cards_obtained":["Writhe"]},{"damage_healed":0,"gold_gain":0,"player_choice":"Obtained Book","damage_taken":16,"max_hp_gain":0,"max_hp_loss":0,"event_name":"Cursed Tome","floor":21,"gold_loss":0}],"is_beta":false,"boss_relics":[{"not_picked":["Runic Dome","Runic Pyramid"],"picked":"Orrery"}],"items_purged_floors":[2,20,24,29],"is_endless":false,"potions_floor_spawned":[1,4,5,14,18],"killed_by":"Centurion and Healer","ascension_level":2}