{"gold_per_floor":[215,230,60,235,255,52,86,86,86,86,112,125,125,135,135,230,230,243,254,254,254,254],"floor_reached":22,"playtime":1110,"items_purged":["Strike_B","Doubt"],"score":297,"play_id":"40b3cfff-417f-4add-b3b6-ce759f056509","local_time":"20190606125914","is_ascension_mode":true,"campfire_choices":[{"data":"Coolheaded","floor":10,"key":"SMITH"},{"floor":13,"key":"REST"},{"floor":15,"key":"REST"}],"neow_cost":"NONE","seed_source_timestamp":13064077041495,"circlet_count":0,"master_deck":["Strike_B","Strike_B","Strike_B","Defend_B","Defend_B","Defend_B","Defend_B","Zap","Dualcast","Static Discharge","Loop","Coolheaded+1","Ball Lightning","Coolheaded","Defragment+1","Hologram","Core Surge","Heatsinks","Creative AI","Ghostly","Ghostly","Ghostly","Ghostly","Ghostly"],"relics":["Cracked Core","Sundial","Bottled Lightning","Oddly Smooth Stone","Cursed Key"],"potions_floor_usage":[7,16,22,22,22],"damage_taken":[{"damage":0,"enemies":"2 Louse","floor":1,"turns":2},{"damage":0,"enemies":"Cultist","floor":2,"turns":4},{"damage":7,"enemies":"Jaw Worm","floor":5,"turns":3},{"damage":33,"enemies":"3 Sentries","floor":7,"turns":8},{"damage":11,"enemies":"Lagavulin","floor":11,"turns":5},{"damage":4,"enemies":"Exordium Wildlife","floor":12,"turns":3},{"damage":11,"enemies":"2 Fungi Beasts","floor":14,"turns":4},{"damage":35,"enemies":"The Guardian","floor":16,"turns":13},{"damage":8,"enemies":"Chosen","floor":18,"turns":5},{"damage":21,"enemies":"Shell Parasite","floor":19,"turns":5},{"damage":11,"enemies":"Colosseum Slavers","floor":22,"turns":6},{"damage":26,"enemies":"Colosseum Nobs","floor":22,"turns":6}],"seed_played":"-655960092512448098","potions_obtained":[{"floor":5,"key":"Explosive Potion"},{"floor":7,"key":"SkillPotion"},{"floor":12,"key":"Strength Potion"},{"floor":14,"key":"Swift Potion"},{"floor":19,"key":"FearPotion"}],"is_trial":false,"path_per_floor":["M","M","$","?","M","$","E","?","T","R","E","M","R","M","R","B",null,"M","M","?","?","?"],"character_chosen":"DEFECT","items_purchased":["Coolheaded","Ball Lightning","Defragment","Hologram"],"campfire_rested":2,"item_purchase_floors":[3,3,6,6],"current_hp_per_floor":[68,68,68,68,61,61,28,28,28,28,17,13,35,24,46,11,59,51,30,16,16,0],"gold":254,"neow_bonus":"HUNDRED_GOLD","is_prod":false,"is_daily":false,"chose_seed":false,"campfire_upgraded":1,"win_rate":0,"timestamp":1559840354,"path_taken":["M","M","$","?","M","$","E","?","T","R","E","M","R","?","R","BOSS","M","M","?","?","?"],"build_version":"2019-01-23","purchased_purges":2,"victory":false,"max_hp_per_floor":[75,75,75,75,75,75,75,75,75,75,75,75,75,75,75,75,75,75,75,80,40,40],"card_choices":[{"not_picked":["Beam Cell","Stack"],"picked":"Static Discharge","floor":1},{"not_picked":["Barrage","Rebound"],"picked":"Loop","floor":2},{"not_picked":["White Noise","Scrape"],"picked":"Coolheaded","floor":5},{"not_picked":["Rebound","Streamline"],"picked":"Core Surge","floor":7},{"not_picked":["Chaos","Melter","Reprogram"],"picked":"SKIP","floor":11},{"not_picked":["Melter","Sunder"],"picked":"Heatsinks","floor":12},{"not_picked":["Stack","Beam Cell","White Noise"],"picked":"SKIP","floor":14},{"not_picked":["All For One","Rainbow"],"picked":"Creative AI","floor":16},{"not_picked":["Skim","Compile Driver","Go for the Eyes"],"picked":"SKIP","floor":18},{"not_picked":["Streamline","Gash","Rebound"],"picked":"SKIP","floor":19}],"player_experience":580869,"relics_obtained":[{"floor":7,"key":"Sundial"},{"floor":9,"key":"Bottled Lightning"},{"floor":11,"key":"Oddly Smooth Stone"}],"event_choices":[{"damage_healed":0,"gold_gain":175,"player_choice":"AGREE","damage_taken":0,"max_hp_gain":0,"max_hp_loss":0,"event_name":"Liars Game","floor":4,"gold_loss":0,"cards_obtained":["Doubt"]},{"damage_healed":0,"gold_gain":0,"player_choice":"Upgraded","damage_taken":0,"max_hp_gain":0,"max_hp_loss":0,"event_name":"Upgrade Shrine","floor":8,"gold_loss":0,"cards_upgraded":["Defragment"]},{"damage_healed":0,"gold_gain":0,"player_choice":"Shed Blood","damage_taken":19,"max_hp_gain":5,"max_hp_loss":0,"event_name":"Forgotten Altar","floor":20,"gold_loss":0},{"damage_healed":0,"gold_gain":0,"player_choice":"Became a Ghost","damage_taken":0,"max_hp_gain":0,"max_hp_loss":40,"event_name":"Ghosts","floor":21,"gold_loss":0,"cards_obtained":["Ghostly","Ghostly","Ghostly","Ghostly","Ghostly"]},{"damage_healed":0,"gold_gain":0,"player_choice":"Fight","damage_taken":0,"max_hp_gain":0,"max_hp_loss":0,"event_name":"Colosseum","floor":22,"gold_loss":0},{"damage_healed":0,"gold_gain":0,"player_choice":"Fought Nobs","damage_taken":0,"max_hp_gain":0,"max_hp_loss":0,"event_name":"Colosseum","floor":22,"gold_loss":0}],"is_beta":false,"boss_relics":[{"not_picked":["Nuclear Battery","Busted Crown"],"picked":"Cursed Key"}],"items_purged_floors":[3,6],"is_endless":false,"potions_floor_spawned":[5,7,12,14,19],"killed_by":"Colosseum Nobs","ascension_level":8}