{"gold_per_floor":[118,43,63,63,81,81,113,113,137,9,35,35,61,73,73,149,149,161,171,187,8,8,8,21,47,47,47,60,60],"floor_reached":29,"playtime":905,"items_purged":["Strike_B","Strike_B"],"score":533,"play_id":"04a311f7-8ba6-46ce-bb8d-b446f49e3950","local_time":"20190720193924","is_ascension_mode":true,"campfire_choices":[{"data":"Go for the Eyes","floor":6,"key":"SMITH"},{"data":"Streamline","floor":8,"key":"SMITH"},{"data":"Defragment","floor":15,"key":"SMITH"},{"data":"Doom and Gloom","floor":23,"key":"SMITH"}],"neow_cost":"NONE","seed_source_timestamp":936911746912261,"circlet_count":0,"master_deck":["AscendersBane","Strike_B","Defend_B","Defend_B","Defend_B+1","Defend_B","Zap+1","Dualcast","Go for the Eyes+1","Streamline+1","Conserve Battery","Sweeping Beam+1","Ball Lightning+1","Leap","Defragment+1","Genetic Algorithm","Electrodynamics","Doom and Gloom+1","Glacier","Streamline+1"],"relics":["Cracked Core","Anchor","Happy Flower","Ornamental Fan","GremlinMask","War Paint","Snecko Eye","Dream Catcher","Whetstone"],"potions_floor_usage":[25],"damage_taken":[{"damage":2,"enemies":"Small Slimes","floor":1,"turns":3},{"damage":2,"enemies":"Jaw Worm","floor":3,"turns":4},{"damage":1,"enemies":"Cultist","floor":5,"turns":3},{"damage":19,"enemies":"Gremlin Nob","floor":7,"turns":4},{"damage":8,"enemies":"Lagavulin","floor":11,"turns":6},{"damage":17,"enemies":"3 Sentries","floor":13,"turns":5},{"damage":0,"enemies":"Looter","floor":14,"turns":3},{"damage":19,"enemies":"The Guardian","floor":16,"turns":11},{"damage":22,"enemies":"Shell Parasite","floor":18,"turns":4},{"damage":0,"enemies":"Spheric Guardian","floor":19,"turns":3},{"damage":9,"enemies":"Shelled Parasite and Fungi","floor":20,"turns":3},{"damage":14,"enemies":"Centurion and Healer","floor":24,"turns":3},{"damage":0,"enemies":"Slavers","floor":25,"turns":2},{"damage":6,"enemies":"Chosen and Byrds","floor":28,"turns":5},{"damage":9,"enemies":"Cultist and Chosen","floor":29,"turns":2}],"seed_played":"5405523004883263671","potions_obtained":[{"floor":3,"key":"GamblersBrew"},{"floor":11,"key":"SteroidPotion"}],"is_trial":false,"path_per_floor":["M","?","M","?","M","R","E","R","T","$","E","?","E","M","R","B",null,"M","M","M","$","?","R","M","E","T","$","M","M"],"character_chosen":"DEFECT","items_purchased":["Ball Lightning","Doom and Gloom"],"campfire_rested":0,"item_purchase_floors":[10,21],"current_hp_per_floor":[69,69,67,67,66,66,47,47,47,47,39,39,22,22,22,3,59,37,37,28,28,28,28,14,14,14,14,8,0],"gold":60,"neow_bonus":"TEN_PERCENT_HP_BONUS","is_prod":false,"is_daily":false,"chose_seed":false,"campfire_upgraded":4,"win_rate":0,"timestamp":1563669564,"path_taken":["M","?","M","?","M","R","E","R","T","?","E","?","E","?","R","BOSS","M","M","M","$","?","R","M","E","T","?","M","M"],"build_version":"2019-07-17","purchased_purges":2,"victory":false,"max_hp_per_floor":[78,78,78,78,78,78,78,78,78,78,78,78,78,78,78,78,78,78,78,78,78,78,78,78,78,78,78,78,78],"card_choices":[{"not_picked":["Turbo","Double Energy"],"picked":"Go for the Eyes","floor":1},{"not_picked":["Stack","Turbo"],"picked":"Streamline","floor":3},{"not_picked":["Lockon","Gash"],"picked":"Conserve Battery","floor":5},{"not_picked":["Redo","Force Field"],"picked":"Sweeping Beam","floor":7},{"not_picked":["Steam Power","Storm"],"picked":"Leap","floor":11},{"not_picked":["Melter","Gash"],"picked":"Defragment","floor":13},{"not_picked":["Coolheaded","Stack"],"picked":"Genetic Algorithm","floor":14},{"not_picked":["Seek","Multi-Cast"],"picked":"Electrodynamics","floor":16},{"not_picked":["Ball Lightning","Sweeping Beam","FTL"],"picked":"SKIP","floor":18},{"not_picked":["Barrage","Beam Cell","Hologram"],"picked":"SKIP","floor":19},{"not_picked":["Genetic Algorithm","Barrage","BootSequence"],"picked":"SKIP","floor":20},{"not_picked":["Hologram+1","Ball Lightning","Rip and Tear+1"],"picked":"SKIP","floor":24},{"not_picked":["Amplify","Loop"],"picked":"Glacier","floor":25},{"not_picked":["Reinforced Body","Rebound"],"picked":"Streamline+1","floor":28}],"player_experience":394512,"relics_obtained":[{"floor":7,"key":"Anchor"},{"floor":9,"key":"Happy Flower"},{"floor":11,"key":"Ornamental Fan"},{"floor":13,"key":"War Paint"},{"floor":25,"key":"Dream Catcher"},{"floor":26,"key":"Whetstone"}],"event_choices":[{"cards_removed":["Strike_B"],"damage_healed":0,"gold_gain":0,"player_choice":"Card Removal","damage_taken":0,"max_hp_gain":0,"max_hp_loss":0,"event_name":"The Cleric","floor":2,"gold_loss":75},{"damage_healed":0,"gold_gain":0,"player_choice":"Ignored","damage_taken":0,"max_hp_gain":0,"max_hp_loss":0,"event_name":"Liars Game","floor":4,"gold_loss":0},{"damage_healed":0,"gold_gain":0,"player_choice":"Trade","damage_taken":0,"relics_obtained":["GremlinMask"],"max_hp_gain":0,"max_hp_loss":0,"event_name":"FaceTrader","floor":12,"gold_loss":0},{"damage_healed":0,"gold_gain":0,"player_choice":"0 cards matched","damage_taken":0,"max_hp_gain":0,"max_hp_loss":0,"event_name":"Match and Keep!","floor":22,"gold_loss":0,"cards_obtained":[]}],"is_beta":false,"boss_relics":[{"not_picked":["Busted Crown","Coffee Dripper"],"picked":"Snecko Eye"}],"items_purged_floors":[10,21],"is_endless":false,"potions_floor_spawned":[3,11,14,16,24],"killed_by":"Cultist and Chosen","ascension_level":17}