{"gold_per_floor":[112,11,11,186,461,493,510,529,529,548,562,562,578,51,51,154,154,169,169,169,180,180,180,11,27,54,85,85],"floor_reached":28,"playtime":1422,"items_purged":["Doubt","Shame"],"score":263,"play_id":"6de4d213-7265-46e0-bc67-ebf2c8c8ca5a","local_time":"20190528205054","is_ascension_mode":false,"campfire_choices":[{"data":"Dualcast","floor":12,"key":"SMITH"},{"floor":15,"key":"REST"},{"floor":23,"key":"REST"}],"neow_cost":"NONE","seed_source_timestamp":821442985428964,"circlet_count":0,"master_deck":["Strike_B","Strike_B","Strike_B","Defend_B","Defend_B","Zap+1","Dualcast+1","Defragment","FTL+1","Barrage","Regret","Hologram","Storm","Streamline","Conserve Battery","Reprogram","Multi-Cast","Reinforced Body+1","Doom and Gloom+1","Fusion+1","Static Discharge+1","Redo","White Noise","Redo+1","Cold Snap+1"],"relics":["Cracked Core","NeowsBlessing","Gremlin Horn","Pen Nib","Ginger","Blood Vial","Astrolabe","Pantograph","Juzu Bracelet","Bottled Lightning"],"potions_floor_usage":[13,27,27],"damage_taken":[{"damage":0,"enemies":"2 Louse","floor":1,"turns":1},{"damage":0,"enemies":"Lagavulin","floor":6,"turns":1},{"damage":0,"enemies":"Small Slimes","floor":7,"turns":1},{"damage":6,"enemies":"Jaw Worm","floor":8,"turns":2},{"damage":14,"enemies":"Lots of Slimes","floor":10,"turns":2},{"damage":17,"enemies":"Looter","floor":11,"turns":3},{"damage":1,"enemies":"3 Louse","floor":13,"turns":2},{"damage":26,"enemies":"Slime Boss","floor":16,"turns":7},{"damage":22,"enemies":"2 Thieves","floor":18,"turns":4},{"damage":22,"enemies":"Chosen","floor":21,"turns":4},{"damage":21,"enemies":"Snecko","floor":25,"turns":4},{"damage":27,"enemies":"Gremlin Leader","floor":27,"turns":4},{"damage":25,"enemies":"Cultist and Chosen","floor":28,"turns":5}],"seed_played":"-7249314808862948330","potions_obtained":[{"floor":1,"key":"Ancient Potion"},{"floor":11,"key":"Explosive Potion"},{"floor":13,"key":"SkillPotion"},{"floor":16,"key":"LiquidBronze"},{"floor":25,"key":"AttackPotion"}],"is_trial":false,"path_per_floor":["M","$","?","?","?","E","M","M","T","M","M","R","M","$","R","B",null,"M","?","?","M","?","R","$","M","T","E","M"],"character_chosen":"DEFECT","items_purchased":["FTL","Barrage","Ginger","Blood Vial","White Noise"],"campfire_rested":2,"item_purchase_floors":[2,2,14,14,24],"current_hp_per_floor":[75,75,60,60,60,60,60,54,54,40,23,23,22,22,44,20,75,53,53,53,33,33,55,55,36,36,11,0],"gold":85,"neow_bonus":"THREE_ENEMY_KILL","is_prod":false,"is_daily":false,"chose_seed":false,"campfire_upgraded":1,"win_rate":0.0,"timestamp":1559094654,"path_taken":["M","$","?","?","?","E","M","M","T","M","?","R","M","$","R","BOSS","M","?","?","?","?","R","$","?","T","E","M"],"build_version":"2019-01-23","purchased_purges":2,"victory":false,"max_hp_per_floor":[75,75,75,75,75,75,75,75,75,75,75,75,75,75,75,75,75,75,75,75,75,75,75,75,75,75,75,75],"card_choices":[{"not_picked":["Force Field","Consume"],"picked":"Defragment","floor":1},{"not_picked":["Glacier","Scrape"],"picked":"Hologram","floor":6},{"not_picked":["FTL","Steam Power"],"picked":"Storm","floor":7},{"not_picked":["Beam Cell","Coolheaded"],"picked":"Streamline","floor":8},{"not_picked":["Leap","Reinforced Body"],"picked":"Conserve Battery","floor":10},{"not_picked":["Genetic Algorithm","Chill"],"picked":"Reprogram","floor":11},{"not_picked":["Streamline","Reinforced Body","Stack"],"picked":"SKIP","floor":13},{"not_picked":["Rainbow","Reboot"],"picked":"Multi-Cast","floor":16},{"not_picked":["Compile Driver+1","Leap"],"picked":"Static Discharge+1","floor":18},{"not_picked":["Steam","Beam Cell"],"picked":"Redo","floor":21},{"not_picked":["Steam","Conserve Battery"],"picked":"Redo+1","floor":25},{"not_picked":["Conserve Battery","Fission"],"picked":"Cold Snap+1","floor":27}],"player_experience":2517,"relics_obtained":[{"floor":6,"key":"Gremlin Horn"},{"floor":9,"key":"Pen Nib"},{"floor":26,"key":"Juzu Bracelet"},{"floor":27,"key":"Bottled Lightning"}],"event_choices":[{"damage_healed":0,"gold_gain":0,"player_choice":"Entered Light","damage_taken":15,"max_hp_gain":0,"max_hp_loss":0,"event_name":"Shining Light","floor":3,"gold_loss":0,"cards_upgraded":["Zap","FTL"]},{"damage_healed":0,"gold_gain":175,"player_choice":"AGREE","damage_taken":0,"max_hp_gain":0,"max_hp_loss":0,"event_name":"Liars Game","floor":4,"gold_loss":0,"cards_obtained":["Doubt"]},{"damage_healed":0,"gold_gain":275,"player_choice":"Desecrate","damage_taken":0,"max_hp_gain":0,"max_hp_loss":0,"event_name":"Golden Shrine","floor":5,"gold_loss":0,"cards_obtained":["Regret"]},{"damage_healed":0,"gold_gain":0,"player_choice":"Stole Relic","damage_taken":0,"relics_obtained":["Pantograph"],"max_hp_gain":0,"max_hp_loss":0,"event_name":"Addict","floor":19,"gold_loss":0,"cards_obtained":["Shame"]},{"damage_healed":0,"gold_gain":0,"player_choice":"Ignored","damage_taken":0,"max_hp_gain":0,"max_hp_loss":0,"event_name":"N\u0027loth","floor":20,"gold_loss":0},{"damage_healed":0,"gold_gain":0,"player_choice":"Bought 0 Potions","damage_taken":0,"max_hp_gain":0,"max_hp_loss":0,"event_name":"The Woman in Blue","floor":22,"gold_loss":0}],"is_beta":false,"boss_relics":[{"not_picked":["Eternal Feather","Runic Dome"],"picked":"Astrolabe"}],"items_purged_floors":[14,24],"is_endless":false,"potions_floor_spawned":[1,11,13,16,25],"killed_by":"Cultist and Chosen","ascension_level":0}