{"gold_per_floor":[117,192,192,192,192,192,223,9,34,52,52,52,52,72,72,173,173,161,174,192,192,192,192],"floor_reached":23,"playtime":1222,"items_purged":["Strike_B"],"score":268,"play_id":"11f797e2-2606-4f92-aa23-2863068cbf4a","local_time":"20190411195904","is_ascension_mode":true,"campfire_choices":[{"floor":6,"key":"REST"},{"data":"Capacitor","floor":11,"key":"SMITH"},{"data":"Conserve Battery","floor":13,"key":"SMITH"},{"data":"Loop","floor":15,"key":"SMITH"}],"neow_cost":"NONE","seed_source_timestamp":149693939308487,"circlet_count":0,"master_deck":["Zap+1","Dualcast","Conserve Battery+1","Capacitor+1","Ball Lightning","Loop+1","Doom and Gloom","Machine Learning","Coolheaded","Creative AI","Biased Cognition","Storm","Chaos","Chill","Steam","Ghostly","Ghostly","Ghostly","Ghostly","Ghostly","Scrape","Redo"],"relics":["Cracked Core","Regal Pillow","PreservedInsect","DataDisk","Potion Belt","FaceOfCleric","Pandora\u0027s Box"],"potions_floor_usage":[18,23],"damage_taken":[{"damage":3,"enemies":"2 Louse","floor":1,"turns":2},{"damage":18,"enemies":"3 Sentries","floor":7,"turns":9},{"damage":0,"enemies":"Small Slimes","floor":10,"turns":2},{"damage":6,"enemies":"Cultist","floor":14,"turns":3},{"damage":5,"enemies":"Hexaghost","floor":16,"turns":8},{"damage":32,"enemies":"2 Thieves","floor":18,"turns":4},{"damage":8,"enemies":"Shell Parasite","floor":19,"turns":4},{"damage":28,"enemies":"Snake Plant","floor":20,"turns":3},{"damage":6,"enemies":"Book of Stabbing","floor":23,"turns":6}],"seed_played":"-7978723719067881469","potions_obtained":[{"floor":10,"key":"Weak Potion"},{"floor":14,"key":"Dexterity Potion"},{"floor":18,"key":"Dexterity Potion"},{"floor":20,"key":"Explosive Potion"}],"is_trial":false,"path_per_floor":["M","?","?","?","?","R","E","$","T","M","R","?","R","M","R","B",null,"M","M","M","?","?","E"],"character_chosen":"DEFECT","items_purchased":["Ball Lightning","Loop","SkillPotion"],"campfire_rested":1,"item_purchase_floors":[8,8,8],"current_hp_per_floor":[65,54,47,32,32,69,51,51,51,51,51,51,51,46,46,42,68,37,30,3,3,3,0],"gold":192,"neow_bonus":"RANDOM_COMMON_RELIC","is_prod":false,"is_daily":false,"chose_seed":false,"campfire_upgraded":3,"win_rate":0,"timestamp":1555027144,"path_taken":["M","?","?","?","?","R","E","?","T","?","R","?","R","M","R","BOSS","M","?","M","?","?","E"],"build_version":"2019-01-23","purchased_purges":1,"victory":false,"max_hp_per_floor":[75,75,75,75,75,75,75,75,75,75,75,75,75,76,76,77,77,78,79,80,40,40,40],"card_choices":[{"not_picked":["Chill","Heatsinks"],"picked":"Conserve Battery","floor":1},{"not_picked":["Scrape","Steam"],"picked":"Capacitor","floor":7},{"not_picked":["Conserve Battery","Force Field"],"picked":"Hello World","floor":10},{"not_picked":["Rip and Tear","Sweeping Beam"],"picked":"Doom and Gloom","floor":14},{"not_picked":["Hyperbeam","Seek"],"picked":"Machine Learning","floor":16},{"not_picked":["Go for the Eyes","Melter+1","Compile Driver+1"],"picked":"SKIP","floor":18},{"not_picked":["Gash+1","Stack","Double Energy"],"picked":"SKIP","floor":19},{"not_picked":["Redo","Beam Cell"],"picked":"Steam","floor":20}],"player_experience":387352,"relics_obtained":[{"floor":7,"key":"DataDisk"},{"floor":9,"key":"Potion Belt"}],"event_choices":[{"damage_healed":0,"gold_gain":75,"player_choice":"Gather Gold","damage_taken":11,"max_hp_gain":0,"max_hp_loss":0,"event_name":"World of Goop","floor":2,"gold_loss":0},{"damage_healed":0,"gold_gain":0,"player_choice":"Success","damage_taken":7,"relics_obtained":["PreservedInsect"],"max_hp_gain":0,"max_hp_loss":0,"event_name":"Scrap Ooze","floor":3,"gold_loss":0},{"damage_healed":0,"gold_gain":0,"player_choice":"Entered Light","damage_taken":15,"max_hp_gain":0,"max_hp_loss":0,"event_name":"Shining Light","floor":4,"gold_loss":0,"cards_upgraded":["Strike_B","Strike_B"]},{"damage_healed":0,"gold_gain":0,"player_choice":"Grow","damage_taken":0,"max_hp_gain":0,"max_hp_loss":0,"event_name":"Living Wall","floor":5,"gold_loss":0,"cards_upgraded":["Zap"]},{"damage_healed":0,"gold_gain":0,"player_choice":"Trade","damage_taken":0,"relics_obtained":["FaceOfCleric"],"max_hp_gain":0,"max_hp_loss":0,"event_name":"FaceTrader","floor":12,"gold_loss":0},{"damage_healed":0,"gold_gain":0,"player_choice":"Became a Ghost","damage_taken":0,"max_hp_gain":0,"max_hp_loss":40,"event_name":"Ghosts","floor":21,"gold_loss":0,"cards_obtained":["Ghostly","Ghostly","Ghostly","Ghostly","Ghostly"]},{"damage_healed":0,"gold_gain":0,"cards_transformed":["FTL","Hello World"],"player_choice":"Became Test Subject","damage_taken":0,"max_hp_gain":0,"max_hp_loss":0,"event_name":"Drug Dealer","floor":22,"gold_loss":0,"cards_obtained":["Scrape","Redo"]}],"is_beta":false,"boss_relics":[{"not_picked":["Runic Dome","Empty Cage"],"picked":"Pandora\u0027s Box"}],"items_purged_floors":[8],"is_endless":false,"potions_floor_spawned":[10,14,18,20],"killed_by":"Book of Stabbing","ascension_level":6}