{"gold_per_floor":[117,117,127,141,141,173,173,173],"floor_reached":8,"playtime":163,"items_purged":[],"score":87,"play_id":"6fd9f410-7cf2-4cdc-bc33-6bec0de9a972","local_time":"20190704134939","is_ascension_mode":true,"campfire_choices":[{"floor":7,"key":"REST"}],"neow_cost":"NONE","seed_source_timestamp":200088310790826,"circlet_count":0,"master_deck":["AscendersBane","Strike_G","Strike_G","Strike_G","Strike_G","Strike_G","Defend_G","Defend_G","Defend_G","Defend_G","Defend_G","Survivor","Neutralize","Flying Knee","Decay","Backstab","Escape Plan","Cloak And Dagger"],"relics":["Ring of the Snake","NeowsBlessing","Bottled Lightning"],"potions_floor_usage":[],"damage_taken":[{"damage":0,"enemies":"Jaw Worm","floor":1,"turns":1},{"damage":0,"enemies":"Cultist","floor":3,"turns":1},{"damage":0,"enemies":"2 Louse","floor":4,"turns":1},{"damage":64,"enemies":"Lagavulin","floor":6,"turns":11},{"damage":37,"enemies":"Gremlin Nob","floor":8,"turns":3}],"seed_played":"-2024082714697868805","potions_obtained":[{"floor":3,"key":"SmokeBomb"},{"floor":6,"key":"Block Potion"}],"is_trial":false,"path_per_floor":["M","?","M","M","?","E","R","E"],"character_chosen":"THE_SILENT","items_purchased":[],"campfire_rested":1,"item_purchase_floors":[],"current_hp_per_floor":[63,63,63,63,68,4,26,0],"gold":173,"neow_bonus":"THREE_ENEMY_KILL","is_prod":false,"is_daily":false,"chose_seed":false,"campfire_upgraded":0,"win_rate":0,"timestamp":1562262579,"path_taken":["M","?","M","?","?","E","R","E"],"build_version":"2019-07-01","purchased_purges":0,"victory":false,"max_hp_per_floor":[70,70,70,70,75,75,75,75],"card_choices":[{"not_picked":["Underhanded Strike","Backflip"],"picked":"Flying Knee","floor":1},{"not_picked":["Blur","Reflex"],"picked":"Backstab","floor":3},{"not_picked":["Underhanded Strike","Dodge and Roll"],"picked":"Escape Plan","floor":4},{"not_picked":["Storm of Steel","Deadly Poison"],"picked":"Cloak And Dagger","floor":6}],"player_experience":639622,"relics_obtained":[{"floor":6,"key":"Bottled Lightning"}],"event_choices":[{"damage_healed":0,"gold_gain":0,"player_choice":"Cursed","damage_taken":0,"max_hp_gain":0,"max_hp_loss":0,"event_name":"Wheel of Change","floor":2,"gold_loss":0,"cards_obtained":["Decay"]},{"damage_healed":0,"gold_gain":0,"player_choice":"Donut","damage_taken":0,"max_hp_gain":5,"max_hp_loss":0,"event_name":"Big Fish","floor":5,"gold_loss":0}],"is_beta":false,"boss_relics":[],"items_purged_floors":[],"is_endless":false,"potions_floor_spawned":[3,6],"killed_by":"Gremlin Nob","ascension_level":11}