{"gold_per_floor":[368,381,393,5,20,20,55,55,55,82,96,126,152,152,152,249,249,269,269,282,43,43,43,72,83,106,106],"floor_reached":27,"playtime":984,"items_purged":["Strike_B"],"score":425,"play_id":"23de0285-387a-453b-b85a-058638f41352","local_time":"20190611220726","is_ascension_mode":true,"campfire_choices":[{"floor":6.0,"key":"REST"},{"data":"Defragment","floor":8.0,"key":"SMITH"},{"data":"1","floor":15.0,"key":"LIFT"},{"data":"Biased Cognition","floor":23,"key":"SMITH"}],"neow_cost":"PERCENT_DAMAGE","seed_source_timestamp":0,"circlet_count":0,"master_deck":["Strike_B","Strike_B","Strike_B","Defend_B+1","Defend_B","Defend_B","Defend_B","Zap","Dualcast+1","Hello World","Auto Shields","Gash+1","Glacier","Defragment+1","Cold Snap+1","Creative AI","Reinforced Body","Parasite","Biased Cognition+1","Glacier","Consume","Genetic Algorithm+1","Turbo"],"special_seed":0,"relics":["Cracked Core","Molten Egg 2","Du-Vu Doll","Girya","Ice Cream","War Paint","Coffee Dripper","Pear","Ancient Tea Set","Happy Flower"],"potions_floor_usage":[27],"damage_taken":[{"damage":7.0,"enemies":"Jaw Worm","floor":1.0,"turns":4.0},{"damage":10.0,"enemies":"Small Slimes","floor":2.0,"turns":3.0},{"damage":1.0,"enemies":"Cultist","floor":3.0,"turns":3.0},{"damage":4.0,"enemies":"Red Slaver","floor":5.0,"turns":4.0},{"damage":12.0,"enemies":"3 Sentries","floor":7.0,"turns":10.0},{"damage":19.0,"enemies":"Gremlin Nob","floor":10.0,"turns":4.0},{"damage":3.0,"enemies":"Blue Slaver","floor":11.0,"turns":5.0},{"damage":0.0,"enemies":"Lagavulin","floor":13.0,"turns":8.0},{"damage":19.0,"enemies":"The Guardian","floor":16.0,"turns":13.0},{"damage":23,"enemies":"Chosen","floor":18,"turns":5},{"damage":3,"enemies":"Shell Parasite","floor":20,"turns":7},{"damage":11,"enemies":"Book of Stabbing","floor":24,"turns":7},{"damage":7,"enemies":"Snecko","floor":25,"turns":7},{"damage":14,"enemies":"Gremlin Leader","floor":27,"turns":1}],"seed_played":"2831818117864879424","potions_obtained":[{"floor":1.0,"key":"GamblersBrew"},{"floor":2.0,"key":"Energy Potion"},{"floor":7.0,"key":"SkillPotion"},{"floor":11.0,"key":"FearPotion"},{"floor":16.0,"key":"Poison Potion"}],"is_trial":false,"path_per_floor":["M","M","M","$","M","R","E","R","T","E","M","?","E","?","R","B",null,"M","?","M","$","?","R","E","M","T","E"],"character_chosen":"DEFECT","items_purchased":["Molten Egg 2","Gash+1","Pear"],"campfire_rested":1,"item_purchase_floors":[4,4,21],"current_hp_per_floor":[43,33,32,32,28,50,38,38,38,19,16,16,16,34,34,15,60,37,37,34,44,28,28,17,10,10,0],"gold":106,"neow_bonus":"TWO_FIFTY_GOLD","is_prod":false,"is_daily":false,"chose_seed":false,"campfire_upgraded":2,"win_rate":0,"timestamp":1560305246,"path_taken":["M","M","M","$","M","R","E","R","T","E","M","?","E","?","R","BOSS","M","?","?","$","?","R","E","M","T","E"],"build_version":"2019-01-23","purchased_purges":1,"victory":false,"max_hp_per_floor":[75,75,75,75,75,75,75,75,75,75,75,75,75,75,75,75,75,75,75,75,85,90,90,90,90,90,90],"card_choices":[{"not_picked":["Consume","Reprogram"],"picked":"Hello World","floor":1.0},{"not_picked":["Turbo","Steam","Aggregate"],"picked":"SKIP","floor":2.0},{"not_picked":["Gash","Stack"],"picked":"Auto Shields","floor":3.0},{"not_picked":["Beam Cell+1","Leap"],"picked":"Glacier","floor":5.0},{"not_picked":["Compile Driver+1","Sweeping Beam+1"],"picked":"Defragment","floor":7.0},{"not_picked":["Beam Cell+1","Go for the Eyes+1"],"picked":"Cold Snap+1","floor":10.0},{"not_picked":["Reprogram","Loop"],"picked":"Creative AI","floor":11.0},{"not_picked":["Meteor Strike+1","Barrage+1"],"picked":"Reinforced Body","floor":13.0},{"not_picked":["Multi-Cast","Core Surge+1"],"picked":"Biased Cognition","floor":16.0},{"not_picked":["Aggregate+1","Rebound+1","Sweeping Beam+1"],"picked":"SKIP","floor":18},{"not_picked":["Hologram","Barrage+1"],"picked":"Consume","floor":20},{"not_picked":["Conserve Battery","Compile Driver+1"],"picked":"Genetic Algorithm+1","floor":24},{"not_picked":["Recycle","Skim"],"picked":"Turbo","floor":25}],"player_experience":612868,"relics_obtained":[{"floor":7.0,"key":"Du-Vu Doll"},{"floor":9.0,"key":"Girya"},{"floor":10.0,"key":"Ice Cream"},{"floor":13.0,"key":"War Paint"},{"floor":24,"key":"Ancient Tea Set"},{"floor":26,"key":"Happy Flower"}],"event_choices":[{"damage_healed":0.0,"max_hp_gain":0.0,"max_hp_loss":0.0,"gold_gain":30.0,"event_name":"Dead Adventurer","player_choice":"Searched \u00271\u0027 times","floor":12.0,"gold_loss":0.0,"damage_taken":0.0},{"damage_healed":18.0,"max_hp_gain":0.0,"max_hp_loss":0.0,"gold_gain":0.0,"event_name":"Mushrooms","player_choice":"Healed and dodged fight","floor":14.0,"gold_loss":0.0,"damage_taken":0.0,"cards_obtained":["Parasite"]},{"damage_healed":0,"gold_gain":0,"player_choice":"Copied","damage_taken":0,"max_hp_gain":0,"max_hp_loss":0,"event_name":"Duplicator","floor":19,"gold_loss":0,"cards_obtained":["Glacier"]},{"damage_healed":0,"gold_gain":0,"player_choice":"Shed Blood","damage_taken":21,"max_hp_gain":5,"max_hp_loss":0,"event_name":"Forgotten Altar","floor":22,"gold_loss":0}],"is_beta":false,"boss_relics":[{"not_picked":["Busted Crown","Runic Dome"],"picked":"Coffee Dripper"}],"items_purged_floors":[4],"is_endless":false,"potions_floor_spawned":[1,2,7,11,16,24,25],"killed_by":"Gremlin Leader","ascension_level":9}