{"gold_per_floor":[118,130,130,141,155,181,181,210,285,299,299,312,341,341],"floor_reached":14,"playtime":750,"items_purged":[],"score":129,"play_id":"cb5c07c2-ce29-4614-8e92-45004c15225b","local_time":"20190603200703","is_ascension_mode":true,"campfire_choices":[{"floor":7,"key":"REST"},{"data":"Metallicize","floor":11,"key":"SMITH"}],"neow_cost":"NONE","seed_source_timestamp":243125555334603,"circlet_count":0,"master_deck":["Strike_R","Strike_R","Strike_R","Strike_R","Strike_R","Defend_R","Defend_R","Defend_R","Defend_R","Bash","Flex","Heavy Blade","Jack Of All Trades","Ghostly Armor","Metallicize+1","Flame Barrier","Impervious","Pommel Strike","Sentinel"],"relics":["Burning Blood","NeowsBlessing","Dream Catcher","Unceasing Top","Dodecahedron","Centennial Puzzle"],"potions_floor_usage":[6,6,13],"damage_taken":[{"damage":0,"enemies":"2 Louse","floor":1,"turns":1},{"damage":0,"enemies":"Cultist","floor":2,"turns":1},{"damage":0,"enemies":"Jaw Worm","floor":4,"turns":1},{"damage":29,"enemies":"3 Louse","floor":5,"turns":4},{"damage":46,"enemies":"Lagavulin","floor":6,"turns":7},{"damage":19,"enemies":"3 Sentries","floor":8,"turns":9},{"damage":6,"enemies":"Red Slaver","floor":10,"turns":5},{"damage":0,"enemies":"Blue Slaver","floor":12,"turns":5},{"damage":27,"enemies":"Lagavulin","floor":13,"turns":11},{"damage":13,"enemies":"Large Slime","floor":14,"turns":5}],"seed_played":"-6323071898680459143","potions_obtained":[{"floor":2,"key":"Energy Potion"},{"floor":5,"key":"GamblersBrew"},{"floor":12,"key":"SkillPotion"},{"floor":13,"key":"Block Potion"}],"is_trial":false,"path_per_floor":["M","M","?","M","M","E","R","E","T","M","R","M","E","M"],"character_chosen":"IRONCLAD","items_purchased":[],"campfire_rested":1,"item_purchase_floors":[],"current_hp_per_floor":[80,80,80,80,57,17,41,28,28,28,28,34,13,0],"gold":341,"neow_bonus":"THREE_ENEMY_KILL","is_prod":false,"is_daily":false,"chose_seed":false,"campfire_upgraded":1,"win_rate":0,"timestamp":1559610423,"path_taken":["M","M","?","?","M","E","R","E","T","?","R","M","E","M"],"build_version":"2019-01-23","purchased_purges":0,"victory":false,"max_hp_per_floor":[80,80,80,80,80,80,80,80,80,80,80,80,80,80],"card_choices":[{"not_picked":["Clash","True Grit"],"picked":"Flex","floor":1},{"not_picked":["Headbutt","Sever Soul"],"picked":"Heavy Blade","floor":2},{"not_picked":["Iron Wave","Evolve","Heavy Blade"],"picked":"SKIP","floor":4},{"not_picked":["Warcry","Heavy Blade"],"picked":"Ghostly Armor","floor":5},{"not_picked":["Flex","Seeing Red"],"picked":"Metallicize","floor":6},{"not_picked":["Ghostly Armor","Fire Breathing"],"picked":"Flame Barrier","floor":7},{"not_picked":["True Grit","Burning Pact"],"picked":"Impervious","floor":8},{"not_picked":["Perfected Strike","Havoc","Sword Boomerang"],"picked":"SKIP","floor":10},{"not_picked":["Second Wind","Searing Blow"],"picked":"Pommel Strike","floor":12},{"not_picked":["Clothesline","Demon Form"],"picked":"Sentinel","floor":13}],"player_experience":67258,"relics_obtained":[{"floor":6,"key":"Dream Catcher"},{"floor":8,"key":"Unceasing Top"},{"floor":9,"key":"Dodecahedron"},{"floor":13,"key":"Centennial Puzzle"}],"event_choices":[{"damage_healed":0,"gold_gain":0,"player_choice":"1 cards matched","damage_taken":0,"max_hp_gain":0,"max_hp_loss":0,"event_name":"Match and Keep!","floor":3,"gold_loss":0,"cards_obtained":["Jack Of All Trades"]}],"is_beta":false,"boss_relics":[],"items_purged_floors":[],"is_endless":false,"potions_floor_spawned":[2,5,12,13],"killed_by":"Large Slime","ascension_level":3}