{"gold_per_floor":[112,5,5,25,40,40,0,27,27,39,39,64,74,224,224,224],"floor_reached":16,"playtime":991,"items_purged":[],"score":220,"play_id":"1e251175-a5e1-452a-b793-010b6e0282ad","local_time":"20190604165505","is_ascension_mode":true,"campfire_choices":[{"data":"Flying Knee","floor":6,"key":"SMITH"},{"floor":11,"key":"REST"},{"data":"Noxious Fumes","floor":15,"key":"SMITH"}],"neow_cost":"TEN_PERCENT_HP_LOSS","seed_source_timestamp":65958970602999,"circlet_count":0,"master_deck":["AscendersBane","Defend_G","Defend_G","Defend_G","Defend_G","Defend_G","Strike_G","Strike_G","Strike_G","Strike_G","Strike_G","Survivor","Neutralize","Deflect","Flying Knee+1","Footwork","Leg Sweep","Backstab","Noxious Fumes+1","Poisoned Stab","Crippling Poison","All Out Attack","Doubt"],"relics":["Ring of the Snake","Ice Cream","Matryoshka","Art of War","Boot","Darkstone Periapt"],"potions_floor_usage":[12,16,16],"damage_taken":[{"damage":3,"enemies":"Cultist","floor":1,"turns":5},{"damage":3,"enemies":"Small Slimes","floor":4,"turns":5},{"damage":2,"enemies":"Jaw Worm","floor":5,"turns":6},{"damage":0,"enemies":"Looter","floor":7,"turns":5},{"damage":18,"enemies":"3 Sentries","floor":8,"turns":15},{"damage":4,"enemies":"Lots of Slimes","floor":10,"turns":6},{"damage":18,"enemies":"Gremlin Nob","floor":12,"turns":4},{"damage":0,"enemies":"2 Fungi Beasts","floor":13,"turns":3},{"damage":26,"enemies":"Slime Boss","floor":16,"turns":9}],"seed_played":"7373728096950068621","potions_obtained":[{"floor":5,"key":"SpeedPotion"},{"floor":12,"key":"Dexterity Potion"},{"floor":13,"key":"SkillPotion"}],"is_trial":false,"path_per_floor":["M","$","?","M","M","R","M","E","T","M","R","E","M","?","R","B"],"character_chosen":"THE_SILENT","items_purchased":["Flying Knee","Fire Potion"],"campfire_rested":1,"item_purchase_floors":[2,2],"current_hp_per_floor":[56,56,47,44,42,42,42,24,24,20,38,20,20,26,26,0],"gold":224,"neow_bonus":"ONE_RARE_RELIC","is_prod":false,"is_daily":false,"chose_seed":false,"campfire_upgraded":2,"win_rate":0,"timestamp":1559681705,"path_taken":["M","$","?","?","?","R","M","E","T","M","R","E","M","?","R","BOSS"],"build_version":"2019-01-23","purchased_purges":0,"victory":false,"max_hp_per_floor":[60,60,60,60,60,60,60,60,60,60,60,60,60,66,66,66],"card_choices":[{"not_picked":["Slice","Backflip"],"picked":"Deflect","floor":1},{"not_picked":["Reflex","Sucker Punch"],"picked":"Footwork","floor":4},{"not_picked":["Finisher","Caltrops"],"picked":"Leg Sweep","floor":5},{"not_picked":["Backflip","Bane"],"picked":"Backstab","floor":7},{"not_picked":["Tactician","Quick Slash"],"picked":"Noxious Fumes","floor":8},{"not_picked":["Deflect","Tactician"],"picked":"Poisoned Stab","floor":10},{"not_picked":["Deadly Poison","Dodge and Roll"],"picked":"Crippling Poison","floor":12},{"not_picked":["Tactician","Dash"],"picked":"All Out Attack","floor":13}],"player_experience":2069862,"relics_obtained":[{"floor":8,"key":"Matryoshka"},{"floor":9,"key":"Art of War"},{"floor":9,"key":"Boot"},{"floor":12,"key":"Darkstone Periapt"}],"event_choices":[{"damage_healed":0,"gold_gain":0,"player_choice":"Damaged","damage_taken":9,"max_hp_gain":0,"max_hp_loss":0,"event_name":"Wheel of Change","floor":3,"gold_loss":0},{"damage_healed":0,"gold_gain":150,"player_choice":"AGREE","damage_taken":0,"max_hp_gain":0,"max_hp_loss":0,"event_name":"Liars Game","floor":14,"gold_loss":0,"cards_obtained":["Doubt"]}],"is_beta":false,"boss_relics":[],"items_purged_floors":[],"is_endless":false,"potions_floor_spawned":[5,12,13],"killed_by":"Slime Boss","ascension_level":20}