{"gold_per_floor":[17,37,112,126,126,160,160,160,160,3,21,37,37,37,37,134,134,134,134,89,89,89,89,89,89,89,89,89,89,89,89,89,89,89,89,89,89,14,14,14,14,14,14,14,14,14,14,14,14,14,14,14,14,14],"floor_reached":54,"playtime":7645,"items_purged":["Writhe"],"score":664,"play_id":"376274c3-4296-43f4-8dfa-b03b2ed8ca84","local_time":"20190701203719","is_ascension_mode":false,"campfire_choices":[{"floor":8.0,"key":"REST"},{"floor":13.0,"key":"REST"},{"data":"Armaments","floor":15.0,"key":"SMITH"},{"data":"Armaments","floor":25.0,"key":"SMITH"},{"data":"Barricade","floor":28.0,"key":"SMITH"},{"floor":32.0,"key":"REST"},{"data":"Blind","floor":40.0,"key":"SMITH"},{"floor":46.0,"key":"RECALL"},{"floor":49.0,"key":"REST"},{"data":"Ghostly Armor","floor":52,"key":"SMITH"}],"neow_cost":"NO_GOLD","seed_source_timestamp":0,"circlet_count":0,"master_deck":["Strike_R","Strike_R","Strike_R","Strike_R","Defend_R+1","Defend_R","Defend_R","Defend_R","Bash","Deep Breath","Finesse+1","Armaments+1","Flex","Armaments+1","Blood for Blood","Perfected Strike","Headbutt","Barricade+1","Anger+1","Clothesline","Rampage","Rampage+1","Reaper+1","Shrug It Off+1","Offering","Body Slam+1","Body Slam+1","Blind+1","Dual Wield+1","Ghostly Armor+1","Perfected Strike+1"],"special_seed":0,"relics":["Burning Blood","Mercury Hourglass","Letter Opener","Mummified Hand","Happy Flower","Ectoplasm","Centennial Puzzle","Molten Egg 2","Anchor","Philosopher\u0027s Stone","Torii","War Paint","Pen Nib"],"potions_floor_usage":[50,50],"damage_taken":[{"damage":7.0,"enemies":"Jaw Worm","floor":1.0,"turns":5.0},{"damage":8.0,"enemies":"2 Louse","floor":2.0,"turns":4.0},{"damage":0.0,"enemies":"Cultist","floor":4.0,"turns":4.0},{"damage":41.0,"enemies":"Lagavulin","floor":6.0,"turns":15.0},{"damage":5.0,"enemies":"3 Louse","floor":11.0,"turns":3.0},{"damage":0.0,"enemies":"Blue Slaver","floor":12.0,"turns":3.0},{"damage":17.0,"enemies":"Slime Boss","floor":16.0,"turns":9.0},{"damage":12.0,"enemies":"Shell Parasite","floor":18.0,"turns":5.0},{"damage":3.0,"enemies":"Chosen","floor":21.0,"turns":3.0},{"damage":23.0,"enemies":"3 Cultists","floor":24.0,"turns":5.0},{"damage":6.0,"enemies":"Snake Plant","floor":29.0,"turns":2.0},{"damage":18.0,"enemies":"Shelled Parasite and Fungi","floor":30.0,"turns":6.0},{"damage":19.0,"enemies":"Centurion and Healer","floor":31.0,"turns":5.0},{"damage":0.0,"enemies":"Collector","floor":33.0,"turns":15.0},{"damage":6.0,"enemies":"Orb Walker","floor":35.0,"turns":2.0},{"damage":11.0,"enemies":"3 Darklings","floor":36.0,"turns":4.0},{"damage":6.0,"enemies":"Mind Bloom Boss Battle","floor":39.0,"turns":7.0},{"damage":24.0,"enemies":"Maw","floor":41.0,"turns":7.0},{"damage":13.0,"enemies":"Sphere and 2 Shapes","floor":45.0,"turns":5.0},{"damage":0.0,"enemies":"Spire Growth","floor":47.0,"turns":4.0},{"damage":1.0,"enemies":"4 Shapes","floor":48.0,"turns":2.0},{"damage":66,"enemies":"Awakened One","floor":50,"turns":10},{"damage":85,"enemies":"Shield and Spear","floor":54,"turns":3}],"seed_played":"3442471361700184619","potions_obtained":[{"floor":2.0,"key":"PowerPotion"},{"floor":4.0,"key":"LiquidBronze"},{"floor":11.0,"key":"Swift Potion"},{"floor":16.0,"key":"PowerPotion"},{"floor":18.0,"key":"PowerPotion"},{"floor":29.0,"key":"EssenceOfSteel"},{"floor":33.0,"key":"Regen Potion"},{"floor":35.0,"key":"SkillPotion"},{"floor":47.0,"key":"Poison Potion"},{"floor":48.0,"key":"Fruit Juice"}],"is_trial":false,"path_per_floor":["M","M","?","M","?","E","?","R","T","$","M","M","R","$","R","B",null,"M","?","$","M","$","?","M","R","T","T","R","M","M","M","R","B",null,"M","M","?","$","?","R","M","T","T","$","M","R","M","M","R","B",null,"R","$","E"],"character_chosen":"IRONCLAD","items_purchased":["Happy Flower","Clothesline"],"campfire_rested":4,"item_purchase_floors":[10,20],"current_hp_per_floor":[79,77,66,72,65,30,12,36,36,36,37,43,67,67,67,56,80,74,74,74,77,77,77,60,60,60,60,60,60,55,47,71,80,80,80,75,75,75,80,80,68,68,68,68,61,61,67,77,85,37,85,85,85,0],"gold":14,"neow_bonus":"RANDOM_COLORLESS_2","is_prod":false,"is_daily":false,"chose_seed":false,"campfire_upgraded":5,"win_rate":0,"timestamp":1562006239,"path_taken":["M","M","?","M","?","E","?","R","T","?","M","M","R","$","R","BOSS","M","?","?","M","$","?","M","R","T","?","R","M","M","?","R","BOSS","M","M","?","$","?","R","M","?","T","?","M","R","?","M","R","BOSS","R","$","E"],"build_version":"2019-01-23","purchased_purges":1,"victory":false,"max_hp_per_floor":[80,80,80,80,80,80,80,80,80,80,80,80,80,80,80,80,80,80,80,80,80,80,80,80,80,80,80,80,80,80,80,80,80,80,80,80,80,80,80,80,80,80,80,80,80,80,80,85,85,85,85,85,85,85],"card_choices":[{"not_picked":["Spot Weakness","True Grit"],"picked":"Armaments","floor":1.0},{"not_picked":["Clash","Iron Wave"],"picked":"Flex","floor":2.0},{"not_picked":["Shockwave","Infernal Blade"],"picked":"Armaments","floor":4.0},{"not_picked":["Clothesline","Intimidate"],"picked":"Blood for Blood","floor":6.0},{"not_picked":["Clash","Armaments"],"picked":"Perfected Strike","floor":11.0},{"not_picked":["Bloodletting","Pummel"],"picked":"Headbutt","floor":12.0},{"not_picked":["Brutality","Fiend Fire"],"picked":"Barricade","floor":16.0},{"not_picked":["Rupture+1","Cleave"],"picked":"Anger+1","floor":18.0},{"not_picked":["Anger","Sword Boomerang"],"picked":"Rampage","floor":21.0},{"not_picked":["Armaments","Anger+1"],"picked":"Rampage+1","floor":24.0},{"not_picked":["Twin Strike+1","Armaments"],"picked":"Reaper+1","floor":29.0},{"not_picked":["Flex","Sword Boomerang+1","Clash+1"],"picked":"SKIP","floor":30.0},{"not_picked":["Clothesline+1","Rupture"],"picked":"Shrug It Off+1","floor":31.0},{"not_picked":["Fiend Fire+1","Brutality"],"picked":"Offering","floor":33.0},{"not_picked":["Clash+1","Headbutt+1"],"picked":"Body Slam+1","floor":35.0},{"not_picked":["Rupture","Second Wind"],"picked":"Body Slam+1","floor":36.0},{"not_picked":["Flash of Steel+1","HandOfGreed+1"],"picked":"Blind","floor":37.0},{"not_picked":["Feel No Pain","Warcry+1"],"picked":"Dual Wield+1","floor":41.0},{"not_picked":["Seeing Red","Clothesline+1"],"picked":"Ghostly Armor","floor":45.0},{"not_picked":["Rampage+1","Uppercut+1"],"picked":"Perfected Strike+1","floor":47.0},{"not_picked":["Cleave+1","Dual Wield+1","Second Wind+1"],"picked":"SKIP","floor":48.0}],"player_experience":93847,"relics_obtained":[{"floor":6.0,"key":"Mercury Hourglass"},{"floor":9.0,"key":"Mummified Hand"},{"floor":26.0,"key":"Anchor"},{"floor":39.0,"key":"Torii"},{"floor":42.0,"key":"War Paint"},{"floor":43.0,"key":"Pen Nib"}],"event_choices":[{"damage_healed":0.0,"max_hp_gain":0.0,"max_hp_loss":0.0,"gold_gain":75.0,"event_name":"World of Goop","player_choice":"Gather Gold","floor":3.0,"gold_loss":0.0,"damage_taken":11.0},{"cards_removed":["Strike_R"],"damage_healed":0.0,"max_hp_gain":0.0,"max_hp_loss":0.0,"gold_gain":0.0,"event_name":"Golden Wing","player_choice":"Card Removal","floor":5.0,"gold_loss":0.0,"damage_taken":7.0},{"damage_healed":0.0,"max_hp_gain":0.0,"max_hp_loss":0.0,"gold_gain":0.0,"event_name":"Scrap Ooze","player_choice":"Success","floor":7.0,"gold_loss":0.0,"damage_taken":18.0,"relics_obtained":["Letter Opener"]},{"damage_healed":0.0,"max_hp_gain":0.0,"max_hp_loss":0.0,"gold_gain":0.0,"event_name":"WeMeetAgain","player_choice":"Gave Potion","floor":19.0,"gold_loss":0.0,"damage_taken":0.0,"relics_obtained":["Centennial Puzzle"]},{"damage_healed":0.0,"max_hp_gain":0.0,"max_hp_loss":0.0,"gold_gain":0.0,"event_name":"The Mausoleum","player_choice":"Opened","floor":23.0,"gold_loss":0.0,"damage_taken":0.0,"relics_obtained":["Molten Egg 2"],"cards_obtained":["Writhe"]},{"damage_healed":0.0,"max_hp_gain":0.0,"max_hp_loss":0.0,"gold_gain":0.0,"event_name":"SensoryStone","player_choice":"Memory 1","floor":37.0,"gold_loss":0.0,"damage_taken":0.0},{"damage_healed":0.0,"max_hp_gain":0.0,"max_hp_loss":0.0,"gold_gain":0.0,"event_name":"MindBloom","player_choice":"Fight","floor":39.0,"gold_loss":0.0,"damage_taken":0.0}],"is_beta":false,"boss_relics":[{"not_picked":["Runic Cube","Coffee Dripper"],"picked":"Ectoplasm"},{"not_picked":["Black Blood","Fusion Hammer"],"picked":"Philosopher\u0027s Stone"}],"items_purged_floors":[38],"is_endless":false,"potions_floor_spawned":[2,4,11,16,18,29,33,35,47,48],"killed_by":"Shield and Spear","ascension_level":0}