{"gold_per_floor":[19,36,36,50,60,60,94,94,94,109,143,162,19,45,45,45],"floor_reached":16,"playtime":559,"items_purged":[],"score":178,"play_id":"c00c6fab-15c2-4cfe-9622-c23c1b7b5ea1","local_time":"20190818184442","is_ascension_mode":true,"campfire_choices":[{"data":"Wild Strike","floor":6,"key":"SMITH"},{"data":"Whirlwind","floor":8,"key":"SMITH"},{"floor":15,"key":"REST"}],"neow_cost":"NO_GOLD","seed_source_timestamp":556798004753064,"circlet_count":0,"master_deck":["Strike_R","Strike_R","Strike_R","Strike_R","Strike_R","Defend_R","Defend_R","Defend_R","Defend_R","Bash+1","Clothesline","Shrug It Off","Heavy Blade","Wild Strike+1","Whirlwind+1","Perfected Strike","True Grit"],"relics":["Burning Blood","Strawberry","Singing Bowl","Nunchaku","Bag of Marbles","Darkstone Periapt"],"potions_floor_usage":[5,7,11],"damage_taken":[{"damage":6,"enemies":"2 Louse","floor":1,"turns":3},{"damage":4,"enemies":"Cultist","floor":2,"turns":3},{"damage":1,"enemies":"Jaw Worm","floor":4,"turns":3},{"damage":36,"enemies":"Exordium Wildlife","floor":5,"turns":7},{"damage":42,"enemies":"3 Sentries","floor":7,"turns":8},{"damage":2,"enemies":"Red Slaver","floor":10,"turns":4},{"damage":18,"enemies":"Gremlin Nob","floor":11,"turns":3},{"damage":9,"enemies":"Looter","floor":12,"turns":4},{"damage":27,"enemies":"Lagavulin","floor":14,"turns":7},{"damage":42,"enemies":"Hexaghost","floor":16,"turns":9}],"seed_played":"-842277398702789125","potions_obtained":[{"floor":2,"key":"Block Potion"},{"floor":5,"key":"LiquidBronze"},{"floor":10,"key":"PowerPotion"},{"floor":12,"key":"Swift Potion"},{"floor":14,"key":"SpeedPotion"}],"is_trial":false,"path_per_floor":["M","M","?","M","M","R","E","R","T","M","E","M","$","E","R","B"],"character_chosen":"IRONCLAD","items_purchased":["Bag of Marbles"],"campfire_rested":1,"item_purchase_floors":[13],"current_hp_per_floor":[96,96,96,96,66,66,37,37,37,41,29,28,28,9,41,0],"gold":45,"neow_bonus":"TWENTY_PERCENT_HP_BONUS","is_prod":false,"is_daily":false,"chose_seed":false,"campfire_upgraded":2,"win_rate":0,"timestamp":1566171882,"path_taken":["M","M","?","M","?","R","E","R","T","M","E","M","$","E","R","BOSS"],"build_version":"2019-07-17","purchased_purges":0,"victory":false,"max_hp_per_floor":[96,96,96,96,96,96,103,103,103,103,103,105,105,107,107,107],"card_choices":[{"not_picked":["Headbutt","Body Slam"],"picked":"Clothesline","floor":1},{"not_picked":["Thunderclap","Warcry"],"picked":"Shrug It Off","floor":2},{"not_picked":["Limit Break","Power Through"],"picked":"Heavy Blade","floor":4},{"not_picked":["Power Through","Anger"],"picked":"Wild Strike","floor":5},{"not_picked":["Spot Weakness","Juggernaut"],"picked":"Whirlwind","floor":7},{"not_picked":["Wild Strike","Dual Wield"],"picked":"Perfected Strike","floor":10},{"not_picked":["Perfected Strike","Sword Boomerang"],"picked":"True Grit","floor":11},{"not_picked":["Twin Strike","Burning Pact","Sever Soul"],"picked":"Singing Bowl","floor":12},{"not_picked":["Warcry","Sword Boomerang","Intimidate"],"picked":"Singing Bowl","floor":14}],"player_experience":170418,"relics_obtained":[{"floor":7,"key":"Strawberry"},{"floor":9,"key":"Singing Bowl"},{"floor":11,"key":"Nunchaku"},{"floor":14,"key":"Darkstone Periapt"}],"event_choices":[{"damage_healed":0,"gold_gain":0,"player_choice":"Upgraded","damage_taken":0,"max_hp_gain":0,"max_hp_loss":0,"event_name":"Upgrade Shrine","floor":3,"gold_loss":0,"cards_upgraded":["Bash"]}],"is_beta":false,"boss_relics":[],"items_purged_floors":[],"is_endless":false,"potions_floor_spawned":[2,5,10,12,14],"killed_by":"Hexaghost","ascension_level":5}