{"gold_per_floor":[116,133,133,48,48,48,65,94,165,165,179,195,195,208,208,313,313,328,328,378,393,413,413,423,437,463,479,260,260,277,94,94,199,199,211,230,241,27,27,27,41,41,41,41,52,66,66,0,0,0],"floor_reached":51,"playtime":3103,"items_purged":["Strike_B"],"score":889,"play_id":"c0983b91-4903-459d-9a2a-6613fadb1e80","local_time":"20190819002355","is_ascension_mode":true,"campfire_choices":[{"floor":6.0,"key":"REST"},{"data":"Conserve Battery","floor":10.0,"key":"SMITH"},{"floor":13.0,"key":"REST"},{"data":"Coolheaded","floor":15.0,"key":"SMITH"},{"floor":23.0,"key":"REST"},{"floor":32,"key":"REST"},{"floor":40,"key":"REST"},{"floor":42,"key":"REST"},{"floor":44,"key":"REST"},{"data":"Capacitor","floor":47,"key":"SMITH"},{"floor":49,"key":"REST"}],"neow_cost":"","seed_source_timestamp":0,"circlet_count":0,"master_deck":["Defend_B","Defend_B","Defend_B","Defend_B","Zap+1","Dualcast+1","Ball Lightning","Cold Snap","Ball Lightning","Conserve Battery+1","Melter+1","Go for the Eyes+1","Coolheaded+1","Machine Learning","Conserve Battery+1","Writhe","Go for the Eyes","Redo+1","Cold Snap","Cold Snap","Biased Cognition+1","Go for the Eyes+1","Reinforced Body","Genetic Algorithm+1","Static Discharge+1","Barrage+1","Cold Snap+1","Go for the Eyes+1","Capacitor+1","Compile Driver+1","All For One"],"special_seed":0,"relics":["Cracked Core","Vajra","Cables","Sozu","PreservedInsect","Whetstone","Art of War","Oddly Smooth Stone","Astrolabe","Bronze Scales","Toxic Egg 2","Red Mask"],"potions_floor_usage":[],"damage_taken":[{"damage":1.0,"enemies":"Cultist","floor":1.0,"turns":3.0},{"damage":3.0,"enemies":"2 Louse","floor":2.0,"turns":3.0},{"damage":0.0,"enemies":"Small Slimes","floor":7.0,"turns":2.0},{"damage":11.0,"enemies":"Gremlin Nob","floor":8.0,"turns":3.0},{"damage":4.0,"enemies":"Exordium Thugs","floor":11.0,"turns":3.0},{"damage":0.0,"enemies":"Blue Slaver","floor":12.0,"turns":2.0},{"damage":1.0,"enemies":"Looter","floor":14.0,"turns":2.0},{"damage":6.0,"enemies":"Slime Boss","floor":16.0,"turns":7.0},{"damage":20.0,"enemies":"2 Thieves","floor":18.0,"turns":3.0},{"damage":0.0,"enemies":"Shell Parasite","floor":21.0,"turns":5.0},{"damage":18.0,"enemies":"Cultist and Chosen","floor":22.0,"turns":6.0},{"damage":3.0,"enemies":"Centurion and Healer","floor":24.0,"turns":7.0},{"damage":8.0,"enemies":"Snecko","floor":25.0,"turns":4.0},{"damage":26.0,"enemies":"Snake Plant","floor":27.0,"turns":4.0},{"damage":7.0,"enemies":"Centurion and Healer","floor":30.0,"turns":5.0},{"damage":19,"enemies":"Champ","floor":33,"turns":14},{"damage":0,"enemies":"Orb Walker","floor":35,"turns":4},{"damage":14,"enemies":"3 Darklings","floor":36,"turns":6},{"damage":6,"enemies":"Maw","floor":37,"turns":11},{"damage":32,"enemies":"Sphere and 2 Shapes","floor":41,"turns":5},{"damage":6,"enemies":"Jaw Worm Horde","floor":45,"turns":5},{"damage":14,"enemies":"Maw","floor":46,"turns":7},{"damage":66,"enemies":"Donu and Deca","floor":50,"turns":13}],"seed_played":"-7082647932260711711","potions_obtained":[{"floor":2.0,"key":"Poison Potion"},{"floor":7.0,"key":"Weak Potion"},{"floor":11.0,"key":"SkillPotion"},{"floor":16.0,"key":"FearPotion"}],"is_trial":true,"path_per_floor":["M","M","?","$","?","R","M","E","T","R","M","M","R","M","R","B",null,"M","?","?","M","M","R","M","M","T","M","$","?","M","$","R","B",null,"M","M","M","$","?","R","M","R","T","R","M","M","R","?","R","B",null],"character_chosen":"DEFECT","items_purchased":["Sunder","Cold Snap","Art of War","Reinforced Body","Oddly Smooth Stone","Bronze Scales","Capacitor"],"campfire_rested":8,"item_purchase_floors":[4,4,28,31,31,38,38],"current_hp_per_floor":[67,64,57,57,42,64,64,53,53,53,49,49,71,70,70,64,72,52,52,52,52,34,56,53,45,45,19,19,19,12,12,34,15,60,60,46,40,40,40,62,30,52,52,74,68,54,54,54,75,9],"gold":0,"neow_bonus":"","is_prod":false,"is_daily":false,"chose_seed":false,"campfire_upgraded":3,"win_rate":0,"timestamp":1566170635,"path_taken":["M","M","?","$","?","R","M","E","T","R","M","M","R","M","R","BOSS","M","?","?","?","M","R","M","M","T","M","$","?","M","?","R","BOSS","M","M","M","$","?","R","M","R","T","R","M","M","R","?","R","BOSS"],"build_version":"2019-07-17","purchased_purges":1,"victory":true,"max_hp_per_floor":[75,75,75,75,75,75,75,75,75,75,75,75,75,75,75,75,75,75,75,75,75,75,75,75,75,75,75,75,75,75,75,75,75,75,75,75,75,75,75,75,75,75,75,75,75,75,75,75,75,75],"card_choices":[{"not_picked":["Barrage","Leap"],"picked":"Ball Lightning","floor":1.0},{"not_picked":["Streamline","Reprogram","Thunder Strike"],"picked":"SKIP","floor":2.0},{"not_picked":["Hologram","Barrage"],"picked":"Ball Lightning","floor":7.0},{"not_picked":["Hyperbeam","Compile Driver"],"picked":"Conserve Battery","floor":8.0},{"not_picked":["Hologram","Streamline"],"picked":"Melter","floor":11.0},{"not_picked":["Beam Cell","Buffer"],"picked":"Go for the Eyes","floor":12.0},{"not_picked":["Barrage","Rebound"],"picked":"Coolheaded","floor":14.0},{"not_picked":["Amplify","Core Surge"],"picked":"Machine Learning","floor":16.0},{"not_picked":["Loop","Auto Shields"],"picked":"Conserve Battery+1","floor":18.0},{"not_picked":["Capacitor","Stack+1"],"picked":"Go for the Eyes","floor":21.0},{"not_picked":["Barrage","Coolheaded"],"picked":"Redo+1","floor":22.0},{"not_picked":["Gash","Leap"],"picked":"Cold Snap","floor":24.0},{"not_picked":["Ball Lightning","Barrage"],"picked":"Cold Snap","floor":25.0},{"not_picked":["Coolheaded","Sweeping Beam"],"picked":"Biased Cognition","floor":27.0},{"not_picked":["Sweeping Beam","Steam"],"picked":"Go for the Eyes+1","floor":30.0},{"not_picked":["Redo+1","Turbo"],"picked":"Cold Snap+1","floor":35},{"not_picked":["Beam Cell+1","Barrage"],"picked":"Go for the Eyes+1","floor":36},{"not_picked":["Double Energy+1","Redo","Static Discharge"],"picked":"SKIP","floor":37},{"not_picked":["Steam+1","Conserve Battery","Go for the Eyes+1"],"picked":"SKIP","floor":41},{"not_picked":["Rebound","Streamline+1"],"picked":"Compile Driver+1","floor":45},{"not_picked":["Cold Snap","Gash+1"],"picked":"All For One","floor":46}],"player_experience":421307,"relics_obtained":[{"floor":8.0,"key":"Vajra"},{"floor":9.0,"key":"Cables"},{"floor":26.0,"key":"Whetstone"},{"floor":43,"key":"Toxic Egg 2"}],"event_choices":[{"cards_removed":["Strike_B"],"damage_healed":0.0,"max_hp_gain":0.0,"max_hp_loss":0.0,"gold_gain":0.0,"event_name":"Golden Wing","player_choice":"Card Removal","floor":3.0,"gold_loss":0.0,"damage_taken":7.0},{"damage_healed":0.0,"max_hp_gain":0.0,"max_hp_loss":0.0,"gold_gain":0.0,"event_name":"Shining Light","player_choice":"Entered Light","floor":5.0,"gold_loss":0.0,"damage_taken":15.0,"cards_upgraded":["Dualcast","Zap"]},{"damage_healed":0.0,"max_hp_gain":0.0,"max_hp_loss":0.0,"gold_gain":0.0,"event_name":"The Mausoleum","player_choice":"Opened","floor":19.0,"gold_loss":0.0,"damage_taken":0.0,"relics_obtained":["PreservedInsect"],"cards_obtained":["Writhe"]},{"damage_healed":0.0,"max_hp_gain":0.0,"max_hp_loss":0.0,"gold_gain":100.0,"event_name":"The Joust","player_choice":"Bet on Murderer","floor":20.0,"gold_loss":50.0,"damage_taken":0.0},{"damage_healed":0.0,"max_hp_gain":0.0,"max_hp_loss":0.0,"gold_gain":0.0,"event_name":"Upgrade Shrine","player_choice":"Upgraded","floor":29.0,"gold_loss":0.0,"damage_taken":0.0,"cards_upgraded":["Biased Cognition"]},{"damage_healed":0,"gold_gain":0,"player_choice":"Ignored","damage_taken":0,"max_hp_gain":0,"max_hp_loss":0,"event_name":"Mysterious Sphere","floor":39,"gold_loss":0},{"damage_healed":0,"gold_gain":0,"player_choice":"Paid","damage_taken":0,"relics_obtained":["Red Mask"],"max_hp_gain":0,"max_hp_loss":0,"event_name":"Tomb of Lord Red Mask","floor":48,"gold_loss":66}],"is_beta":false,"boss_relics":[{"not_picked":["Busted Crown","Lizard Tail"],"picked":"Sozu"},{"not_picked":["Calling Bell","FrozenCore"],"picked":"Astrolabe"}],"items_purged_floors":[28],"is_endless":false,"potions_floor_spawned":[2,7,11,16,25,30,33,35,36,37],"ascension_level":7}