{"gold_per_floor":[366,366,192,206,224,224,258,34,34,68,83,102,114,114,114,191,191,209,209,99,115,133,133],"floor_reached":23,"playtime":844,"items_purged":["Strike_B"],"score":376,"play_id":"8c8b2cc3-6bb2-4dec-bce0-5ad8c4c9d2d9","local_time":"20190727123146","is_ascension_mode":true,"campfire_choices":[{"data":"Static Discharge","floor":6,"key":"SMITH"},{"floor":15,"key":"REST"}],"neow_cost":"TEN_PERCENT_HP_LOSS","seed_source_timestamp":1516112067891520,"circlet_count":0,"master_deck":["AscendersBane","Defend_B","Defend_B","Defend_B+1","Defend_B","Zap+1","Dualcast","Compile Driver","Static Discharge+1","Ball Lightning","Coolheaded","Leap","Loop","Go for the Eyes","Hologram","Leap","Genetic Algorithm","Echo Form","Biased Cognition+1","Reinforced Body+1","Rainbow+1","Coolheaded+1","Chill","Doom and Gloom"],"relics":["Cracked Core","Ice Cream","Orichalcum","Mercury Hourglass","Ancient Tea Set","FaceOfCleric","Astrolabe","Ornamental Fan"],"potions_floor_usage":[11,22],"damage_taken":[{"damage":0,"enemies":"2 Louse","floor":1,"turns":2},{"damage":0,"enemies":"Cultist","floor":4,"turns":2},{"damage":2,"enemies":"Jaw Worm","floor":5,"turns":2},{"damage":27,"enemies":"Gremlin Nob","floor":7,"turns":4},{"damage":23,"enemies":"Lagavulin","floor":10,"turns":4},{"damage":0,"enemies":"Red Slaver","floor":11,"turns":2},{"damage":3,"enemies":"3 Louse","floor":12,"turns":3},{"damage":4,"enemies":"Lots of Slimes","floor":13,"turns":2},{"damage":7,"enemies":"Hexaghost","floor":16,"turns":9},{"damage":13,"enemies":"Spheric Guardian","floor":18,"turns":4},{"damage":14,"enemies":"Shell Parasite","floor":21,"turns":4},{"damage":12,"enemies":"Cultist and Chosen","floor":22,"turns":4},{"damage":46,"enemies":"Gremlin Leader","floor":23,"turns":7}],"seed_played":"-6007873583335397236","potions_obtained":[{"floor":5,"key":"Swift Potion"},{"floor":7,"key":"LiquidBronze"},{"floor":11,"key":"LiquidBronze"},{"floor":21,"key":"Regen Potion"},{"floor":22,"key":"FocusPotion"}],"is_trial":false,"path_per_floor":["M","?","$","M","M","R","E","$","T","E","M","M","M","?","R","B",null,"M","?","?","M","M","E"],"character_chosen":"DEFECT","items_purchased":["Static Discharge","Ball Lightning","Orichalcum","Go for the Eyes"],"campfire_rested":1,"item_purchase_floors":[3,3,8,8],"current_hp_per_floor":[64,64,64,64,62,62,35,35,35,12,12,9,5,5,24,18,53,41,41,41,28,29,0],"gold":133,"neow_bonus":"TWO_FIFTY_GOLD","is_prod":false,"is_daily":false,"chose_seed":false,"campfire_upgraded":1,"win_rate":0,"timestamp":1564248706,"path_taken":["M","?","$","M","M","R","E","$","T","E","M","?","M","?","R","BOSS","M","?","?","M","?","E"],"build_version":"2019-07-17","purchased_purges":1,"victory":false,"max_hp_per_floor":[64,64,64,64,64,64,64,64,64,64,64,64,64,64,64,65,65,66,66,66,67,68,68],"card_choices":[{"not_picked":["Hologram","Sweeping Beam"],"picked":"Compile Driver","floor":1},{"not_picked":["Melter","Barrage"],"picked":"Coolheaded","floor":4},{"not_picked":["Ball Lightning","Barrage"],"picked":"Leap","floor":5},{"not_picked":["Go for the Eyes","Darkness"],"picked":"Loop","floor":7},{"not_picked":["Barrage","Turbo","Heatsinks"],"picked":"SKIP","floor":10},{"not_picked":["Streamline","Rip and Tear"],"picked":"Hologram","floor":11},{"not_picked":["Skim","Rebound"],"picked":"Leap","floor":12},{"not_picked":["Redo","Sweeping Beam"],"picked":"Genetic Algorithm","floor":13},{"not_picked":["Amplify","Thunder Strike"],"picked":"Echo Form","floor":16},{"not_picked":["Ball Lightning","Steam"],"picked":"Coolheaded+1","floor":18},{"not_picked":["White Noise","Aggregate"],"picked":"Chill","floor":21},{"not_picked":["Storm","Turbo+1"],"picked":"Doom and Gloom","floor":22}],"player_experience":400353,"relics_obtained":[{"floor":7,"key":"Ice Cream"},{"floor":9,"key":"Mercury Hourglass"},{"floor":10,"key":"Ancient Tea Set"}],"event_choices":[{"damage_healed":0,"gold_gain":0,"player_choice":"Upgraded","damage_taken":0,"max_hp_gain":0,"max_hp_loss":0,"event_name":"Upgrade Shrine","floor":2,"gold_loss":0,"cards_upgraded":["Zap"]},{"damage_healed":0,"gold_gain":0,"player_choice":"Trade","damage_taken":0,"relics_obtained":["FaceOfCleric"],"max_hp_gain":0,"max_hp_loss":0,"event_name":"FaceTrader","floor":14,"gold_loss":0},{"damage_healed":0,"gold_gain":0,"player_choice":"Opened","damage_taken":0,"relics_obtained":["Ornamental Fan"],"max_hp_gain":0,"max_hp_loss":0,"event_name":"The Mausoleum","floor":19,"gold_loss":0,"cards_obtained":["Writhe"]},{"cards_removed":["Writhe"],"damage_healed":0,"gold_gain":0,"player_choice":"Upgrade and Remove","damage_taken":0,"max_hp_gain":0,"max_hp_loss":0,"event_name":"Designer","floor":20,"gold_loss":110,"cards_upgraded":["Defend_B"]}],"is_beta":false,"boss_relics":[{"not_picked":["Cursed Key","FrozenCore"],"picked":"Astrolabe"}],"items_purged_floors":[3],"is_endless":false,"potions_floor_spawned":[5,7,11,13,21,22],"killed_by":"Gremlin Leader","ascension_level":17}