{"gold_per_floor":[113,5,22,22,35,35,45,45,45,57,85,116,128,155,167,275,287,309,236,248,260,163,163,177,177,259,259],"floor_reached":27,"playtime":1487,"items_purged":["Strike_B"],"score":274,"play_id":"b4ae8f4b-874a-4599-a89e-09eff55125ec","local_time":"20190819130505","is_ascension_mode":true,"campfire_choices":[{"data":"Coolheaded","floor":6.0,"key":"SMITH"},{"data":"Loop","floor":8.0,"key":"SMITH"},{"floor":13.0,"key":"REST"},{"data":"Coolheaded","floor":15,"key":"SMITH"},{"floor":23,"key":"REST"},{"floor":25,"key":"REST"}],"neow_cost":"TEN_PERCENT_HP_LOSS","seed_source_timestamp":10304620529516,"circlet_count":0,"master_deck":["Defend_B","Defend_B","Defend_B","Defend_B","Zap","Dualcast","Loop+1","Sunder","Coolheaded+1","Cold Snap","Conserve Battery","Coolheaded+1","Buffer","Conserve Battery+1","FTL","Rebound"],"special_seed":0,"relics":["Cracked Core","MawBank","Lizard Tail","Question Card","Singing Bowl"],"potions_floor_usage":[16,16,27],"damage_taken":[{"damage":1.0,"enemies":"Jaw Worm","floor":1.0,"turns":5.0},{"damage":0.0,"enemies":"Cultist","floor":3.0,"turns":4.0},{"damage":0.0,"enemies":"2 Louse","floor":5.0,"turns":2.0},{"damage":17.0,"enemies":"Large Slime","floor":7.0,"turns":4.0},{"damage":1.0,"enemies":"Exordium Thugs","floor":11.0,"turns":4.0},{"damage":0.0,"enemies":"Looter","floor":12.0,"turns":3.0},{"damage":0,"enemies":"2 Fungi Beasts","floor":14,"turns":2},{"damage":24,"enemies":"Slime Boss","floor":16,"turns":13},{"damage":89,"enemies":"3 Byrds","floor":18,"turns":11},{"damage":3,"enemies":"Shell Parasite","floor":24,"turns":14},{"damage":67,"enemies":"Book of Stabbing","floor":27,"turns":8}],"seed_played":"2341941309949614220","potions_obtained":[{"floor":5.0,"key":"Ancient Potion"},{"floor":11.0,"key":"Poison Potion"},{"floor":14,"key":"SpeedPotion"},{"floor":24,"key":"FearPotion"}],"is_trial":false,"path_per_floor":["M","$","M","?","M","R","M","R","T","$","M","M","R","M","R","B",null,"M","?","?","?","$","R","M","R","T","E"],"character_chosen":"DEFECT","items_purchased":["Loop","Sunder","FTL"],"campfire_rested":3,"item_purchase_floors":[2,2,22],"current_hp_per_floor":[67,67,67,67,67,67,50,50,50,50,49,49,68,68,68,44,62,8,8,30,30,30,50,47,67,67,0],"gold":259,"neow_bonus":"REMOVE_TWO","is_prod":false,"is_daily":false,"chose_seed":false,"campfire_upgraded":3,"win_rate":0,"timestamp":1566216305,"path_taken":["M","$","M","?","M","R","M","R","T","$","?","M","R","M","R","BOSS","M","?","?","?","$","R","M","R","T","E"],"build_version":"2019-07-17","purchased_purges":1,"victory":false,"max_hp_per_floor":[68,68,68,68,68,68,68,68,68,68,68,68,68,68,68,68,68,68,68,68,68,68,68,68,68,68,68],"card_choices":[{"not_picked":["Rebound","Consume","Barrage"],"picked":"SKIP","floor":1.0},{"not_picked":["Conserve Battery","Cold Snap"],"picked":"Coolheaded","floor":3.0},{"not_picked":["Sweeping Beam","Machine Learning"],"picked":"Cold Snap","floor":5.0},{"not_picked":["Steam","Redo"],"picked":"Conserve Battery","floor":7.0},{"not_picked":["Doom and Gloom","Sweeping Beam","Aggregate"],"picked":"SKIP","floor":11.0},{"not_picked":["Tempest","Redo","Compile Driver"],"picked":"SKIP","floor":12.0},{"not_picked":["Compile Driver","BootSequence"],"picked":"Coolheaded","floor":14},{"not_picked":["Thunder Strike","Meteor Strike"],"picked":"Buffer","floor":16},{"not_picked":["Beam Cell+1","Streamline"],"picked":"Conserve Battery+1","floor":18},{"not_picked":["Aggregate","Conserve Battery","Reprogram"],"picked":"Rebound","floor":24}],"player_experience":436998,"relics_obtained":[{"floor":9.0,"key":"MawBank"},{"floor":26,"key":"Singing Bowl"}],"event_choices":[{"cards_removed":["Strike_B"],"damage_healed":0.0,"max_hp_gain":0.0,"max_hp_loss":0.0,"gold_gain":0.0,"event_name":"Purifier","player_choice":"Purged","floor":4.0,"gold_loss":0.0,"damage_taken":0.0},{"damage_healed":0,"gold_gain":0,"player_choice":"Obtained Relic","damage_taken":0,"relics_obtained":["Question Card"],"max_hp_gain":0,"max_hp_loss":0,"event_name":"Addict","floor":19,"gold_loss":85},{"damage_healed":22,"gold_gain":0,"player_choice":"Heal","damage_taken":0,"max_hp_gain":0,"max_hp_loss":0,"event_name":"The Library","floor":20,"gold_loss":0},{"damage_healed":0,"gold_gain":0,"player_choice":"Ignored","damage_taken":0,"max_hp_gain":0,"max_hp_loss":0,"event_name":"Ghosts","floor":21,"gold_loss":0}],"is_beta":false,"boss_relics":[{"not_picked":["Snecko Eye","Coffee Dripper"],"picked":"Lizard Tail"}],"items_purged_floors":[22],"is_endless":false,"potions_floor_spawned":[5,11,14,24],"killed_by":"Book of Stabbing","ascension_level":7}