{"gold_per_floor":[109,34,134,146,161,161,261,292,361,372,384,414,414,424,424,525,525,542,742,760,778,778],"floor_reached":22,"playtime":1001,"items_purged":["Strike_R"],"score":218,"play_id":"79a93f3e-41fa-4a81-a2f2-448dcb795b38","local_time":"20190725140904","is_ascension_mode":true,"campfire_choices":[{"data":"Clothesline","floor":6,"key":"SMITH"},{"floor":13,"key":"REST"},{"floor":15,"key":"REST"}],"neow_cost":"NONE","seed_source_timestamp":144934452015857,"circlet_count":0,"master_deck":["Strike_R","Strike_R","Strike_R","Strike_R","Defend_R","Defend_R","Defend_R","Defend_R","Bash+1","Headbutt","Clothesline+1","Rampage","Metallicize","Seeing Red","Offering","Combust","Fiend Fire","Metallicize","Inflame+1","Shrug It Off"],"relics":["Burning Blood","Red Skull","Gremlin Horn","Pocketwatch","Cursed Key"],"potions_floor_usage":[10,10,16],"damage_taken":[{"damage":7,"enemies":"Jaw Worm","floor":1,"turns":3},{"damage":1,"enemies":"Cultist","floor":4,"turns":3},{"damage":0,"enemies":"Small Slimes","floor":5,"turns":3},{"damage":36,"enemies":"Lagavulin","floor":8,"turns":5},{"damage":10,"enemies":"Red Slaver","floor":10,"turns":4},{"damage":15,"enemies":"Large Slime","floor":11,"turns":4},{"damage":9,"enemies":"3 Sentries","floor":12,"turns":6},{"damage":21,"enemies":"Exordium Thugs","floor":14,"turns":4},{"damage":57,"enemies":"Hexaghost","floor":16,"turns":9},{"damage":26,"enemies":"2 Thieves","floor":18,"turns":2},{"damage":29,"enemies":"Spheric Guardian","floor":20,"turns":4},{"damage":24,"enemies":"Snake Plant","floor":21,"turns":4},{"damage":27,"enemies":"Shelled Parasite and Fungi","floor":22,"turns":4}],"seed_played":"-3164577109770461366","potions_obtained":[{"floor":4,"key":"EssenceOfSteel"},{"floor":5,"key":"FearPotion"},{"floor":8,"key":"Fruit Juice"},{"floor":12,"key":"BloodPotion"},{"floor":21,"key":"GamblersBrew"}],"is_trial":false,"path_per_floor":["M","$","?","M","M","R","?","E","T","M","M","E","R","M","R","B",null,"M","?","M","M","M"],"character_chosen":"IRONCLAD","items_purchased":[],"campfire_rested":2,"item_purchase_floors":[],"current_hp_per_floor":[79,79,79,80,80,80,80,50,50,51,42,39,64,49,74,44,85,65,65,42,24,0],"gold":778,"neow_bonus":"UPGRADE_CARD","is_prod":false,"is_daily":false,"chose_seed":false,"campfire_upgraded":1,"win_rate":0,"timestamp":1564088944,"path_taken":["M","$","?","?","M","R","?","E","T","?","M","E","R","M","R","BOSS","M","?","?","M","M"],"build_version":"2019-07-17","purchased_purges":1,"victory":false,"max_hp_per_floor":[80,80,80,80,80,80,80,80,80,85,85,85,85,85,85,85,85,85,85,85,85,85],"card_choices":[{"not_picked":["Iron Wave","True Grit"],"picked":"Headbutt","floor":1},{"not_picked":["Corruption","Heavy Blade","Sword Boomerang"],"picked":"SKIP","floor":4},{"not_picked":["Rage","Flex"],"picked":"Clothesline","floor":5},{"not_picked":["Intimidate","Flex"],"picked":"Rampage","floor":8},{"not_picked":["Armaments","Pummel"],"picked":"Metallicize","floor":10},{"not_picked":["Armaments","Anger"],"picked":"Seeing Red","floor":11},{"not_picked":["Exhume","Shrug It Off"],"picked":"Offering","floor":12},{"not_picked":["Bloodletting","Twin Strike"],"picked":"Combust","floor":14},{"not_picked":["Offering","Immolate"],"picked":"Fiend Fire","floor":16},{"not_picked":["Shrug It Off","Anger"],"picked":"Metallicize","floor":18},{"not_picked":["Metallicize","Intimidate"],"picked":"Inflame+1","floor":20},{"not_picked":["Dropkick","Clash"],"picked":"Shrug It Off","floor":21}],"player_experience":211478,"relics_obtained":[{"floor":8,"key":"Red Skull"},{"floor":9,"key":"Gremlin Horn"},{"floor":12,"key":"Pocketwatch"}],"event_choices":[{"damage_healed":0,"gold_gain":100,"player_choice":"Gold","damage_taken":0,"max_hp_gain":0,"max_hp_loss":0,"event_name":"Wheel of Change","floor":3,"gold_loss":0},{"damage_healed":0,"gold_gain":100,"player_choice":"Pray","damage_taken":0,"max_hp_gain":0,"max_hp_loss":0,"event_name":"Golden Shrine","floor":7,"gold_loss":0},{"damage_healed":0,"gold_gain":200,"player_choice":"Gold","damage_taken":0,"max_hp_gain":0,"max_hp_loss":0,"event_name":"Wheel of Change","floor":19,"gold_loss":0}],"is_beta":false,"boss_relics":[{"not_picked":["Runic Pyramid","Astrolabe"],"picked":"Cursed Key"}],"items_purged_floors":[2],"is_endless":false,"potions_floor_spawned":[4,5,8,12,21],"killed_by":"Shelled Parasite and Fungi","ascension_level":2}