{"gold_per_floor":[118,130,130,130,150,184,184,196,222,239,259,275,275,286,286,387,387,401,417,417,417],"floor_reached":21,"playtime":1417,"items_purged":[],"score":185,"play_id":"5df24cce-c7a9-4158-b158-bde66097ca1e","local_time":"20181227135655","is_ascension_mode":false,"campfire_choices":[{"data":"Flechettes","floor":7,"key":"SMITH"},{"floor":13,"key":"REST"},{"data":"Tools of the Trade","floor":15,"key":"SMITH"}],"neow_cost":"NONE","seed_source_timestamp":347679672663648,"circlet_count":0,"master_deck":["Defend_G","Defend_G","Defend_G","Defend_G","Defend_G","Strike_G","Strike_G","Strike_G","Strike_G","Survivor","Neutralize+1","Quick Slash","Flechettes+1","Dagger Spray","Deflect","Deadly Poison","Catalyst","Crippling Poison","Tools of the Trade+1","Tactician","Burst","PiercingWail","Footwork"],"relics":["Ring of the Snake","Ancient Tea Set","Regal Pillow","Lantern","Black Star","Anchor"],"potions_floor_usage":[6,12,14,18,21],"damage_taken":[{"damage":0,"enemies":"Small Slimes","floor":1,"turns":4},{"damage":0,"enemies":"2 Louse","floor":2,"turns":2},{"damage":0,"enemies":"Cultist","floor":5,"turns":3},{"damage":6,"enemies":"3 Sentries","floor":6,"turns":7},{"damage":1,"enemies":"Exordium Thugs","floor":8,"turns":6},{"damage":4,"enemies":"Blue Slaver","floor":10,"turns":4},{"damage":8,"enemies":"Exordium Wildlife","floor":11,"turns":2},{"damage":0,"enemies":"Looter","floor":12,"turns":3},{"damage":0,"enemies":"Large Slime","floor":14,"turns":4},{"damage":65,"enemies":"Slime Boss","floor":16,"turns":16},{"damage":26,"enemies":"3 Byrds","floor":18,"turns":6},{"damage":33,"enemies":"Spheric Guardian","floor":19,"turns":7},{"damage":13,"enemies":"Snake Plant","floor":21,"turns":5}],"seed_played":"8334012463445300769","potions_obtained":[{"floor":2,"key":"Explosive Potion"},{"floor":6,"key":"Dexterity Potion"},{"floor":8,"key":"SpeedPotion"},{"floor":11,"key":"Energy Potion"},{"floor":12,"key":"Block Potion"}],"is_trial":false,"path_per_floor":["M","M","?","?","M","E","R","M","T","M","M","M","R","M","R","B",null,"M","M","?","M"],"character_chosen":"THE_SILENT","items_purchased":[],"campfire_rested":1,"item_purchase_floors":[],"current_hp_per_floor":[70,70,52,52,52,46,46,45,45,41,33,33,69,69,69,4,70,44,11,11,0],"gold":417,"neow_bonus":"REMOVE_CARD","is_prod":false,"is_daily":false,"chose_seed":false,"campfire_upgraded":2,"win_rate":0,"timestamp":1545897415,"path_taken":["M","M","?","?","M","E","R","M","T","M","?","M","R","M","R","BOSS","M","M","?","M"],"build_version":"2018-12-20","purchased_purges":0,"victory":false,"max_hp_per_floor":[70,70,70,70,70,70,70,70,70,70,70,70,70,70,70,70,70,70,70,70,70],"card_choices":[{"not_picked":["Outmaneuver","Deflect"],"picked":"Quick Slash","floor":1},{"not_picked":["Accuracy","Poisoned Stab"],"picked":"Flechettes","floor":2},{"not_picked":["Terror","Infinite Blades"],"picked":"Dagger Spray","floor":5},{"not_picked":["Reflex","Caltrops"],"picked":"Deflect","floor":6},{"not_picked":["Sucker Punch","Quick Slash"],"picked":"Deadly Poison","floor":8},{"not_picked":["Sucker Punch","Concentrate"],"picked":"Catalyst","floor":10},{"not_picked":["Underhanded Strike","Blade Dance"],"picked":"Crippling Poison","floor":11},{"not_picked":["Masterful Stab","Prepared"],"picked":"Tools of the Trade","floor":12},{"not_picked":["Blade Dance","Underhanded Strike"],"picked":"Tactician","floor":14},{"not_picked":["Tools of the Trade","Venomology"],"picked":"Burst","floor":16},{"not_picked":["Dodge and Roll","Blur"],"picked":"PiercingWail","floor":18},{"not_picked":["Prepared","Envenom"],"picked":"Footwork","floor":19}],"player_experience":423309,"relics_obtained":[{"floor":6,"key":"Regal Pillow"},{"floor":9,"key":"Lantern"}],"event_choices":[{"damage_healed":0,"gold_gain":0,"player_choice":"Success","damage_taken":18,"relics_obtained":["Ancient Tea Set"],"max_hp_gain":0,"max_hp_loss":0,"event_name":"Scrap Ooze","floor":3,"gold_loss":0},{"damage_healed":0,"gold_gain":0,"player_choice":"Upgraded","damage_taken":0,"max_hp_gain":0,"max_hp_loss":0,"event_name":"Upgrade Shrine","floor":4,"gold_loss":0,"cards_upgraded":["Neutralize"]},{"damage_healed":0,"gold_gain":0,"player_choice":"Opened","damage_taken":0,"relics_obtained":["Anchor"],"max_hp_gain":0,"max_hp_loss":0,"event_name":"The Mausoleum","floor":20,"gold_loss":0}],"is_beta":false,"boss_relics":[{"not_picked":["Orrery","Coffee Dripper"],"picked":"Black Star"}],"items_purged_floors":[],"is_endless":false,"potions_floor_spawned":[2,6,8,11,12],"killed_by":"Snake Plant","ascension_level":0}