{"gold_per_floor":[110,110,127,140,43,43,61,95,95,95,114,127,127,141,141,238,238,251,25,25,39,39,64,64,98,169,184,184,195,209,236,236,337,337,351,48,58,77,77,77,105,105,105,123,123,152,152,165,165,165,165,165,11,43,43],"floor_reached":55,"playtime":2738,"items_purged":["Decay","Writhe","Shame"],"score":875,"play_id":"e4bca508-5283-464c-9b41-51ef66ee573e","local_time":"20190305235441","is_ascension_mode":true,"campfire_choices":[{"data":"Neutralize","floor":6,"key":"SMITH"},{"data":"Venomology","floor":10,"key":"SMITH"},{"floor":13,"key":"REST"},{"data":"Blade Dance","floor":15,"key":"SMITH"},{"data":"Storm of Steel","floor":24,"key":"SMITH"},{"floor":28,"key":"REST"},{"floor":32,"key":"REST"},{"floor":40,"key":"RECALL"},{"floor":42,"key":"REST"},{"floor":45,"key":"REST"},{"floor":49,"key":"REST"},{"data":"Adrenaline","floor":52,"key":"SMITH"}],"neow_cost":"NONE","seed_source_timestamp":421233341423560,"circlet_count":0,"master_deck":["Defend_G","Defend_G","Defend_G","Strike_G","Strike_G","Strike_G","Strike_G","Survivor","Neutralize+1","Venomology+1","Dagger Spray","Cloak And Dagger","Flying Knee","Poisoned Stab","Dagger Throw","Escape Plan","Blade Dance+1","Cloak And Dagger","Backflip","Storm of Steel+1","Infinite Blades","Footwork","Cloak And Dagger","Flying Knee","Prepared","Underhanded Strike","All Out Attack","Deflect+1","Eviscerate","Well Laid Plans+1","Endless Agony+1","Adrenaline+1","Leg Sweep+1","Escape Plan+1","PiercingWail+1","Slice","PiercingWail+1","A Thousand Cuts","Writhe","Dodge and Roll+1","PiercingWail+1","Blade Dance+1","Envenom","Accuracy","Backflip+1"],"relics":["Ring of the Snake","Shuriken","Ninja Scroll","Philosopher\u0027s Stone","Ornamental Fan","Snake Skull","Bag of Marbles","Ice Cream","Bottled Lightning","Bronze Scales","Astrolabe","Sling","Vajra","The Courier","Gremlin Horn"],"potions_floor_usage":[4,7,8,11,12,16,16,18,23,23,29,30,30,31,31,33,38,38,44,46,48,50,50,54],"damage_taken":[{"damage":1,"enemies":"2 Louse","floor":1,"turns":3},{"damage":6,"enemies":"Cultist","floor":3,"turns":5},{"damage":4,"enemies":"Small Slimes","floor":4,"turns":3},{"damage":3,"enemies":"Blue Slaver","floor":7,"turns":3},{"damage":28,"enemies":"Gremlin Nob","floor":8,"turns":4},{"damage":0,"enemies":"3 Louse","floor":11,"turns":2},{"damage":0,"enemies":"Looter","floor":12,"turns":1},{"damage":0,"enemies":"Gremlin Gang","floor":14,"turns":2},{"damage":12,"enemies":"Slime Boss","floor":16,"turns":5},{"damage":12,"enemies":"2 Thieves","floor":18,"turns":3},{"damage":2,"enemies":"Spheric Guardian","floor":21,"turns":3},{"damage":6,"enemies":"Slavers","floor":23,"turns":3},{"damage":8,"enemies":"Gremlin Leader","floor":25,"turns":4},{"damage":8,"enemies":"Centurion and Healer","floor":27,"turns":3},{"damage":5,"enemies":"Snake Plant","floor":29,"turns":3},{"damage":9,"enemies":"Sentry and Sphere","floor":30,"turns":4},{"damage":34,"enemies":"Slavers","floor":31,"turns":4},{"damage":32,"enemies":"Automaton","floor":33,"turns":7},{"damage":0,"enemies":"Orb Walker","floor":35,"turns":1},{"damage":0,"enemies":"3 Darklings","floor":37,"turns":3},{"damage":14,"enemies":"Transient","floor":38,"turns":5},{"damage":40,"enemies":"Nemesis","floor":41,"turns":5},{"damage":14,"enemies":"Maw","floor":44,"turns":6},{"damage":33,"enemies":"Reptomancer","floor":46,"turns":4},{"damage":0,"enemies":"3 Darklings","floor":48,"turns":4},{"damage":13,"enemies":"Awakened One","floor":50,"turns":11},{"damage":65,"enemies":"Shield and Spear","floor":54,"turns":5},{"damage":29,"enemies":"The Heart","floor":55,"turns":3}],"seed_played":"7366951507607060407","potions_obtained":[{"floor":1,"key":"SteroidPotion"},{"floor":3,"key":"EntropicBrew"},{"floor":12,"key":"Fire Potion"},{"floor":16,"key":"Block Potion"},{"floor":25,"key":"Block Potion"},{"floor":29,"key":"Weak Potion"},{"floor":31,"key":"SmokeBomb"},{"floor":37,"key":"FearPotion"},{"floor":46,"key":"Fire Potion"}],"is_trial":false,"path_per_floor":["M","?","M","M","$","R","M","E","T","R","M","M","R","M","R","B",null,"M","$","?","M","?","E","R","E","T","M","R","M","M","E","R","B",null,"M","$","M","M","?","R","E","R","T","M","R","E","?","M","R","B",null,"R","$","E","B"],"character_chosen":"THE_SILENT","items_purchased":["Poisoned Stab","Footwork","Cloak And Dagger","Flying Knee","Prepared","Sling","Accuracy"],"campfire_rested":6,"item_purchase_floors":[5,19,19,19,19,36,53],"current_hp_per_floor":[69,69,63,59,59,59,56,28,28,28,28,28,49,49,49,37,70,58,58,58,56,56,50,50,42,42,34,55,50,41,16,37,5,70,70,70,70,56,70,70,30,51,51,37,58,25,25,25,46,33,70,70,70,5,0],"gold":43,"neow_bonus":"ONE_RANDOM_RARE_CARD","is_prod":false,"is_daily":false,"chose_seed":false,"campfire_upgraded":5,"win_rate":0,"timestamp":1551848081,"path_taken":["M","?","?","M","$","R","M","E","T","R","M","M","R","M","R","BOSS","M","$","?","M","?","E","R","E","T","M","R","M","M","E","R","BOSS","M","$","M","M","?","R","E","R","T","M","R","E","?","M","R","BOSS","R","$","E","BOSS"],"build_version":"2019-01-23","purchased_purges":3,"victory":false,"max_hp_per_floor":[70,70,70,70,70,70,70,70,70,70,70,70,70,70,70,70,70,70,70,70,70,70,70,70,70,70,70,70,70,70,70,70,70,70,70,70,70,70,70,70,70,70,70,70,70,70,70,70,70,70,70,70,70,70,70],"card_choices":[{"not_picked":["Sucker Punch","Blur"],"picked":"Dagger Spray","floor":1},{"not_picked":["Deflect","Blade Dance"],"picked":"Cloak And Dagger","floor":3},{"not_picked":["Poisoned Stab","Bane"],"picked":"Flying Knee","floor":4},{"not_picked":["Poisoned Stab","Wraith Form v2"],"picked":"Dagger Throw","floor":7},{"not_picked":["Eviscerate","Distraction"],"picked":"Escape Plan","floor":8},{"not_picked":["Predator","Outmaneuver"],"picked":"Blade Dance","floor":11},{"not_picked":["Backflip","Bullet Time"],"picked":"Cloak And Dagger","floor":12},{"not_picked":["Flechettes","Deadly Poison"],"picked":"Backflip","floor":14},{"not_picked":["Venomology","Envenom"],"picked":"Storm of Steel","floor":16},{"not_picked":["Dodge and Roll+1","Flying Knee"],"picked":"Infinite Blades","floor":18},{"not_picked":["Bane","Sucker Punch"],"picked":"Underhanded Strike","floor":21},{"not_picked":["Masterful Stab","Deadly Poison"],"picked":"All Out Attack","floor":23},{"not_picked":["Dagger Spray+1","Footwork"],"picked":"Deflect+1","floor":25},{"not_picked":["Dash","Flying Knee"],"picked":"Eviscerate","floor":27},{"not_picked":["Skewer","Acrobatics"],"picked":"Well Laid Plans+1","floor":29},{"not_picked":["Deflect","Flying Knee","Dagger Throw"],"picked":"SKIP","floor":30},{"not_picked":["Acrobatics+1","Dagger Throw"],"picked":"Endless Agony+1","floor":31},{"not_picked":["Unload","Glass Knife"],"picked":"Adrenaline","floor":33},{"not_picked":["Bane","Flying Knee"],"picked":"Slice","floor":35},{"not_picked":["Flying Knee+1","Heel Hook+1"],"picked":"PiercingWail+1","floor":37},{"not_picked":["Quick Slash","Flechettes+1"],"picked":"A Thousand Cuts","floor":38},{"not_picked":["Caltrops+1","Acrobatics"],"picked":"Dodge and Roll+1","floor":41},{"not_picked":["All Out Attack+1","Masterful Stab"],"picked":"PiercingWail+1","floor":44},{"not_picked":["Malaise","Dagger Spray+1"],"picked":"Blade Dance+1","floor":46},{"not_picked":["PiercingWail","Slice"],"picked":"Envenom","floor":48},{"not_picked":["Deadly Poison+1","Unload"],"picked":"Backflip+1","floor":54}],"player_experience":295292,"relics_obtained":[{"floor":8,"key":"Shuriken"},{"floor":9,"key":"Ninja Scroll"},{"floor":23,"key":"Bag of Marbles"},{"floor":25,"key":"Ice Cream"},{"floor":26,"key":"Bottled Lightning"},{"floor":31,"key":"Bronze Scales"},{"floor":41,"key":"Vajra"},{"floor":46,"key":"The Courier"},{"floor":54,"key":"Gremlin Horn"}],"event_choices":[{"damage_healed":0,"gold_gain":0,"player_choice":"Cursed","damage_taken":0,"max_hp_gain":0,"max_hp_loss":0,"event_name":"Wheel of Change","floor":2,"gold_loss":0,"cards_obtained":["Decay"]},{"damage_healed":0,"gold_gain":0,"player_choice":"Stole Relic","damage_taken":0,"relics_obtained":["Ornamental Fan"],"max_hp_gain":0,"max_hp_loss":0,"event_name":"Addict","floor":20,"gold_loss":0,"cards_obtained":["Shame"]},{"damage_healed":0,"gold_gain":0,"player_choice":"Opened","damage_taken":0,"relics_obtained":["Snake Skull"],"max_hp_gain":0,"max_hp_loss":0,"event_name":"The Mausoleum","floor":22,"gold_loss":0,"cards_obtained":["Writhe"]},{"damage_healed":18,"gold_gain":0,"player_choice":"Writhe","damage_taken":0,"max_hp_gain":0,"max_hp_loss":0,"event_name":"Winding Halls","floor":39,"gold_loss":0,"cards_obtained":["Writhe"]},{"damage_healed":0,"gold_gain":0,"player_choice":"Ignored","damage_taken":0,"max_hp_gain":0,"max_hp_loss":0,"event_name":"Mysterious Sphere","floor":47,"gold_loss":0}],"is_beta":false,"boss_relics":[{"not_picked":["Tiny House","Runic Pyramid"],"picked":"Philosopher\u0027s Stone"},{"not_picked":["Snecko Eye","Calling Bell"],"picked":"Astrolabe"}],"items_purged_floors":[5,36,53],"is_endless":false,"potions_floor_spawned":[1,3,12,16,25,27,29,31,37,46],"killed_by":"The Heart","ascension_level":3}