{"gold_per_floor":[109,120,130,45,45,45,70,70,97,97,111,139,139,157,157,231,231,242,253,178,192,192,192,218,218,218,229,255,255,271,41,41,118,118,135,151,151,251,265,292,308,339,339,339,350,350,350,25,25,25,25,25,25,25,51,51],"floor_reached":57,"playtime":7333,"items_purged":[],"score":2895,"play_id":"Baalorlord-7e489463","local_time":"20190720154911","is_ascension_mode":true,"campfire_choices":[{"data":"Barrage","floor":6.0,"key":"SMITH"},{"data":"Dualcast","floor":8.0,"key":"SMITH"},{"data":"Conserve Battery","floor":10.0,"key":"SMITH"},{"data":"Doom and Gloom","floor":15.0,"key":"SMITH"},{"floor":23.0,"key":"REST"},{"data":"Fission","floor":25.0,"key":"SMITH"},{"data":"Consume","floor":32.0,"key":"SMITH"},{"data":"Consume","floor":46,"key":"SMITH"},{"floor":49,"key":"RECALL"},{"floor":53,"key":"REST"}],"neow_cost":"TEN_PERCENT_HP_LOSS","seed_source_timestamp":102609320588200,"circlet_count":0,"master_deck":["AscendersBane","Defend_B","Defend_B","Zap","Dualcast+1","Conserve Battery+1","Barrage+1","Undo","Ball Lightning","Cold Snap","Ball Lightning","Leap","Cold Snap","Compile Driver","Doom and Gloom+1","Fission+1","Skim+1","Auto Shields+1","Rebound+1","Recycle","Consume+1","Hologram","Redo","Genetic Algorithm","Reprogram","Capacitor","Conserve Battery+1","Electrodynamics","Glacier","Coolheaded","Glacier","Self Repair","Consume+1","Coolheaded+1","Secret Technique","Blind","Blind"],"special_seed":0,"relics":["Cracked Core","Art of War","Pen Nib","Bronze Scales","Dead Branch","Astrolabe","Dodecahedron","Prayer Wheel","Blood Vial","Lee\u0027s Waffle","Inserter","Du-Vu Doll","StoneCalendar","Bottled Flame","Pocketwatch","Mango"],"potions_floor_usage":[38,38,56,56],"damage_taken":[{"damage":1.0,"enemies":"2 Louse","floor":1.0,"turns":2.0},{"damage":1.0,"enemies":"Cultist","floor":2.0,"turns":4.0},{"damage":2.0,"enemies":"Jaw Worm","floor":3.0,"turns":3.0},{"damage":6.0,"enemies":"Lagavulin","floor":7.0,"turns":6.0},{"damage":0.0,"enemies":"Blue Slaver","floor":11.0,"turns":2.0},{"damage":0.0,"enemies":"3 Sentries","floor":12.0,"turns":6.0},{"damage":5.0,"enemies":"3 Louse","floor":14.0,"turns":2.0},{"damage":9.0,"enemies":"Hexaghost","floor":16.0,"turns":6.0},{"damage":0.0,"enemies":"2 Thieves","floor":18.0,"turns":3.0},{"damage":0.0,"enemies":"3 Byrds","floor":19.0,"turns":3.0},{"damage":15.0,"enemies":"Snake Plant","floor":21.0,"turns":3.0},{"damage":1.0,"enemies":"Gremlin Leader","floor":24.0,"turns":5.0},{"damage":0.0,"enemies":"3 Cultists","floor":27.0,"turns":3.0},{"damage":23.0,"enemies":"Slavers","floor":28.0,"turns":4.0},{"damage":16.0,"enemies":"Shelled Parasite and Fungi","floor":30.0,"turns":3.0},{"damage":0.0,"enemies":"Champ","floor":33.0,"turns":17.0},{"damage":3.0,"enemies":"3 Shapes","floor":35.0,"turns":4.0},{"damage":6,"enemies":"Orb Walker","floor":36,"turns":6},{"damage":9,"enemies":"Mind Bloom Boss Battle","floor":38,"turns":10},{"damage":0,"enemies":"Sphere and 2 Shapes","floor":39,"turns":13},{"damage":0,"enemies":"Nemesis","floor":40,"turns":13},{"damage":0,"enemies":"Spire Growth","floor":41,"turns":7},{"damage":15,"enemies":"Reptomancer","floor":42,"turns":10},{"damage":4,"enemies":"Writhing Mass","floor":45,"turns":8},{"damage":19,"enemies":"Time Eater","floor":50,"turns":25},{"damage":18,"enemies":"Donu and Deca","floor":51,"turns":17},{"damage":34,"enemies":"Shield and Spear","floor":55,"turns":14},{"damage":41,"enemies":"The Heart","floor":56,"turns":11}],"seed_played":"8176885310437608337","potions_obtained":[{"floor":3.0,"key":"Energy Potion"},{"floor":7.0,"key":"AttackPotion"},{"floor":14.0,"key":"Strength Potion"},{"floor":16.0,"key":"GamblersBrew"},{"floor":19.0,"key":"AttackPotion"},{"floor":24.0,"key":"GamblersBrew"},{"floor":27.0,"key":"Energy Potion"},{"floor":28.0,"key":"SpeedPotion"},{"floor":33.0,"key":"Regen Potion"},{"floor":35,"key":"SteroidPotion"},{"floor":36,"key":"AttackPotion"},{"floor":45,"key":"Ancient Potion"},{"floor":55,"key":"PowerPotion"}],"is_trial":false,"path_per_floor":["M","M","M","$","?","R","E","R","T","R","M","E","?","M","R","B",null,"M","M","?","M","?","R","E","R","T","M","E","?","M","$","R","B",null,"M","M","?","?","M","E","M","E","T","?","M","R","?","$","R","B","B",null,"R","$","E","B",null],"character_chosen":"DEFECT","items_purchased":["Ball Lightning","Cold Snap","Lee\u0027s Waffle","Pocketwatch"],"campfire_rested":2,"item_purchase_floors":[4,4,31,48],"current_hp_per_floor":[63,62,60,60,42,42,36,36,36,36,36,36,36,31,31,22,54,54,54,54,39,22,42,41,41,41,41,18,18,4,76,76,76,76,73,69,69,72,72,72,72,57,57,57,62,62,52,52,52,42,33,62,72,72,52,13],"gold":51,"neow_bonus":"REMOVE_TWO","is_prod":false,"is_daily":false,"chose_seed":false,"campfire_upgraded":7,"win_rate":0,"timestamp":1563652151,"path_taken":["M","M","M","$","?","R","E","R","T","R","M","E","?","?","R","BOSS","M","?","?","M","?","R","E","R","T","M","E","?","M","$","R","BOSS","M","?","?","?","M","E","M","E","T","?","M","R","?","$","R","BOSS","BOSS","R","$","E","BOSS"],"build_version":"2019-07-17","purchased_purges":0,"victory":true,"max_hp_per_floor":[64,64,64,64,64,64,64,64,64,64,64,64,64,64,64,64,64,64,64,64,64,69,69,69,69,69,69,69,69,69,76,76,76,76,76,76,72,72,72,72,72,72,72,72,72,72,72,72,72,72,72,72,72,72,86,86],"card_choices":[{"not_picked":["Go for the Eyes","Reprogram"],"picked":"Conserve Battery","floor":1.0},{"not_picked":["Heatsinks","Steam Power"],"picked":"Barrage","floor":2.0},{"not_picked":["Redo","Leap"],"picked":"Undo","floor":3.0},{"not_picked":["Go for the Eyes","Scrape"],"picked":"Ball Lightning","floor":7.0},{"not_picked":["Rip and Tear","Compile Driver"],"picked":"Leap","floor":11.0},{"not_picked":["Conserve Battery","Undo"],"picked":"Cold Snap","floor":12.0},{"not_picked":["Darkness","Static Discharge"],"picked":"Doom and Gloom","floor":14.0},{"not_picked":["Reboot","Meteor Strike"],"picked":"Fission","floor":16.0},{"not_picked":["Leap","Reprogram"],"picked":"Recycle","floor":18.0},{"not_picked":["Beam Cell","Skim"],"picked":"Consume","floor":19.0},{"not_picked":["Aggregate","Streamline"],"picked":"Hologram","floor":21.0},{"not_picked":["Hyperbeam","Barrage"],"picked":"Redo","floor":24.0},{"not_picked":["Rip and Tear","Static Discharge"],"picked":"Genetic Algorithm","floor":27.0},{"not_picked":["Storm","Fusion","Reprogram"],"picked":"SKIP","floor":27.0},{"not_picked":["Storm","Fusion"],"picked":"Reprogram","floor":27.0},{"not_picked":["Steam","Sweeping Beam"],"picked":"Capacitor","floor":28.0},{"not_picked":["Coolheaded","Leap"],"picked":"Conserve Battery+1","floor":30.0},{"not_picked":["Cold Snap","Steam","Hello World"],"picked":"SKIP","floor":30.0},{"not_picked":["Cold Snap","Steam","Hello World"],"picked":"SKIP","floor":30.0},{"not_picked":["All For One","Reboot"],"picked":"Electrodynamics","floor":33.0},{"not_picked":["White Noise+1","Hello World"],"picked":"Glacier","floor":35},{"not_picked":["Barrage+1","Rebound+1"],"picked":"Coolheaded","floor":35},{"not_picked":["Cold Snap","Hologram","Steam"],"picked":"SKIP","floor":36},{"not_picked":["Gash+1","Redo","All For One"],"picked":"SKIP","floor":36},{"not_picked":["Ball Lightning","Steam"],"picked":"Glacier","floor":38},{"not_picked":["Conserve Battery+1","Fusion"],"picked":"Self Repair","floor":39},{"not_picked":["Conserve Battery","Compile Driver","Chaos"],"picked":"SKIP","floor":39},{"not_picked":["Gash","Blizzard"],"picked":"Consume","floor":40},{"not_picked":["Redo","Streamline"],"picked":"Coolheaded+1","floor":41},{"not_picked":["Tempest+1","Leap+1","Streamline"],"picked":"SKIP","floor":41},{"not_picked":["Meteor Strike","Ball Lightning","Cold Snap"],"picked":"SKIP","floor":42},{"not_picked":["Ball Lightning","Stack+1","Capacitor"],"picked":"SKIP","floor":45},{"not_picked":["Melter","Rebound+1","Sweeping Beam"],"picked":"SKIP","floor":45},{"not_picked":["Mayhem","Thinking Ahead"],"picked":"Secret Technique","floor":47},{"not_picked":["Jack Of All Trades","Deep Breath"],"picked":"Blind","floor":47},{"not_picked":["Swift Strike","Magnetism"],"picked":"Blind","floor":47},{"not_picked":["Melter","Go for the Eyes","Stack"],"picked":"SKIP","floor":55}],"player_experience":2295461,"relics_obtained":[{"floor":7.0,"key":"Pen Nib"},{"floor":9.0,"key":"Bronze Scales"},{"floor":12.0,"key":"Dead Branch"},{"floor":24.0,"key":"Dodecahedron"},{"floor":26.0,"key":"Prayer Wheel"},{"floor":28.0,"key":"Blood Vial"},{"floor":38,"key":"Du-Vu Doll"},{"floor":40,"key":"StoneCalendar"},{"floor":42,"key":"Bottled Flame"},{"floor":55,"key":"Mango"}],"event_choices":[{"damage_healed":0.0,"max_hp_gain":0.0,"max_hp_loss":0.0,"gold_gain":0.0,"event_name":"Scrap Ooze","player_choice":"Success","floor":5.0,"gold_loss":0.0,"damage_taken":18.0,"relics_obtained":["Art of War"]},{"damage_healed":0.0,"max_hp_gain":0.0,"max_hp_loss":0.0,"gold_gain":0.0,"event_name":"Match and Keep!","player_choice":"1 cards matched","floor":13.0,"gold_loss":0.0,"damage_taken":0.0,"cards_obtained":["Compile Driver"]},{"cards_removed":["Defend_B"],"damage_healed":0.0,"max_hp_gain":0.0,"max_hp_loss":0.0,"gold_gain":0.0,"event_name":"Beggar","player_choice":"Gave Gold","floor":20.0,"gold_loss":75.0,"damage_taken":0.0},{"damage_healed":0.0,"max_hp_gain":5.0,"max_hp_loss":0.0,"gold_gain":0.0,"event_name":"Forgotten Altar","player_choice":"Shed Blood","floor":22.0,"gold_loss":0.0,"damage_taken":22.0},{"damage_healed":0.0,"max_hp_gain":0.0,"max_hp_loss":0.0,"gold_gain":0.0,"event_name":"FaceTrader","player_choice":"Leave","floor":29.0,"gold_loss":0.0,"damage_taken":0.0},{"damage_healed":0,"gold_gain":0,"player_choice":"Max HP","damage_taken":0,"max_hp_gain":0,"max_hp_loss":4,"event_name":"Winding Halls","floor":37,"gold_loss":0},{"damage_healed":0,"gold_gain":0,"player_choice":"Fight","damage_taken":0,"max_hp_gain":0,"max_hp_loss":0,"event_name":"MindBloom","floor":38,"gold_loss":0},{"damage_healed":0,"gold_gain":0,"player_choice":"Ignored","damage_taken":0,"max_hp_gain":0,"max_hp_loss":0,"event_name":"Mysterious Sphere","floor":44,"gold_loss":0},{"damage_healed":0,"gold_gain":0,"player_choice":"Memory 3","damage_taken":10,"max_hp_gain":0,"max_hp_loss":0,"event_name":"SensoryStone","floor":47,"gold_loss":0}],"is_beta":false,"boss_relics":[{"not_picked":["Black Star","Lizard Tail"],"picked":"Astrolabe"},{"not_picked":["White Beast Statue","Nuclear Battery"],"picked":"Inserter"}],"items_purged_floors":[],"is_endless":false,"potions_floor_spawned":[3,7,11,14,16,19,24,27,28,33,35,36,45,55],"ascension_level":20}