{"gold_per_floor":[111,128,148,148,148,148,175,158,158,177,177,189,139,149,149,149],"floor_reached":16,"playtime":555,"items_purged":[],"score":130,"play_id":"3dce4ffc-85bf-4b12-954b-5f5889892616","local_time":"20190818183513","is_ascension_mode":true,"campfire_choices":[{"data":"Flame Barrier","floor":6,"key":"SMITH"},{"data":"Sword Boomerang","floor":11,"key":"SMITH"},{"data":"Bash","floor":15,"key":"SMITH"}],"neow_cost":"NONE","seed_source_timestamp":556232249919496,"circlet_count":0,"master_deck":["Strike_R","Strike_R","Strike_R+1","Strike_R","Defend_R","Defend_R+1","Defend_R","Defend_R","Bash+1","Iron Wave","Flame Barrier+1","Evolve","Sword Boomerang+1","Havoc+1","Armaments+1","Offering+1","Entrench+1"],"relics":["Burning Blood","Blood Vial","Toxic Egg 2","Oddly Smooth Stone","Bronze Scales"],"potions_floor_usage":[7,8,16],"damage_taken":[{"damage":1,"enemies":"Jaw Worm","floor":1,"turns":5},{"damage":19,"enemies":"Small Slimes","floor":2,"turns":4},{"damage":0,"enemies":"2 Louse","floor":3,"turns":3},{"damage":42,"enemies":"Lagavulin","floor":7,"turns":8},{"damage":15,"enemies":"Exordium Thugs","floor":8,"turns":5},{"damage":4,"enemies":"Gremlin Gang","floor":10,"turns":5},{"damage":0,"enemies":"Exordium Wildlife","floor":12,"turns":3},{"damage":8,"enemies":"Looter","floor":14,"turns":3},{"damage":32,"enemies":"The Guardian","floor":16,"turns":8}],"seed_played":"2555659946668961983","potions_obtained":[{"floor":2,"key":"Fire Potion"},{"floor":7,"key":"AttackPotion"},{"floor":10,"key":"Fire Potion"}],"is_trial":false,"path_per_floor":["M","M","M","?","T","R","E","M","T","M","R","M","?","M","R","B"],"character_chosen":"IRONCLAD","items_purchased":[],"campfire_rested":0,"item_purchase_floors":[],"current_hp_per_floor":[80,67,75,59,59,59,25,18,18,22,22,30,30,30,30,0],"gold":149,"neow_bonus":"RANDOM_COMMON_RELIC","is_prod":false,"is_daily":false,"chose_seed":false,"campfire_upgraded":3,"win_rate":0,"timestamp":1566171313,"path_taken":["M","M","M","?","?","R","E","M","T","M","R","M","?","M","R","BOSS"],"build_version":"2019-07-17","purchased_purges":0,"victory":false,"max_hp_per_floor":[80,80,80,80,80,80,80,80,80,80,80,80,80,80,80,80],"card_choices":[{"not_picked":["True Grit","Bloodletting"],"picked":"Iron Wave","floor":1},{"not_picked":["Carnage","Wild Strike"],"picked":"Flame Barrier","floor":2},{"not_picked":["Warcry","Iron Wave"],"picked":"Evolve","floor":3},{"not_picked":["Bloodletting+1","Cleave"],"picked":"Sword Boomerang","floor":7},{"not_picked":["Perfected Strike","Headbutt"],"picked":"Havoc+1","floor":8},{"not_picked":["Havoc+1","Shockwave+1"],"picked":"Armaments+1","floor":10},{"not_picked":["Heavy Blade","Evolve"],"picked":"Offering+1","floor":12},{"not_picked":["Thunderclap","Clash"],"picked":"Entrench+1","floor":14}],"player_experience":169863,"relics_obtained":[{"floor":5,"key":"Toxic Egg 2"},{"floor":7,"key":"Oddly Smooth Stone"},{"floor":9,"key":"Bronze Scales"}],"event_choices":[{"damage_healed":0,"gold_gain":0,"player_choice":"Entered Light","damage_taken":16,"max_hp_gain":0,"max_hp_loss":0,"event_name":"Shining Light","floor":4,"gold_loss":0,"cards_upgraded":["Defend_R","Strike_R"]},{"cards_removed":["Strike_R"],"damage_healed":0,"gold_gain":0,"player_choice":"Card Removal","damage_taken":0,"max_hp_gain":0,"max_hp_loss":0,"event_name":"The Cleric","floor":13,"gold_loss":50}],"is_beta":false,"boss_relics":[],"items_purged_floors":[],"is_endless":false,"potions_floor_spawned":[2,7,10],"killed_by":"The Guardian","ascension_level":5}