{"gold_per_floor":[113,113,180,180,194,194,257,257,283,294,368,383,417,490,490,593,593,518,568,587,344,394,425,425,457,457,486,536,536,315,328,328,433,433,446,496,560,571,585,585,596,596,596,596,624,674,824,844,844,844,844,844,11,39,39],"floor_reached":55,"playtime":3804,"items_purged":["Strike_G","Enlightenment","Bullet Time"],"score":1089,"play_id":"1479e8cc-ceef-4a21-9798-6a7d9f447059","local_time":"20190528230127","is_ascension_mode":true,"campfire_choices":[{"data":"Footwork","floor":6,"key":"SMITH"},{"data":"Neutralize","floor":8,"key":"SMITH"},{"data":"Catalyst","floor":15,"key":"SMITH"},{"floor":24,"key":"REST"},{"data":"Footwork","floor":29,"key":"SMITH"},{"floor":32,"key":"REST"},{"floor":40,"key":"RECALL"},{"data":"A Thousand Cuts","floor":42,"key":"SMITH"},{"data":"Footwork","floor":44,"key":"SMITH"},{"floor":49,"key":"REST"},{"floor":52,"key":"REST"}],"neow_cost":"NONE","seed_source_timestamp":1208729397291415,"circlet_count":0,"master_deck":["Defend_G","Defend_G","Defend_G","Defend_G+1","Defend_G","Strike_G+1","Survivor","Neutralize+1","Cloak And Dagger+1","Endless Agony+1","Footwork+1","Deadly Poison","Catalyst+1","Well Laid Plans","A Thousand Cuts+1","PiercingWail","Footwork+1","Dodge and Roll","Corpse Explosion","Well Laid Plans","Blur","Dodge and Roll","Caltrops","Blur","Endless Agony+1","Adrenaline+1","Footwork+1","Blade Dance+1","Blade Dance+1","Acrobatics","Cloak And Dagger+1","Calculated Gamble+1","Noxious Fumes","Apotheosis","Acrobatics","Deflect","Prepared+1"],"relics":["Ring of the Snake","SsserpentHead","Tiny Chest","Regal Pillow","Strawberry","Letter Opener","Art of War","Orrery","Singing Bowl","Whetstone","Pear","Bag of Marbles","Kunai","Sozu","Snake Skull","Dodecahedron","War Paint","Bag of Preparation"],"potions_floor_usage":[7,18,23,23,25,27,55],"damage_taken":[{"damage":1,"enemies":"2 Louse","floor":1,"turns":3},{"damage":1,"enemies":"Cultist","floor":3,"turns":5},{"damage":0,"enemies":"Jaw Worm","floor":5,"turns":5},{"damage":6,"enemies":"3 Sentries","floor":7,"turns":13},{"damage":0,"enemies":"Blue Slaver","floor":10,"turns":4},{"damage":7,"enemies":"3 Louse","floor":12,"turns":3},{"damage":2,"enemies":"Lagavulin","floor":13,"turns":9},{"damage":15,"enemies":"Hexaghost","floor":16,"turns":12},{"damage":1,"enemies":"2 Thieves","floor":18,"turns":5},{"damage":26,"enemies":"Chosen","floor":20,"turns":6},{"damage":56,"enemies":"Gremlin Leader","floor":23,"turns":8},{"damage":0,"enemies":"Book of Stabbing","floor":25,"turns":8},{"damage":22,"enemies":"Gremlin Leader","floor":27,"turns":8},{"damage":2,"enemies":"Snake Plant","floor":31,"turns":4},{"damage":17,"enemies":"Automaton","floor":33,"turns":12},{"damage":0,"enemies":"Orb Walker","floor":35,"turns":4},{"damage":3,"enemies":"3 Shapes","floor":37,"turns":3},{"damage":6,"enemies":"Spire Growth","floor":38,"turns":5},{"damage":9,"enemies":"Jaw Worm Horde","floor":39,"turns":3},{"damage":3,"enemies":"4 Shapes","floor":41,"turns":3},{"damage":45,"enemies":"Giant Head","floor":45,"turns":12},{"damage":5,"enemies":"Maw","floor":48,"turns":7},{"damage":56,"enemies":"Awakened One","floor":50,"turns":23},{"damage":83,"enemies":"Shield and Spear","floor":54,"turns":5},{"damage":17,"enemies":"The Heart","floor":55,"turns":2}],"seed_played":"-4649267166380590843","potions_obtained":[{"floor":3,"key":"Block Potion"},{"floor":5,"key":"AttackPotion"},{"floor":12,"key":"SkillPotion"},{"floor":16,"key":"Weak Potion"},{"floor":20,"key":"EssenceOfSteel"},{"floor":23,"key":"SpeedPotion"},{"floor":31,"key":"Ancient Potion"}],"is_trial":false,"path_per_floor":["M","?","M","?","M","R","E","R","T","M","T","M","E","T","R","B",null,"M","?","M","$","?","E","R","E","T","E","T","R","$","M","R","B",null,"M","?","M","M","M","R","M","R","T","R","E","?","?","M","R","B",null,"R","$","E","B"],"character_chosen":"THE_SILENT","items_purchased":["Blur","Enlightenment","Caltrops","Blur","Noxious Fumes","Apotheosis","Dodecahedron","War Paint","Acrobatics","Deflect"],"campfire_rested":4,"item_purchase_floors":[21,21,30,30,53,53,53,53,53,53],"current_hp_per_floor":[69,69,68,68,68,68,62,62,62,62,69,62,60,60,60,45,74,73,73,47,47,75,21,61,63,73,51,51,51,51,49,93,76,93,93,93,90,86,77,77,74,74,74,74,29,29,29,24,69,13,78,100,100,17,0],"gold":39,"neow_bonus":"TEN_PERCENT_HP_BONUS","is_prod":false,"is_daily":false,"chose_seed":false,"campfire_upgraded":6,"win_rate":0,"timestamp":1559098887,"path_taken":["M","?","?","?","M","R","E","R","T","M","?","M","E","?","R","BOSS","M","?","M","$","?","E","R","E","T","E","?","R","$","M","R","BOSS","M","?","?","M","M","R","M","R","T","R","E","?","?","M","R","BOSS","R","$","E","BOSS"],"build_version":"2019-01-23","purchased_purges":3,"victory":false,"max_hp_per_floor":[77,77,77,77,77,77,77,77,77,77,84,84,84,84,84,84,84,84,84,84,84,84,86,86,88,98,98,98,98,98,98,98,98,98,98,98,98,100,100,100,100,100,100,100,100,100,100,100,100,100,100,100,100,100,100],"card_choices":[{"not_picked":["Blade Dance","Choke"],"picked":"Cloak And Dagger","floor":1},{"not_picked":["Dagger Throw","Backflip"],"picked":"Endless Agony","floor":3},{"not_picked":["Choke","Underhanded Strike"],"picked":"Footwork","floor":5},{"not_picked":["Cloak And Dagger","Quick Slash"],"picked":"Deadly Poison","floor":7},{"not_picked":["Prepared","Deadly Poison"],"picked":"Catalyst","floor":10},{"not_picked":["Dodge and Roll","Slice"],"picked":"Well Laid Plans","floor":12},{"not_picked":["Heel Hook","Prepared","Eviscerate"],"picked":"SKIP","floor":13},{"not_picked":["Unload","Glass Knife"],"picked":"A Thousand Cuts","floor":16},{"not_picked":["Tactician","Bane"],"picked":"PiercingWail","floor":17},{"not_picked":["Dagger Throw","Accuracy"],"picked":"Footwork","floor":17},{"not_picked":["Bouncing Flask","Deadly Poison"],"picked":"Dodge and Roll","floor":17},{"not_picked":["Outmaneuver","Heel Hook","Bane"],"picked":"SKIP","floor":18},{"not_picked":["Dagger Throw","Predator+1"],"picked":"Well Laid Plans","floor":20},{"not_picked":["Dash","Concentrate+1","Quick Slash"],"picked":"Singing Bowl","floor":23},{"not_picked":["Expertise+1","Slice+1","Underhanded Strike"],"picked":"Singing Bowl","floor":25},{"not_picked":["Masterful Stab+1","Prepared"],"picked":"Dodge and Roll","floor":27},{"not_picked":["Backflip","Well Laid Plans"],"picked":"Endless Agony+1","floor":31},{"not_picked":["Glass Knife","Night Terror"],"picked":"Adrenaline","floor":33},{"not_picked":["Dagger Spray+1","Bane"],"picked":"Footwork","floor":35},{"not_picked":["Cloak And Dagger+1","Distraction"],"picked":"Blade Dance+1","floor":37},{"not_picked":["Dodge and Roll","Dagger Spray","Expertise+1"],"picked":"Singing Bowl","floor":38},{"not_picked":["Dodge and Roll","Bane"],"picked":"Blade Dance+1","floor":39},{"not_picked":["Dodge and Roll","Deflect"],"picked":"Acrobatics","floor":41},{"not_picked":["Burst","Acrobatics+1"],"picked":"Cloak And Dagger+1","floor":45},{"not_picked":["Blur+1","Cloak And Dagger+1"],"picked":"Calculated Gamble+1","floor":48},{"not_picked":["Predator+1","Dagger Spray+1"],"picked":"Prepared+1","floor":54}],"player_experience":534438,"relics_obtained":[{"floor":7,"key":"Tiny Chest"},{"floor":9,"key":"Regal Pillow"},{"floor":11,"key":"Strawberry"},{"floor":13,"key":"Letter Opener"},{"floor":14,"key":"Art of War"},{"floor":23,"key":"Singing Bowl"},{"floor":25,"key":"Whetstone"},{"floor":26,"key":"Pear"},{"floor":27,"key":"Bag of Marbles"},{"floor":28,"key":"Kunai"},{"floor":45,"key":"Snake Skull"},{"floor":54,"key":"Bag of Preparation"}],"event_choices":[{"damage_healed":0,"gold_gain":0,"player_choice":"Trade","damage_taken":0,"relics_obtained":["SsserpentHead"],"max_hp_gain":0,"max_hp_loss":0,"event_name":"FaceTrader","floor":2,"gold_loss":0},{"cards_removed":["Strike_G"],"damage_healed":0,"gold_gain":0,"player_choice":"Card Removal","damage_taken":0,"max_hp_gain":0,"max_hp_loss":0,"event_name":"The Cleric","floor":4,"gold_loss":50},{"damage_healed":0,"gold_gain":0,"cards_transformed":["Strike_G","Strike_G"],"player_choice":"Became Test Subject","damage_taken":0,"max_hp_gain":0,"max_hp_loss":0,"event_name":"Drug Dealer","floor":19,"gold_loss":0,"cards_obtained":["Corpse Explosion","Bullet Time"]},{"damage_healed":28,"gold_gain":0,"player_choice":"Heal","damage_taken":0,"max_hp_gain":0,"max_hp_loss":0,"event_name":"The Library","floor":22,"gold_loss":0},{"damage_healed":0,"gold_gain":0,"player_choice":"Upgraded","damage_taken":0,"max_hp_gain":0,"max_hp_loss":0,"event_name":"Upgrade Shrine","floor":36,"gold_loss":0,"cards_upgraded":["Adrenaline"]},{"damage_healed":0,"gold_gain":0,"player_choice":"Ignored","damage_taken":0,"max_hp_gain":0,"max_hp_loss":0,"event_name":"Mysterious Sphere","floor":46,"gold_loss":0},{"damage_healed":0,"gold_gain":100,"player_choice":"Pray","damage_taken":0,"max_hp_gain":0,"max_hp_loss":0,"event_name":"Golden Shrine","floor":47,"gold_loss":0}],"is_beta":false,"boss_relics":[{"not_picked":["Velvet Choker","Coffee Dripper"],"picked":"Orrery"},{"not_picked":["Cursed Key","Eternal Feather"],"picked":"Sozu"}],"items_purged_floors":[21,30,53],"is_endless":false,"potions_floor_spawned":[3,5,12,16,20,23,31,35,39,45,48],"killed_by":"The Heart","ascension_level":6}