{"gold_per_floor":[110,130,147,27,27,47,47,80,80,80,109,125,25,40,40,143,143,128,228,246,261,261,261,57,71,71,86,115,115,140,159,159,255,305,317,337,357,49,59,90,90,122,149,164,164,174,174,188,188,188,188,188,38,65,65],"floor_reached":56,"playtime":17571,"items_purged":["Strike_B","Strike_B","Strike_B","Pain"],"score":1706,"play_id":"dc09de9a-986f-4163-ae82-5a3d81167a7c","local_time":"20190701023714","is_ascension_mode":true,"campfire_choices":[{"data":"Sunder","floor":7.0,"key":"SMITH"},{"floor":10.0,"key":"REST"},{"data":"Defragment","floor":15.0,"key":"SMITH"},{"data":"Coolheaded","floor":23.0,"key":"SMITH"},{"data":"Buffer","floor":29.0,"key":"SMITH"},{"data":"Creative AI","floor":32.0,"key":"SMITH"},{"data":"Seek","floor":45.0,"key":"SMITH"},{"data":"Seek","floor":47.0,"key":"SMITH"},{"floor":49.0,"key":"RECALL"},{"data":"Defragment","floor":52.0,"key":"SMITH"}],"neow_cost":"NONE","seed_source_timestamp":0,"circlet_count":0,"master_deck":["Strike_B","Defend_B","Defend_B","Defend_B","Defend_B","Zap+1","Dualcast","Consume","Defragment+1","Sunder+1","Coolheaded+1","Glacier","Creative AI+1","Go for the Eyes","Turbo","Cold Snap+1","Hologram","Steam","Defragment+1","Coolheaded","Parasite","Buffer+1","Amplify","Auto Shields+1","Seek+1","Turbo+1","Skim+1","Seek+1"],"special_seed":0,"relics":["Inserter","Darkstone Periapt","Cursed Key","Bird Faced Urn","Gremlin Horn","Nloth\u0027s Gift","Question Card","Dream Catcher","Lantern","Tiny House","Ice Cream","Bottled Tornado","Bronze Scales","Bag of Marbles","Blood Vial"],"potions_floor_usage":[55],"damage_taken":[{"damage":10.0,"enemies":"Cultist","floor":1.0,"turns":4.0},{"damage":2.0,"enemies":"Small Slimes","floor":2.0,"turns":4.0},{"damage":1.0,"enemies":"Jaw Worm","floor":3.0,"turns":3.0},{"damage":35.0,"enemies":"Exordium Thugs","floor":6.0,"turns":6.0},{"damage":16.0,"enemies":"Gremlin Nob","floor":8.0,"turns":7.0},{"damage":0.0,"enemies":"Lagavulin","floor":11.0,"turns":9.0},{"damage":9.0,"enemies":"Gremlin Gang","floor":12.0,"turns":6.0},{"damage":7.0,"enemies":"Lots of Slimes","floor":14.0,"turns":6.0},{"damage":0.0,"enemies":"Hexaghost","floor":16.0,"turns":16.0},{"damage":9.0,"enemies":"2 Thieves","floor":18.0,"turns":4.0},{"damage":25.0,"enemies":"Colosseum Slavers","floor":19.0,"turns":5.0},{"damage":1.0,"enemies":"Colosseum Nobs","floor":19.0,"turns":9.0},{"damage":0.0,"enemies":"Spheric Guardian","floor":20.0,"turns":6.0},{"damage":0.0,"enemies":"Centurion and Healer","floor":21.0,"turns":10.0},{"damage":6.0,"enemies":"Chosen and Byrds","floor":25.0,"turns":7.0},{"damage":0.0,"enemies":"Cultist and Chosen","floor":27.0,"turns":8.0},{"damage":24.0,"enemies":"Gremlin Leader","floor":28.0,"turns":11.0},{"damage":25.0,"enemies":"Slavers","floor":30.0,"turns":9.0},{"damage":9.0,"enemies":"Snake Plant","floor":31.0,"turns":8.0},{"damage":0.0,"enemies":"Champ","floor":33.0,"turns":14.0},{"damage":4.0,"enemies":"3 Shapes","floor":35.0,"turns":6.0},{"damage":8.0,"enemies":"Orb Walker","floor":36.0,"turns":6.0},{"damage":0.0,"enemies":"Maw","floor":37.0,"turns":10.0},{"damage":2.0,"enemies":"Transient","floor":39.0,"turns":5.0},{"damage":0.0,"enemies":"Nemesis","floor":40.0,"turns":9.0},{"damage":0.0,"enemies":"Giant Head","floor":42.0,"turns":11.0},{"damage":5.0,"enemies":"4 Shapes","floor":44.0,"turns":6.0},{"damage":13.0,"enemies":"Maw","floor":46.0,"turns":9.0},{"damage":5.0,"enemies":"Writhing Mass","floor":48.0,"turns":8.0},{"damage":51.0,"enemies":"Donu and Deca","floor":50.0,"turns":8.0},{"damage":38.0,"enemies":"Shield and Spear","floor":54.0,"turns":9.0},{"damage":96,"enemies":"The Heart","floor":55,"turns":11}],"seed_played":"-2873160362840727325","potions_obtained":[{"floor":3.0,"key":"SpeedPotion"},{"floor":8.0,"key":"Poison Potion"},{"floor":11.0,"key":"SkillPotion"},{"floor":12.0,"key":"Energy Potion"},{"floor":18.0,"key":"Explosive Potion"},{"floor":25.0,"key":"Regen Potion"},{"floor":27.0,"key":"SkillPotion"},{"floor":28.0,"key":"EssenceOfSteel"},{"floor":30.0,"key":"FearPotion"},{"floor":34.0,"key":"Ancient Potion"},{"floor":37.0,"key":"Fire Potion"},{"floor":44.0,"key":"Fire Potion"}],"is_trial":false,"path_per_floor":["M","M","M","$","?","M","R","E","T","R","E","M","$","M","R","B",null,"M","?","M","M","?","R","$","M","T","M","E","R","E","M","R","B",null,"M","M","M","$","M","E","?","E","T","M","R","M","R","M","R","B",null,"R","$","E","B",null],"character_chosen":"DEFECT","items_purchased":["Coolheaded","Defragment","Ice Cream"],"campfire_rested":1,"item_purchase_floors":[4,24,38],"current_hp_per_floor":[65,63,62,62,67,32,32,16,16,40,40,31,31,24,24,24,80,71,45,57,79,79,79,79,80,86,86,76,76,86,86,86,86,91,91,91,91,91,89,91,82,91,97,97,97,94,94,97,97,64,97,97,97,91,46],"gold":65,"neow_bonus":"BOSS_RELIC","is_prod":false,"is_daily":false,"chose_seed":false,"campfire_upgraded":8,"win_rate":1,"timestamp":1561973834,"path_taken":["M","M","M","$","?","M","R","E","T","R","E","M","$","M","R","BOSS","M","?","M","M","?","R","$","M","T","M","E","R","E","M","R","BOSS","M","M","M","$","?","E","?","E","T","?","R","M","R","M","R","BOSS","R","$","E","BOSS"],"build_version":"2019-01-23","purchased_purges":4,"victory":true,"max_hp_per_floor":[75,75,75,75,80,80,80,80,80,80,80,80,80,80,80,80,80,80,80,80,80,80,80,80,80,86,86,86,86,86,86,86,86,91,91,91,91,91,91,91,91,91,97,97,97,97,97,97,97,97,97,97,97,97,97],"card_choices":[{"not_picked":["Conserve Battery","Sweeping Beam"],"picked":"Consume","floor":1.0},{"not_picked":["Hologram","Reinforced Body"],"picked":"Defragment","floor":2.0},{"not_picked":["Chaos","Compile Driver"],"picked":"Sunder","floor":3.0},{"not_picked":["Self Repair","Coolheaded"],"picked":"Glacier","floor":6.0},{"not_picked":["Coolheaded","Gash","Aggregate"],"picked":"SKIP","floor":8.0},{"not_picked":["Barrage","Aggregate"],"picked":"Creative AI","floor":11.0},{"not_picked":["Compile Driver","Redo"],"picked":"Go for the Eyes","floor":12.0},{"not_picked":["Barrage","FTL"],"picked":"Turbo","floor":14.0},{"not_picked":["Reinforced Body","Scrape+1"],"picked":"Cold Snap+1","floor":18.0},{"not_picked":["Stack","Leap+1"],"picked":"Hologram","floor":19.0},{"not_picked":["Leap","Stack+1"],"picked":"Steam","floor":20.0},{"not_picked":["Turbo","Go for the Eyes","Rip and Tear"],"picked":"SKIP","floor":21.0},{"not_picked":["Gash+1","Multi-Cast"],"picked":"Coolheaded","floor":25.0},{"not_picked":["Melter","Coolheaded","Rip and Tear+1","Gash"],"picked":"SKIP","floor":27.0},{"not_picked":["Turbo","Beam Cell","Leap+1"],"picked":"Buffer","floor":28.0},{"not_picked":["Aggregate","Go for the Eyes","Coolheaded","Fission"],"picked":"SKIP","floor":30.0},{"not_picked":["Beam Cell","Conserve Battery","Gash","Rebound"],"picked":"SKIP","floor":31.0},{"not_picked":["Multi-Cast","Buffer","Rainbow"],"picked":"Amplify","floor":33.0},{"not_picked":["Stack","Static Discharge","Redo"],"picked":"Auto Shields+1","floor":34.0},{"not_picked":["Turbo+1","Barrage","Gash+1","Coolheaded+1"],"picked":"SKIP","floor":35.0},{"not_picked":["Sweeping Beam+1","Conserve Battery+1","Cold Snap","Hologram+1"],"picked":"SKIP","floor":36.0},{"not_picked":["Coolheaded","Steam","Storm"],"picked":"Seek","floor":37.0},{"not_picked":["Beam Cell","Tempest","Compile Driver","Scrape+1"],"picked":"SKIP","floor":39.0},{"not_picked":["Capacitor","Fission","Stack+1"],"picked":"Turbo+1","floor":40.0},{"not_picked":["Beam Cell+1","Aggregate","Coolheaded"],"picked":"Skim+1","floor":42.0},{"not_picked":["Hello World","Rip and Tear+1","Compile Driver"],"picked":"Seek","floor":44.0},{"not_picked":["Compile Driver+1","Gash","Fusion+1","Buffer"],"picked":"SKIP","floor":46.0},{"not_picked":["Streamline","Steam","Coolheaded","Buffer"],"picked":"SKIP","floor":48.0},{"not_picked":["Conserve Battery","Rebound","Steam+1","Hologram+1"],"picked":"SKIP","floor":54.0}],"player_experience":95624,"relics_obtained":[{"floor":8.0,"key":"Darkstone Periapt"},{"floor":11.0,"key":"Du-Vu Doll"},{"floor":19.0,"key":"Bird Faced Urn"},{"floor":19.0,"key":"Gremlin Horn"},{"floor":26.0,"key":"Question Card"},{"floor":28.0,"key":"Dream Catcher"},{"floor":30.0,"key":"Lantern"},{"floor":40.0,"key":"Bottled Tornado"},{"floor":42.0,"key":"Bronze Scales"},{"floor":43.0,"key":"Bag of Marbles"},{"floor":54.0,"key":"Blood Vial"}],"event_choices":[{"damage_healed":0.0,"max_hp_gain":5.0,"max_hp_loss":0.0,"gold_gain":0.0,"event_name":"Big Fish","player_choice":"Donut","floor":5.0,"gold_loss":0.0,"damage_taken":0.0},{"damage_healed":0.0,"max_hp_gain":0.0,"max_hp_loss":0.0,"gold_gain":0.0,"event_name":"Colosseum","player_choice":"Fight","floor":19.0,"gold_loss":0.0,"damage_taken":0.0},{"damage_healed":0.0,"max_hp_gain":0.0,"max_hp_loss":0.0,"gold_gain":0.0,"event_name":"Colosseum","player_choice":"Fought Nobs","floor":19.0,"gold_loss":0.0,"damage_taken":0.0},{"damage_healed":0.0,"max_hp_gain":0.0,"max_hp_loss":0.0,"gold_gain":0.0,"event_name":"N\u0027loth","player_choice":"Traded Relic","floor":22.0,"relics_lost":["Du-Vu Doll"],"gold_loss":0.0,"damage_taken":0.0,"relics_obtained":["Nloth\u0027s Gift"]},{"damage_healed":0.0,"max_hp_gain":0.0,"max_hp_loss":0.0,"gold_gain":0.0,"event_name":"Wheel of Change","player_choice":"Damaged","floor":41.0,"gold_loss":0.0,"damage_taken":9.0}],"is_beta":false,"boss_relics":[{"not_picked":["Lizard Tail","Eternal Feather"],"picked":"Cursed Key"},{"not_picked":["Sozu","Nuclear Battery"],"picked":"Tiny House"}],"items_purged_floors":[4,13,24,53],"is_endless":false,"potions_floor_spawned":[3,8,11,12,14,18,25,27,28,30,37,40,44,48],"ascension_level":1}