{"gold_per_floor":[117,42,57,57,27,27,41,55,55,74,21,21,31,66,66,66],"floor_reached":16,"playtime":668,"items_purged":[],"score":204,"play_id":"95fb348e-240c-4b04-8d5f-237c6f761c68","local_time":"20190816230634","is_ascension_mode":true,"campfire_choices":[{"data":"Sucker Punch","floor":6,"key":"SMITH"},{"floor":12,"key":"REST"},{"floor":15,"key":"REST"}],"neow_cost":"PERCENT_DAMAGE","seed_source_timestamp":138678165741600,"circlet_count":0,"master_deck":["AscendersBane","Strike_G","Strike_G","Strike_G","Strike_G","Strike_G","Defend_G","Defend_G","Defend_G","Defend_G","Survivor","Neutralize","Sucker Punch+1","Heel Hook","Terror","Dodge and Roll","Glass Knife","Backflip","Predator","Backflip"],"special_seed":0,"relics":["Ring of the Snake","Bird Faced Urn","Boot","Meat on the Bone"],"potions_floor_usage":[14,14],"damage_taken":[{"damage":1.0,"enemies":"Small Slimes","floor":1.0,"turns":5.0},{"damage":0.0,"enemies":"Jaw Worm","floor":3.0,"turns":4.0},{"damage":0,"enemies":"Cultist","floor":7,"turns":4},{"damage":23,"enemies":"Lots of Slimes","floor":8,"turns":6},{"damage":4,"enemies":"Large Slime","floor":10,"turns":8},{"damage":4,"enemies":"Exordium Wildlife","floor":13,"turns":5},{"damage":11,"enemies":"Gremlin Nob","floor":14,"turns":3},{"damage":50,"enemies":"Hexaghost","floor":16,"turns":12}],"seed_played":"2667331029282891792","potions_obtained":[{"floor":5,"key":"Poison Potion"},{"floor":5,"key":"EntropicBrew"}],"is_trial":false,"path_per_floor":["M","?","M","$","?","R","M","M","T","M","$","R","M","E","R","B"],"character_chosen":"THE_SILENT","items_purchased":["Backflip"],"campfire_rested":2,"item_purchase_floors":[11],"current_hp_per_floor":[43,43,43,43,43,43,43,20,20,16,16,35,31,20,39,0],"gold":66,"neow_bonus":"ONE_RARE_RELIC","is_prod":false,"is_daily":false,"chose_seed":false,"campfire_upgraded":1,"win_rate":0,"timestamp":1565989594,"path_taken":["M","?","M","$","?","R","M","M","T","M","$","R","?","E","R","BOSS"],"build_version":"2019-07-17","purchased_purges":0,"victory":false,"max_hp_per_floor":[66,66,66,66,66,66,66,66,66,66,66,66,66,66,66,66],"card_choices":[{"not_picked":["Deflect","Finisher"],"picked":"Sucker Punch","floor":1.0},{"not_picked":["PiercingWail","Noxious Fumes"],"picked":"Heel Hook","floor":3},{"not_picked":["Dagger Throw","Blade Dance"],"picked":"Terror","floor":7},{"not_picked":["Poisoned Stab","Acrobatics"],"picked":"Dodge and Roll","floor":8},{"not_picked":["Tactician","Outmaneuver"],"picked":"Glass Knife","floor":10},{"not_picked":["Acrobatics","Prepared"],"picked":"Predator","floor":13},{"not_picked":["Acrobatics","Sucker Punch"],"picked":"Backflip","floor":14}],"player_experience":1066979,"relics_obtained":[{"floor":9,"key":"Boot"},{"floor":14,"key":"Meat on the Bone"}],"event_choices":[{"cards_removed":["Defend_G"],"damage_healed":0.0,"max_hp_gain":0.0,"max_hp_loss":0.0,"gold_gain":0.0,"event_name":"The Cleric","player_choice":"Card Removal","floor":2.0,"gold_loss":75.0,"damage_taken":0.0},{"damage_healed":0,"gold_gain":0,"player_choice":"Bought 2 Potions","damage_taken":0,"max_hp_gain":0,"max_hp_loss":0,"event_name":"The Woman in Blue","floor":5,"gold_loss":0}],"is_beta":false,"boss_relics":[],"items_purged_floors":[],"is_endless":false,"potions_floor_spawned":[10,13,14],"killed_by":"Hexaghost","ascension_level":20}