{"gold_per_floor":[116,136,7,25,41,41,82,82,82,123,144,144,209,209],"floor_reached":14,"playtime":1319,"items_purged":[],"score":200,"play_id":"6e151de6-4449-452f-b669-b0bb9a0c6ddc","local_time":"20190816153820","is_ascension_mode":true,"campfire_choices":[{"floor":8.0,"key":"REST"},{"floor":12.0,"key":"REST"}],"neow_cost":"NONE","seed_source_timestamp":110803453194000,"circlet_count":0,"master_deck":["AscendersBane","Strike_G","Strike_G","Strike_G","Strike_G","Strike_G","Defend_G","Defend_G","Defend_G","Defend_G","Defend_G","Survivor","Neutralize","Night Terror","Endless Agony","Crippling Poison","Masterful Stab","Caltrops","PiercingWail","Infinite Blades","Injury","Backstab","Blade Dance","Glass Knife","Footwork"],"special_seed":0,"relics":["Ring of the Snake","Golden Idol","Strawberry","Vajra","Shuriken","Ancient Tea Set"],"potions_floor_usage":[14],"damage_taken":[{"damage":9.0,"enemies":"Small Slimes","floor":1.0,"turns":6.0},{"damage":0.0,"enemies":"Jaw Worm","floor":2.0,"turns":3.0},{"damage":0.0,"enemies":"Cultist","floor":4.0,"turns":4.0},{"damage":0.0,"enemies":"Lots of Slimes","floor":5.0,"turns":4.0},{"damage":43.0,"enemies":"Lagavulin","floor":7.0,"turns":9.0},{"damage":8.0,"enemies":"3 Sentries","floor":10.0,"turns":7.0},{"damage":8.0,"enemies":"Blue Slaver","floor":11.0,"turns":3.0},{"damage":11.0,"enemies":"3 Sentries","floor":13.0,"turns":7.0},{"damage":51,"enemies":"Gremlin Nob","floor":14,"turns":4}],"seed_played":"-7895861227987017988","potions_obtained":[{"floor":2.0,"key":"Block Potion"},{"floor":5.0,"key":"LiquidBronze"},{"floor":7.0,"key":"Swift Potion"}],"is_trial":false,"path_per_floor":["M","M","$","M","M","?","E","R","T","E","M","R","?","E"],"character_chosen":"THE_SILENT","items_purchased":["Masterful Stab","Caltrops"],"campfire_rested":2,"item_purchase_floors":[3,3],"current_hp_per_floor":[50,50,50,50,50,50,14,35,35,27,19,40,29,0],"gold":209,"neow_bonus":"ONE_RANDOM_RARE_CARD","is_prod":false,"is_daily":false,"chose_seed":false,"campfire_upgraded":0,"win_rate":0,"timestamp":1565962700,"path_taken":["M","M","$","M","M","?","E","R","T","E","M","R","?","E"],"build_version":"2019-07-17","purchased_purges":0,"victory":false,"max_hp_per_floor":[66,66,66,66,66,66,73,73,73,73,73,73,73,73],"card_choices":[{"not_picked":["Dagger Throw","Accuracy"],"picked":"Endless Agony","floor":1.0},{"not_picked":["Dagger Throw","Dodge and Roll"],"picked":"Crippling Poison","floor":2.0},{"not_picked":["Reflex","Concentrate"],"picked":"PiercingWail","floor":4.0},{"not_picked":["Prepared","Bane"],"picked":"Infinite Blades","floor":5.0},{"not_picked":["Dodge and Roll","Eviscerate"],"picked":"Backstab","floor":7.0},{"not_picked":["Outmaneuver","Dagger Spray"],"picked":"Blade Dance","floor":10.0},{"not_picked":["Blade Dance","Bane"],"picked":"Glass Knife","floor":11.0},{"not_picked":["Eviscerate","Underhanded Strike"],"picked":"Footwork","floor":13.0}],"player_experience":1060583,"relics_obtained":[{"floor":7.0,"key":"Strawberry"},{"floor":9.0,"key":"Vajra"},{"floor":10.0,"key":"Shuriken"},{"floor":13.0,"key":"Ancient Tea Set"}],"event_choices":[{"damage_healed":0.0,"max_hp_gain":0.0,"max_hp_loss":0.0,"gold_gain":0.0,"event_name":"Golden Idol","player_choice":"Take Wound","floor":6.0,"gold_loss":0.0,"damage_taken":0.0,"relics_obtained":["Golden Idol"],"cards_obtained":["Injury"]},{"damage_healed":0.0,"max_hp_gain":0.0,"max_hp_loss":0.0,"gold_gain":30.0,"event_name":"Dead Adventurer","player_choice":"Searched \u00272\u0027 times","floor":13.0,"gold_loss":0.0,"damage_taken":0.0}],"is_beta":false,"boss_relics":[],"items_purged_floors":[],"is_endless":false,"potions_floor_spawned":[2,5,7],"killed_by":"Gremlin Nob","ascension_level":20}