{"gold_per_floor":[112,112,112,112,136,170,5,28,51,87,38,38,56,75,75,194,194,210,210,225,250,175,211,227,227,306,346,346,371,407,67,67,67],"floor_reached":33,"playtime":2547,"items_purged":["Strike_G","Defend_G"],"score":435,"play_id":"b194b8f6-c76e-46eb-bd88-96d4a028a886","local_time":"20190814185019","is_ascension_mode":true,"campfire_choices":[{"data":"Apotheosis","floor":15,"key":"SMITH"},{"data":"Bullet Time","floor":25,"key":"SMITH"},{"floor":28,"key":"REST"},{"floor":32,"key":"REST"}],"neow_cost":"NONE","seed_source_timestamp":669733574844700,"circlet_count":0,"master_deck":["Strike_G","Strike_G","Strike_G","Strike_G","Defend_G","Defend_G","Defend_G","Defend_G","Survivor","Neutralize","PiercingWail","Distraction","Apotheosis+1","Bullet Time+1","Crippling Poison+1","Quick Slash+1","Backflip"],"relics":["Ring of the Snake","NeowsBlessing","Bird Faced Urn","Golden Idol","Mercury Hourglass","Pen Nib","Anchor","Strawberry","Pear","WristBlade","Peace Pipe","Blue Candle","Bottled Flame","Lantern","Ninja Scroll"],"potions_floor_usage":[10,16,23,23,29,33,33],"damage_taken":[{"damage":0,"enemies":"Jaw Worm","floor":1,"turns":1},{"damage":0,"enemies":"2 Louse","floor":5,"turns":1},{"damage":0,"enemies":"3 Sentries","floor":6,"turns":1},{"damage":4,"enemies":"Cultist","floor":8,"turns":3},{"damage":7,"enemies":"Lagavulin","floor":10,"turns":8},{"damage":4,"enemies":"Exordium Thugs","floor":13,"turns":3},{"damage":0,"enemies":"Gremlin Gang","floor":14,"turns":4},{"damage":28,"enemies":"The Guardian","floor":16,"turns":21},{"damage":6,"enemies":"3 Byrds","floor":18,"turns":7},{"damage":14,"enemies":"Chosen","floor":20,"turns":5},{"damage":2,"enemies":"Centurion and Healer","floor":21,"turns":7},{"damage":19,"enemies":"Slavers","floor":23,"turns":8},{"damage":15,"enemies":"Snake Plant","floor":24,"turns":4},{"damage":3,"enemies":"Book of Stabbing","floor":27,"turns":7},{"damage":0,"enemies":"Cultist and Chosen","floor":29,"turns":9},{"damage":38,"enemies":"Gremlin Leader","floor":30,"turns":7},{"damage":44,"enemies":"Champ","floor":33,"turns":17}],"seed_played":"-4638107671462713722","potions_obtained":[{"floor":5,"key":"GhostInAJar"},{"floor":6,"key":"Weak Potion"},{"floor":10,"key":"Block Potion"},{"floor":14,"key":"PowerPotion"},{"floor":18,"key":"Strength Potion"},{"floor":23,"key":"SpeedPotion"},{"floor":27,"key":"Block Potion"}],"is_trial":false,"path_per_floor":["M","?","?","T","M","E","$","M","T","E","?","?","M","M","R","B",null,"M","?","M","M","$","E","M","R","T","E","R","M","E","$","R","B"],"character_chosen":"THE_SILENT","items_purchased":["Apotheosis","Ninja Scroll"],"campfire_rested":2,"item_purchase_floors":[7,31],"current_hp_per_floor":[70,70,53,53,53,53,53,49,49,49,49,59,55,55,55,27,87,81,81,67,65,65,48,33,33,33,30,56,56,18,18,44,0],"gold":67,"neow_bonus":"THREE_ENEMY_KILL","is_prod":false,"is_daily":false,"chose_seed":false,"campfire_upgraded":2,"win_rate":0,"timestamp":1565772619,"path_taken":["M","?","?","?","M","E","$","?","T","E","?","?","M","?","R","BOSS","M","?","M","M","$","E","M","R","T","E","R","?","E","?","R","BOSS"],"build_version":"2019-07-17","purchased_purges":2,"victory":false,"max_hp_per_floor":[70,70,70,70,70,70,70,70,70,77,77,87,87,87,87,87,87,87,87,87,87,87,87,87,87,87,87,87,87,87,87,87,87],"card_choices":[{"not_picked":["Dagger Spray","Bane"],"picked":"PiercingWail","floor":1},{"not_picked":["Outmaneuver","Eviscerate","Heel Hook"],"picked":"SKIP","floor":5},{"not_picked":["Reflex","Blade Dance"],"picked":"Distraction","floor":6},{"not_picked":["Escape Plan","Deflect","PiercingWail"],"picked":"SKIP","floor":8},{"not_picked":["Masterful Stab","Expertise","Phantasmal Killer"],"picked":"SKIP","floor":10},{"not_picked":["Underhanded Strike","Riddle With Holes","Backflip"],"picked":"SKIP","floor":13},{"not_picked":["Bane","Reflex","Backflip"],"picked":"SKIP","floor":14},{"not_picked":["Night Terror","Wraith Form v2"],"picked":"Bullet Time","floor":16},{"not_picked":["Poisoned Stab","Dagger Spray","Catalyst"],"picked":"SKIP","floor":18},{"not_picked":["Flying Knee","Slice","Backstab"],"picked":"SKIP","floor":20},{"not_picked":["Bane","Deadly Poison+1"],"picked":"Crippling Poison+1","floor":21},{"not_picked":["Endless Agony","Masterful Stab"],"picked":"Quick Slash+1","floor":23},{"not_picked":["Eviscerate","Terror"],"picked":"Backflip","floor":24},{"not_picked":["Backflip","Flying Knee","Acrobatics"],"picked":"SKIP","floor":27},{"not_picked":["Quick Slash","Reflex+1","Flying Knee"],"picked":"SKIP","floor":29},{"not_picked":["Underhanded Strike+1","PiercingWail+1","Caltrops"],"picked":"SKIP","floor":30}],"player_experience":33240,"relics_obtained":[{"floor":4,"key":"Mercury Hourglass"},{"floor":6,"key":"Pen Nib"},{"floor":9,"key":"Anchor"},{"floor":10,"key":"Strawberry"},{"floor":12,"key":"Pear"},{"floor":23,"key":"Peace Pipe"},{"floor":26,"key":"Blue Candle"},{"floor":27,"key":"Bottled Flame"},{"floor":30,"key":"Lantern"}],"event_choices":[{"damage_healed":0,"gold_gain":0,"player_choice":"Box","damage_taken":0,"relics_obtained":["Bird Faced Urn"],"max_hp_gain":0,"max_hp_loss":0,"event_name":"Big Fish","floor":2,"gold_loss":0,"cards_obtained":["Regret"]},{"damage_healed":0,"gold_gain":0,"player_choice":"Take Damage","damage_taken":17,"relics_obtained":["Golden Idol"],"max_hp_gain":0,"max_hp_loss":0,"event_name":"Golden Idol","floor":3,"gold_loss":0},{"damage_healed":0,"gold_gain":0,"player_choice":"Left Gold","damage_taken":0,"max_hp_gain":0,"max_hp_loss":0,"event_name":"World of Goop","floor":11,"gold_loss":49},{"damage_healed":0,"gold_gain":0,"player_choice":"Relic","damage_taken":0,"max_hp_gain":0,"max_hp_loss":0,"event_name":"Wheel of Change","floor":12,"gold_loss":0},{"cards_removed":["Regret"],"damage_healed":0,"gold_gain":0,"player_choice":"Purged","damage_taken":0,"max_hp_gain":0,"max_hp_loss":0,"event_name":"Purifier","floor":19,"gold_loss":0}],"is_beta":false,"boss_relics":[{"not_picked":["Runic Dome","Black Star"],"picked":"WristBlade"}],"items_purged_floors":[22,31],"is_endless":false,"potions_floor_spawned":[5,6,10,14,18,23,27],"killed_by":"Champ","ascension_level":1}