{"path_per_floor":["M","?","M","?","M","R","E","M","T","E","?","R","$","E","R","B",null,"M","M","?","M","M","R","E","R","T","M","R","?","E","M","R","B",null,"M","?","?","$","M","E","R","E","T","$","M","M","R","$","R","B"],"character_chosen":"IRONCLAD","items_purchased":["Finesse","Bag of Marbles","Fire Breathing","Thinking Ahead","Battle Trance","Regen Potion"],"gold_per_floor":[114,114,124,224,237,237,265,281,281,311,311,311,2,33,33,134,134,102,121,121,137,155,155,188,188,238,249,249,164,194,213,213,318,318,338,385,385,46,58,115,115,146,146,46,57,72,72,24,24,24],"floor_reached":51,"campfire_rested":3,"playtime":4677,"current_hp_per_floor":[80,80,78,78,80,80,61,49,49,36,36,36,36,44,44,15,80,57,53,53,51,18,57,42,42,42,46,46,46,46,52,52,49,80,62,35,35,35,37,29,68,29,29,29,10,12,51,51,51,37],"items_purged":["Injury","Doubt"],"gold":24,"play_id":"1c2a8858-2b01-4d7e-9dee-9f3430c420d2","is_prod":false,"is_daily":false,"campfire_rituals":0,"campfire_upgraded":7,"is_hardmode":false,"path_taken":["M","?","M","?","?","R","E","M","T","E","?","R","$","E","R","BOSS","M","?","?","M","M","R","E","R","T","M","R","?","E","M","R","BOSS","M","?","?","$","M","E","R","E","T","?","M","M","R","$","R","BOSS"],"build_version":"2018-01-11-PROD2","purchased_purges":2,"victory":true,"master_deck":["Strike_R","Strike_R","Strike_R","Strike_R","Strike_R","Defend_R","Defend_R","Defend_R","Defend_R","Bash","Pommel Strike","Seeing Red","Armaments","Flex","Armaments","Shockwave","Berserk","Finesse","Fire Breathing","Headbutt","Dark Embrace","Thunderclap","Shrug It Off","Seeing Red","Heavy Blade","Feel No Pain","Parasite","Cleave","Pommel Strike","Clash","Barricade","True Grit","Pommel Strike","Thinking Ahead","Battle Trance","Burning Pact","Whirlwind","Heavy Blade","Seeing Red","Pommel Strike","Body Slam","Warcry"],"max_hp_per_floor":[80,80,80,80,80,80,80,80,80,80,80,80,80,80,80,80,80,80,80,80,80,80,80,80,80,80,80,80,80,80,80,80,80,80,80,80,80,80,80,80,80,80,80,80,80,80,80,80,80,80],"relics":["Burning Blood","Orichalcum","Magic Flower","Gremlin Horn","Regal Pillow","Bag of Marbles","Shuriken","Cursed Key","Oddly Smooth Stone","Happy Flower","Red Skull","Dream Catcher","Mark of Pain","Ice Cream","Tiny Chest","Toolbox","Unceasing Top"],"campfire_meditates":0,"card_choices":[{"not_picked":["Reckless Charge","Armaments"],"picked":"Pommel Strike"},{"not_picked":["Heavy Blade","Rage"],"picked":"Seeing Red"},{"not_picked":["Warcry","Twin Strike"],"picked":"Armaments"},{"not_picked":["Thunderclap","Anger"],"picked":"Flex"},{"not_picked":["Berserk","Blood for Blood"],"picked":"Armaments"},{"not_picked":["Clothesline","Wild Strike"],"picked":"Shockwave"},{"not_picked":["Infernal Blade","Sword Boomerang"],"picked":"Berserk"},{"not_picked":["Rampage","Body Slam"],"picked":"Headbutt"},{"not_picked":["Barricade","Feed"],"picked":"Dark Embrace"},{"not_picked":["Heavy Blade","Rage"],"picked":"Thunderclap"},{"not_picked":["Combust","Anger"],"picked":"Shrug It Off"},{"not_picked":["Anger","Flex"],"picked":"Seeing Red"},{"not_picked":["Burning Pact","Clash"],"picked":"Heavy Blade"},{"not_picked":["Limit Break","Double Tap"],"picked":"Feel No Pain"},{"not_picked":["Clothesline","Twin Strike"],"picked":"Cleave"},{"not_picked":["Thunderclap","Twin Strike"],"picked":"Pommel Strike"},{"not_picked":["Rampage","Perfected Strike"],"picked":"Clash"},{"not_picked":["Juggernaut","Fiend Fire"],"picked":"Barricade"},{"not_picked":["Rampage","Dual Wield"],"picked":"True Grit"},{"not_picked":["Headbutt","Flame Barrier"],"picked":"Pommel Strike"},{"not_picked":["Disarm","Sword Boomerang"],"picked":"Burning Pact"},{"not_picked":["Flame Barrier","Sever Soul"],"picked":"Whirlwind"},{"not_picked":["Twin Strike","Hemokinesis"],"picked":"Heavy Blade"},{"not_picked":["Searing Blow","Reckless Charge"],"picked":"Seeing Red"},{"not_picked":["True Grit","Iron Wave"],"picked":"Pommel Strike"},{"not_picked":["Juggernaut","Wild Strike"],"picked":"Body Slam"},{"not_picked":["Sword Boomerang","Armaments"],"picked":"Warcry"}],"player_experience":48389,"potions_floor_usage":[7,14,14,16,24,27,33,40,42,50,50,50],"damage_taken":[{"damage":1,"enemies":"Cultist","floor":1,"turns":3},{"damage":8,"enemies":"Jaw Worm","floor":3,"turns":3},{"damage":4,"enemies":"2 Louse","floor":5,"turns":3},{"damage":31,"enemies":"Lagavulin","floor":7,"turns":5},{"damage":18,"enemies":"Red Slaver","floor":8,"turns":5},{"damage":22,"enemies":"3 Sentries","floor":10,"turns":10},{"damage":1,"enemies":"Lagavulin","floor":14,"turns":9},{"damage":38,"enemies":"The Guardian","floor":16,"turns":11},{"damage":32,"enemies":"2 Thieves","floor":18,"turns":5},{"damage":13,"enemies":"Chosen","floor":19,"turns":6},{"damage":11,"enemies":"3 Cultists","floor":21,"turns":5},{"damage":42,"enemies":"Chosen and Byrds","floor":22,"turns":7},{"damage":24,"enemies":"Slavers","floor":24,"turns":5},{"damage":5,"enemies":"Sentry and Sphere","floor":27,"turns":5},{"damage":9,"enemies":"Gremlin Leader","floor":30,"turns":6},{"damage":3,"enemies":"3 Cultists","floor":31,"turns":5},{"damage":12,"enemies":"Champ","floor":33,"turns":11},{"damage":27,"enemies":"3 Shapes","floor":35,"turns":5},{"damage":36,"enemies":"Mysterious Sphere","floor":36,"turns":5},{"damage":7,"enemies":"Orb Walker","floor":39,"turns":3},{"damage":17,"enemies":"2 Orb Walkers","floor":40,"turns":3},{"damage":48,"enemies":"Nemesis","floor":42,"turns":7},{"damage":34,"enemies":"Maw","floor":45,"turns":6},{"damage":7,"enemies":"Sphere and 2 Shapes","floor":46,"turns":4},{"damage":48,"enemies":"Donu and Deca","floor":50,"turns":7}],"event_choices":[{"event_name":"Upgrade Shrine","player_choice":"Upgraded","floor":2,"damage_taken":0},{"event_name":"Golden Shrine","player_choice":"Pray","floor":4,"damage_taken":0},{"event_name":"Accursed Blacksmith","player_choice":"Rummage","floor":11,"damage_taken":0},{"event_name":"Wheel of Change","player_choice":"Card Removal","floor":20,"damage_taken":0},{"event_name":"Addict","player_choice":"Obtained Relic","floor":29,"damage_taken":0},{"event_name":"Mysterious Sphere","player_choice":"Fight","floor":36,"damage_taken":0},{"event_name":"Tomb of Lord Red Mask","player_choice":"Ignored","floor":37,"damage_taken":0}],"boss_relics":[{"not_picked":["Question Card","Black Star"],"picked":"Cursed Key"},{"not_picked":["Calling Bell","Eternal Feather"],"picked":"Mark of Pain"}],"potions_floor_spawned":[1,5,10,14,18,24,30,36,40,42,45],"seed_played":"-2271435706336154695","is_trial":false}