{"gold_per_floor":[116,116,135,152,227,227,247,276,276,276,276,296,330,350,350,350],"floor_reached":16,"playtime":465,"items_purged":[],"score":190,"play_id":"c0d242c5-37d9-4741-962c-88e2ff09ac7d","local_time":"20190712210553","is_ascension_mode":true,"campfire_choices":[{"data":"Uppercut","floor":6,"key":"SMITH"},{"floor":11,"key":"REST"},{"data":"Havoc","floor":15,"key":"SMITH"}],"neow_cost":"NONE","seed_source_timestamp":158100269471748,"circlet_count":0,"master_deck":["AscendersBane","Strike_R","Strike_R","Strike_R","Strike_R","Strike_R","Defend_R","Defend_R","Defend_R","Defend_R","Bash","Shrug It Off","Uppercut+1","Thunderclap","Clothesline","Impervious","Anger","Havoc+1"],"relics":["Burning Blood","Oddly Smooth Stone","Ancient Tea Set","Matryoshka","Orichalcum"],"potions_floor_usage":[8,13],"damage_taken":[{"damage":7,"enemies":"2 Louse","floor":1,"turns":4},{"damage":20,"enemies":"Jaw Worm","floor":3,"turns":5},{"damage":3,"enemies":"Cultist","floor":4,"turns":4},{"damage":17,"enemies":"2 Fungi Beasts","floor":7,"turns":4},{"damage":44,"enemies":"Lagavulin","floor":8,"turns":7},{"damage":6,"enemies":"Exordium Wildlife","floor":12,"turns":4},{"damage":14,"enemies":"Gremlin Nob","floor":13,"turns":4},{"damage":4,"enemies":"Looter","floor":14,"turns":4},{"damage":30,"enemies":"Hexaghost","floor":16,"turns":10}],"seed_played":"-859530033468142558","potions_obtained":[{"floor":3,"key":"Dexterity Potion"},{"floor":4,"key":"Poison Potion"},{"floor":8,"key":"SteroidPotion"}],"is_trial":false,"path_per_floor":["M","?","M","M","?","R","M","E","T","?","R","M","E","M","R","B"],"character_chosen":"IRONCLAD","items_purchased":[],"campfire_rested":1,"item_purchase_floors":[],"current_hp_per_floor":[74,79,65,68,57,57,46,8,8,8,34,34,26,28,28,0],"gold":350,"neow_bonus":"TEN_PERCENT_HP_BONUS","is_prod":false,"is_daily":false,"chose_seed":false,"campfire_upgraded":2,"win_rate":0,"timestamp":1562979953,"path_taken":["M","?","M","M","?","R","M","E","T","?","R","M","E","M","R","BOSS"],"build_version":"2019-07-05","purchased_purges":0,"victory":false,"max_hp_per_floor":[82,87,87,87,87,87,87,87,87,87,87,87,87,87,87,87],"card_choices":[{"not_picked":["Dual Wield","Perfected Strike"],"picked":"Shrug It Off","floor":1},{"not_picked":["Armaments","Sword Boomerang"],"picked":"Uppercut","floor":3},{"not_picked":["Bloodletting","Cleave"],"picked":"Thunderclap","floor":4},{"not_picked":["Perfected Strike","Feel No Pain"],"picked":"True Grit","floor":7},{"not_picked":["Iron Wave","Feel No Pain"],"picked":"Clothesline","floor":8},{"not_picked":["Perfected Strike","Infernal Blade"],"picked":"Impervious","floor":12},{"not_picked":["Clash","Rage"],"picked":"Anger","floor":13},{"not_picked":["Pummel","Second Wind"],"picked":"Havoc","floor":14}],"player_experience":686947,"relics_obtained":[{"floor":8,"key":"Oddly Smooth Stone"},{"floor":9,"key":"Ancient Tea Set"},{"floor":13,"key":"Orichalcum"}],"event_choices":[{"damage_healed":0,"gold_gain":0,"player_choice":"Donut","damage_taken":0,"max_hp_gain":5,"max_hp_loss":0,"event_name":"Big Fish","floor":2,"gold_loss":0},{"damage_healed":0,"gold_gain":75,"player_choice":"Gather Gold","damage_taken":11,"max_hp_gain":0,"max_hp_loss":0,"event_name":"World of Goop","floor":5,"gold_loss":0},{"cards_removed":["True Grit"],"damage_healed":0,"gold_gain":0,"player_choice":"Gave Card","damage_taken":0,"relics_obtained":["Matryoshka"],"max_hp_gain":0,"max_hp_loss":0,"event_name":"WeMeetAgain","floor":10,"gold_loss":0}],"is_beta":false,"boss_relics":[],"items_purged_floors":[],"is_endless":false,"potions_floor_spawned":[3,4,8],"killed_by":"Hexaghost","ascension_level":14}