{"gold_per_floor":[116,116,128,144,52,81,81,116,142,142,173,192,212,58,58,157,157,168,179,196,210,223,223,257,275,328,328,360,378,378,388,388,484,484,498,498,4,104,121,121,121,121,121,154,154,154,154,172,172,172],"floor_reached":50,"playtime":4947,"items_purged":[],"score":663,"play_id":"04c112da-5da7-4fbf-adc3-d030953f2899","local_time":"20181225144047","is_ascension_mode":true,"campfire_choices":[{"data":"Backstab","floor":7,"key":"SMITH"},{"floor":10,"key":"REST"},{"floor":15,"key":"REST"},{"data":"A Thousand Cuts","floor":23,"key":"SMITH"},{"floor":27,"key":"REST"},{"floor":32,"key":"REST"},{"floor":40,"key":"RECALL"},{"floor":46,"key":"REST"},{"data":"Noxious Fumes","floor":49,"key":"SMITH"}],"neow_cost":"NONE","seed_source_timestamp":173981992697217,"circlet_count":0,"master_deck":["Defend_G","Defend_G","Defend_G","Defend_G","Defend_G+1","Survivor","Neutralize","Deflect","Escape Plan","Sucker Punch","Backstab+1","Underhanded Strike","Corpse Explosion+1","Leg Sweep","PiercingWail","Noxious Fumes+1","A Thousand Cuts+1","Backflip+1","Prepared","Bane","Dagger Spray+1","Deflect","Masterful Stab","Escape Plan","Well Laid Plans+1","Acrobatics","Blade Dance+1","Outmaneuver","Bullet Time","Heel Hook+1","PiercingWail+1","Sucker Punch+1","Endless Agony","Finisher","Flash of Steel","Deflect","Endless Agony+1","Madness","Madness","Accuracy+1","Backflip+1"],"relics":["Ring of the Serpent","Centennial Puzzle","Lantern","Vajra","War Paint","Ice Cream","Odd Mushroom","Bronze Scales","Bag of Preparation","Juzu Bracelet","Dream Catcher","Astrolabe","Nunchaku","Girya","Pantograph","FossilizedHelix"],"potions_floor_usage":[3,11,21,22,24,48,50],"damage_taken":[{"damage":7,"enemies":"Small Slimes","floor":1,"turns":8},{"damage":1,"enemies":"Jaw Worm","floor":3,"turns":3},{"damage":0,"enemies":"Cultist","floor":4,"turns":5},{"damage":2,"enemies":"3 Sentries","floor":6,"turns":12},{"damage":20,"enemies":"Gremlin Nob","floor":8,"turns":4},{"damage":7,"enemies":"3 Sentries","floor":11,"turns":5},{"damage":4,"enemies":"Blue Slaver","floor":12,"turns":3},{"damage":0,"enemies":"The Mushroom Lair","floor":13,"turns":1},{"damage":0,"enemies":"The Guardian","floor":16,"turns":9},{"damage":2,"enemies":"Chosen","floor":18,"turns":5},{"damage":0,"enemies":"Spheric Guardian","floor":19,"turns":6},{"damage":0,"enemies":"Cultist and Chosen","floor":20,"turns":5},{"damage":0,"enemies":"Snake Plant","floor":21,"turns":4},{"damage":6,"enemies":"Sentry and Sphere","floor":22,"turns":4},{"damage":18,"enemies":"Gremlin Leader","floor":24,"turns":7},{"damage":12,"enemies":"Centurion and Healer","floor":25,"turns":5},{"damage":18,"enemies":"Slavers","floor":28,"turns":4},{"damage":0,"enemies":"Cultist and Chosen","floor":29,"turns":5},{"damage":1,"enemies":"Shelled Parasite and Fungi","floor":31,"turns":6},{"damage":19,"enemies":"Collector","floor":33,"turns":8},{"damage":0,"enemies":"3 Shapes","floor":35,"turns":4},{"damage":3,"enemies":"Mind Bloom Boss Battle","floor":38,"turns":6},{"damage":5,"enemies":"Orb Walker","floor":39,"turns":3},{"damage":26,"enemies":"Nemesis","floor":44,"turns":9},{"damage":1,"enemies":"Maw","floor":48,"turns":7},{"damage":84,"enemies":"Time Eater","floor":50,"turns":11}],"seed_played":"-848974953149160391","potions_obtained":[{"floor":1,"key":"Strength Potion"},{"floor":8,"key":"LiquidBronze"},{"floor":13,"key":"FairyPotion"},{"floor":18,"key":"LiquidBronze"},{"floor":21,"key":"EssenceOfSteel"},{"floor":22,"key":"GamblersBrew"},{"floor":25,"key":"FearPotion"},{"floor":33,"key":"EssenceOfSteel"}],"is_trial":false,"path_per_floor":["M","?","M","M","$","E","R","E","T","R","E","M","?","$","R","B",null,"M","M","M","M","M","R","E","M","T","R","E","M","?","M","R","B",null,"M","?","$","?","M","R","?","?","T","E","?","R","T","M","R","B"],"character_chosen":"THE_SILENT","items_purchased":["Backstab","Underhanded Strike","Bronze Scales","Finisher","Flash of Steel","Nunchaku","Deflect"],"campfire_rested":5,"item_purchase_floors":[5,5,14,37,37,37,37],"current_hp_per_floor":[63,51,50,50,50,48,48,28,28,49,42,38,38,38,59,59,70,68,68,68,68,62,62,44,32,32,53,35,35,58,57,70,51,70,70,70,70,67,62,62,53,53,53,27,27,48,48,47,47,0],"gold":172,"neow_bonus":"TRANSFORM_CARD","is_prod":false,"is_daily":false,"chose_seed":false,"campfire_upgraded":3,"win_rate":0,"timestamp":1545727247,"path_taken":["M","?","M","M","$","E","R","E","T","R","E","M","?","?","R","BOSS","M","M","M","M","M","R","E","M","T","R","E","M","?","M","R","BOSS","M","?","$","?","M","R","?","?","T","E","?","R","?","M","R","BOSS"],"build_version":"2018-12-20","purchased_purges":0,"victory":false,"max_hp_per_floor":[70,70,70,70,70,70,70,70,70,70,70,70,70,70,70,70,70,70,70,70,70,70,70,70,70,70,70,70,70,70,70,70,70,70,70,70,70,70,70,70,70,70,70,70,70,70,70,70,70,70],"card_choices":[{"not_picked":["Backflip","Infinite Blades"],"picked":"Escape Plan","floor":1},{"not_picked":["Blade Dance","Well Laid Plans","Acrobatics"],"picked":"SKIP","floor":3},{"not_picked":["Prepared","Footwork"],"picked":"Sucker Punch","floor":4},{"not_picked":["Heel Hook","Infinite Blades"],"picked":"Corpse Explosion","floor":6},{"not_picked":["Blade Dance","Deadly Poison","Choke"],"picked":"SKIP","floor":8},{"not_picked":["Eviscerate","Bane"],"picked":"Leg Sweep","floor":11},{"not_picked":["Leg Sweep","Slice"],"picked":"PiercingWail","floor":12},{"not_picked":["Cloak And Dagger","Well Laid Plans"],"picked":"Noxious Fumes","floor":13},{"not_picked":["Adrenaline","Tools of the Trade"],"picked":"A Thousand Cuts","floor":16},{"not_picked":["Deflect+1","Blade Dance+1"],"picked":"Backflip+1","floor":18},{"not_picked":["Underhanded Strike+1","Die Die Die"],"picked":"Prepared","floor":19},{"not_picked":["Eviscerate","Deadly Poison"],"picked":"Bane","floor":20},{"not_picked":["Dash","PiercingWail+1"],"picked":"Dagger Spray+1","floor":21},{"not_picked":["Setup","Prepared"],"picked":"Deflect","floor":22},{"not_picked":["Cloak And Dagger+1","Crippling Poison"],"picked":"Masterful Stab","floor":24},{"not_picked":["Skewer+1","Dagger Spray"],"picked":"Escape Plan","floor":25},{"not_picked":["Prepared+1","Deflect"],"picked":"Well Laid Plans","floor":28},{"not_picked":["Quick Slash+1","Blade Dance"],"picked":"Acrobatics","floor":29},{"not_picked":["PiercingWail","Poisoned Stab"],"picked":"Blade Dance+1","floor":31},{"not_picked":["Poisoned Stab","Skewer"],"picked":"Outmaneuver","floor":32},{"not_picked":["Malaise","Wraith Form v2"],"picked":"Bullet Time","floor":33},{"not_picked":["Tactician+1","Deadly Poison"],"picked":"Endless Agony","floor":35},{"not_picked":["Acrobatics","Infinite Blades+1"],"picked":"Endless Agony+1","floor":38},{"not_picked":["Dagger Spray","Setup","Deadly Poison"],"picked":"SKIP","floor":39},{"not_picked":["Distraction+1","Expertise+1"],"picked":"Accuracy+1","floor":44},{"not_picked":["Deflect","Heel Hook+1"],"picked":"Backflip+1","floor":48}],"player_experience":411245,"relics_obtained":[{"floor":6,"key":"Lantern"},{"floor":8,"key":"Vajra"},{"floor":9,"key":"War Paint"},{"floor":11,"key":"Ice Cream"},{"floor":13,"key":"Odd Mushroom"},{"floor":24,"key":"Bag of Preparation"},{"floor":26,"key":"Juzu Bracelet"},{"floor":28,"key":"Dream Catcher"},{"floor":38,"key":"Girya"},{"floor":44,"key":"Pantograph"},{"floor":47,"key":"FossilizedHelix"}],"event_choices":[{"damage_healed":0,"gold_gain":0,"player_choice":"Success","damage_taken":12,"relics_obtained":["Centennial Puzzle"],"max_hp_gain":0,"max_hp_loss":0,"event_name":"Scrap Ooze","floor":2,"gold_loss":0},{"damage_healed":0,"gold_gain":0,"player_choice":"Fought Mushrooms","damage_taken":0,"max_hp_gain":0,"max_hp_loss":0,"event_name":"Mushrooms","floor":13,"gold_loss":0},{"damage_healed":23,"gold_gain":0,"player_choice":"Heal","damage_taken":0,"max_hp_gain":0,"max_hp_loss":0,"event_name":"The Library","floor":30,"gold_loss":0},{"cards_removed":["Strike_G"],"damage_healed":0,"gold_gain":0,"player_choice":"Purged","damage_taken":0,"max_hp_gain":0,"max_hp_loss":0,"event_name":"Purifier","floor":36,"gold_loss":0},{"damage_healed":0,"gold_gain":0,"player_choice":"Fight","damage_taken":0,"max_hp_gain":0,"max_hp_loss":0,"event_name":"MindBloom","floor":38,"gold_loss":0},{"damage_healed":0,"gold_gain":0,"player_choice":"Embrace Madness","damage_taken":9,"max_hp_gain":0,"max_hp_loss":0,"event_name":"Winding Halls","floor":41,"gold_loss":0,"cards_obtained":["Madness","Madness"]},{"damage_healed":0,"gold_gain":0,"player_choice":"Upgraded","damage_taken":0,"max_hp_gain":0,"max_hp_loss":0,"event_name":"Upgrade Shrine","floor":42,"gold_loss":0,"cards_upgraded":["Well Laid Plans"]},{"damage_healed":0,"gold_gain":0,"player_choice":"Ignored","damage_taken":0,"max_hp_gain":0,"max_hp_loss":0,"event_name":"The Moai Head","floor":45,"gold_loss":0}],"is_beta":false,"boss_relics":[{"not_picked":["Velvet Choker","Coffee Dripper"],"picked":"Ring of the Serpent"},{"not_picked":["Orrery","Sozu"],"picked":"Astrolabe"}],"items_purged_floors":[],"is_endless":false,"potions_floor_spawned":[1,8,13,18,21,22,25,33,44],"killed_by":"Time Eater","ascension_level":2}