{"gold_per_floor":[109,109,121,132,57,85,85,116,116,116,116,129,29,40,40,114,114,129,146,43,56,106,106,137,137,137,149,168,168,193,55,55,55],"floor_reached":33,"playtime":1713,"items_purged":["Strike_G","Pain"],"score":640,"play_id":"4c65c216-f9f4-46fd-ad13-009ab60cb57a","local_time":"20190818224244","is_ascension_mode":true,"campfire_choices":[{"data":"Envenom","floor":7.0,"key":"SMITH"},{"data":"Blade Dance","floor":11.0,"key":"SMITH"},{"data":"Catalyst","floor":15.0,"key":"SMITH"},{"floor":23.0,"key":"REST"},{"data":"Distraction","floor":25.0,"key":"SMITH"},{"data":"Infinite Blades","floor":29.0,"key":"SMITH"},{"data":"Wraith Form v2","floor":32.0,"key":"SMITH"}],"neow_cost":"NONE","seed_source_timestamp":157249048129800,"circlet_count":0,"master_deck":["AscendersBane","Strike_G","Strike_G","Strike_G","Strike_G","Defend_G","Defend_G","Defend_G","Defend_G","Defend_G","Survivor","Neutralize","Dash","Blade Dance+1","Envenom+1","Dagger Spray","Distraction+1","Catalyst+1","Storm of Steel","Crippling Poison","PiercingWail","Infinite Blades+1","Cloak And Dagger+1","Dodge and Roll","Blur","PiercingWail+1","Wraith Form v2+1","PiercingWail"],"special_seed":0,"relics":["Ring of the Snake","PreservedInsect","Torii","Tingsha","Bottled Flame","WarpedTongs","Runic Pyramid","Ornamental Fan","Matryoshka","Meat on the Bone"],"potions_floor_usage":[33],"damage_taken":[{"damage":2.0,"enemies":"2 Louse","floor":1.0,"turns":4.0},{"damage":0.0,"enemies":"Cultist","floor":3.0,"turns":4.0},{"damage":0.0,"enemies":"Jaw Worm","floor":4.0,"turns":5.0},{"damage":20.0,"enemies":"Gremlin Nob","floor":6.0,"turns":4.0},{"damage":2.0,"enemies":"3 Sentries","floor":8.0,"turns":6.0},{"damage":5.0,"enemies":"Exordium Thugs","floor":12.0,"turns":4.0},{"damage":0.0,"enemies":"2 Fungi Beasts","floor":14.0,"turns":4.0},{"damage":4.0,"enemies":"Hexaghost","floor":16.0,"turns":8.0},{"damage":13.0,"enemies":"2 Thieves","floor":18.0,"turns":4.0},{"damage":12.0,"enemies":"Spheric Guardian","floor":19.0,"turns":4.0},{"damage":0.0,"enemies":"Centurion and Healer","floor":21.0,"turns":5.0},{"damage":0.0,"enemies":"Gremlin Leader","floor":24.0,"turns":4.0},{"damage":1.0,"enemies":"Cultist and Chosen","floor":27.0,"turns":7.0},{"damage":9.0,"enemies":"Snecko","floor":28.0,"turns":6.0},{"damage":2.0,"enemies":"Book of Stabbing","floor":30.0,"turns":5.0},{"damage":88,"enemies":"Automaton","floor":33,"turns":12}],"seed_played":"-6493045710867624895","potions_obtained":[{"floor":0.0,"key":"Fruit Juice"},{"floor":0.0,"key":"Fire Potion"},{"floor":0.0,"key":"LiquidBronze"},{"floor":6.0,"key":"PowerPotion"},{"floor":12.0,"key":"SteroidPotion"},{"floor":14.0,"key":"LiquidBronze"},{"floor":19.0,"key":"SpeedPotion"},{"floor":21.0,"key":"Fire Potion"},{"floor":27.0,"key":"SpeedPotion"},{"floor":28.0,"key":"Strength Potion"}],"is_trial":false,"path_per_floor":["M","?","M","M","$","E","R","E","T","?","R","M","$","M","R","B",null,"M","M","$","M","?","R","E","R","T","M","M","R","E","$","R","B"],"character_chosen":"THE_SILENT","items_purchased":["PiercingWail","Infinite Blades","Wraith Form v2","PiercingWail"],"campfire_rested":1,"item_purchase_floors":[20,20,31,31],"current_hp_per_floor":[62,62,62,62,62,42,42,40,40,40,40,35,35,35,35,31,61,48,36,36,36,29,50,50,50,50,49,40,40,38,38,38,0],"gold":55,"neow_bonus":"THREE_SMALL_POTIONS","is_prod":false,"is_daily":false,"chose_seed":false,"campfire_upgraded":6,"win_rate":0,"timestamp":1566160964,"path_taken":["M","?","M","M","?","E","R","E","T","?","R","M","$","M","R","BOSS","M","M","$","?","?","R","E","R","T","M","M","R","E","?","R","BOSS"],"build_version":"2019-07-17","purchased_purges":2,"victory":false,"max_hp_per_floor":[71,71,71,71,71,71,71,71,71,71,71,71,71,71,71,71,71,71,71,71,71,71,71,71,71,71,71,71,71,71,71,71,71],"card_choices":[{"not_picked":["Dodge and Roll","Acrobatics"],"picked":"Dagger Throw","floor":1.0},{"not_picked":["Outmaneuver","Riddle With Holes"],"picked":"Dash","floor":3.0},{"not_picked":["Poisoned Stab","Acrobatics"],"picked":"Blade Dance","floor":4.0},{"not_picked":["PiercingWail","Glass Knife"],"picked":"Envenom","floor":6.0},{"not_picked":["Heel Hook","Masterful Stab"],"picked":"Dagger Spray","floor":8.0},{"not_picked":["Deflect","Acrobatics"],"picked":"Distraction","floor":12.0},{"not_picked":["Dagger Throw","Reflex"],"picked":"Catalyst","floor":14.0},{"not_picked":["Tools of the Trade","Bullet Time"],"picked":"Storm of Steel","floor":16.0},{"not_picked":["Outmaneuver+1","Dagger Throw","Predator"],"picked":"SKIP","floor":18.0},{"not_picked":["Concentrate","Poisoned Stab"],"picked":"Crippling Poison","floor":19.0},{"not_picked":["Flying Knee","Underhanded Strike"],"picked":"Cloak And Dagger+1","floor":21.0},{"not_picked":["Deflect+1","Setup"],"picked":"Dodge and Roll","floor":24.0},{"not_picked":["Setup","Deflect"],"picked":"Blur","floor":27.0},{"not_picked":["All Out Attack","Setup","Underhanded Strike"],"picked":"SKIP","floor":28.0},{"not_picked":["Doppelganger","Accuracy"],"picked":"PiercingWail+1","floor":30.0}],"player_experience":1140056,"relics_obtained":[{"floor":6.0,"key":"Torii"},{"floor":8.0,"key":"Tingsha"},{"floor":9.0,"key":"Bottled Flame"},{"floor":24.0,"key":"Ornamental Fan"},{"floor":26.0,"key":"Matryoshka"},{"floor":30.0,"key":"Meat on the Bone"}],"event_choices":[{"cards_removed":["Dagger Throw"],"damage_healed":0.0,"max_hp_gain":0.0,"max_hp_loss":0.0,"gold_gain":0.0,"event_name":"WeMeetAgain","player_choice":"Gave Card","floor":2.0,"gold_loss":0.0,"damage_taken":0.0,"relics_obtained":["PreservedInsect"]},{"damage_healed":0.0,"max_hp_gain":0.0,"max_hp_loss":0.0,"gold_gain":0.0,"event_name":"Accursed Blacksmith","player_choice":"Rummage","floor":10.0,"gold_loss":0.0,"damage_taken":0.0,"relics_obtained":["WarpedTongs"],"cards_obtained":["Pain"]},{"damage_healed":0.0,"max_hp_gain":0.0,"max_hp_loss":0.0,"gold_gain":50.0,"event_name":"FaceTrader","player_choice":"Touch","floor":22.0,"gold_loss":0.0,"damage_taken":7.0}],"is_beta":false,"boss_relics":[{"not_picked":["Pandora\u0027s Box","Ring of the Serpent"],"picked":"Runic Pyramid"}],"items_purged_floors":[5,13],"is_endless":false,"potions_floor_spawned":[3,6,12,14,19,21,27,28],"killed_by":"Automaton","ascension_level":20}