{"gold_per_floor":[115,40,315,325,67,95,95,121,121,121,136,165,165,199,199,275,275,294,294,294],"floor_reached":20,"playtime":705,"items_purged":[],"score":446,"play_id":"e2783458-a0b8-4a1e-9a5b-40711f5278d1","local_time":"20190818074324","is_ascension_mode":true,"campfire_choices":[{"data":"Poisoned Stab","floor":7,"key":"SMITH"},{"floor":10,"key":"REST"},{"data":"A Thousand Cuts","floor":13,"key":"SMITH"},{"floor":15,"key":"REST"}],"neow_cost":"NONE","seed_source_timestamp":105841146817100,"circlet_count":0,"master_deck":["AscendersBane","Strike_G+1","Strike_G+1","Strike_G+1","Strike_G+1","Defend_G+1","Defend_G+1","Defend_G+1","Defend_G+1","Defend_G+1","Survivor","Neutralize","Backstab","Regret","Backstab","Endless Agony","Poisoned Stab+1","Dagger Throw","Flechettes","A Thousand Cuts+1","Footwork","Wraith Form v2","Underhanded Strike"],"relics":["Ring of the Snake","NeowsBlessing","Bag of Preparation","Blood Vial","Bag of Marbles","Ornamental Fan","WingedGreaves","Omamori","Snecko Eye"],"potions_floor_usage":[12,14,18],"damage_taken":[{"damage":0,"enemies":"Small Slimes","floor":1,"turns":1},{"damage":0,"enemies":"2 Louse","floor":4,"turns":1},{"damage":0,"enemies":"3 Sentries","floor":6,"turns":1},{"damage":31,"enemies":"Lagavulin","floor":8,"turns":6},{"damage":0,"enemies":"Cultist","floor":11,"turns":1},{"damage":12,"enemies":"3 Sentries","floor":12,"turns":6},{"damage":24,"enemies":"Lagavulin","floor":14,"turns":4},{"damage":30,"enemies":"Slime Boss","floor":16,"turns":9},{"damage":24,"enemies":"3 Byrds","floor":18,"turns":5},{"damage":1,"enemies":"Shell Parasite","floor":20,"turns":2}],"seed_played":"-2031270650052825331","potions_obtained":[{"floor":4,"key":"Swift Potion"},{"floor":8,"key":"PowerPotion"},{"floor":11,"key":"Regen Potion"},{"floor":16,"key":"Block Potion"},{"floor":18,"key":"Strength Potion"}],"is_trial":false,"path_per_floor":["M","?","?","M","$","E","R","E","T","R","M","E","R","E","R","B",null,"M","?","M"],"character_chosen":"THE_SILENT","items_purchased":["Bag of Preparation","Endless Agony","Poisoned Stab"],"campfire_rested":2,"item_purchase_floors":[5,5,5],"current_hp_per_floor":[59,59,59,59,59,59,59,30,30,49,51,41,41,31,50,22,55,33,33,34],"gold":294,"neow_bonus":"THREE_ENEMY_KILL","is_prod":false,"is_daily":false,"chose_seed":false,"campfire_upgraded":2,"win_rate":0,"timestamp":1566107004,"path_taken":["M","?","?","?","$","E","R","E","T","R","M","E","R","E","R","BOSS","M","?","M"],"build_version":"2019-07-17","purchased_purges":0,"victory":false,"max_hp_per_floor":[66,66,66,66,66,66,66,66,66,66,66,66,66,66,66,66,66,66,66,66],"card_choices":[{"not_picked":["Bane","Poisoned Stab"],"picked":"Backstab","floor":1},{"not_picked":["Eviscerate","Slice"],"picked":"Backstab","floor":4},{"not_picked":["Eviscerate","PiercingWail"],"picked":"Dagger Throw","floor":6},{"not_picked":["Accuracy","Outmaneuver"],"picked":"Flechettes","floor":8},{"not_picked":["Slice","Leg Sweep"],"picked":"A Thousand Cuts","floor":11},{"not_picked":["Dagger Throw","Deadly Poison"],"picked":"Footwork","floor":12},{"not_picked":["Doppelganger","Quick Slash","Prepared"],"picked":"SKIP","floor":14},{"not_picked":["Malaise","Venomology"],"picked":"Wraith Form v2","floor":16},{"not_picked":["Acrobatics","Quick Slash"],"picked":"Underhanded Strike","floor":18}],"player_experience":1111778,"relics_obtained":[{"floor":6,"key":"Blood Vial"},{"floor":8,"key":"Bag of Marbles"},{"floor":9,"key":"Ornamental Fan"},{"floor":12,"key":"WingedGreaves"},{"floor":14,"key":"Omamori"}],"event_choices":[{"cards_removed":["Strike_G"],"damage_healed":0,"gold_gain":0,"player_choice":"Card Removal","damage_taken":0,"max_hp_gain":0,"max_hp_loss":0,"event_name":"The Cleric","floor":2,"gold_loss":75},{"damage_healed":0,"gold_gain":275,"player_choice":"Desecrate","damage_taken":0,"max_hp_gain":0,"max_hp_loss":0,"event_name":"Golden Shrine","floor":3,"gold_loss":0,"cards_obtained":["Regret"]},{"damage_healed":0,"gold_gain":0,"player_choice":"Simplicity","damage_taken":0,"max_hp_gain":0,"max_hp_loss":0,"event_name":"Back to Basics","floor":19,"gold_loss":0,"cards_upgraded":["Strike_G","Strike_G","Strike_G","Strike_G","Defend_G","Defend_G","Defend_G","Defend_G","Defend_G"]}],"is_beta":false,"boss_relics":[{"not_picked":["White Beast Statue","Runic Dome"],"picked":"Snecko Eye"}],"items_purged_floors":[],"is_endless":false,"potions_floor_spawned":[4,8,11,16,18],"killed_by":"Shell Parasite","ascension_level":20}