{"gold_per_floor":[367,73,85,65,84,117,133,133,133,145,145,165,44,76,76,174,174,189,189,189,208,7,34,34,63,63,78,105,105,105,130,130,229,229,241,296,396,242,242,242,253,253,253,283,295,320,345,356,356,356,356,356,54,87,87],"floor_reached":56,"playtime":4351,"items_purged":["Strike_B","Pain","Gash","Sweeping Beam"],"score":1558,"play_id":"40e157f3-293c-4b37-a8f8-b88d6a3e9f3a","local_time":"20190407110350","is_ascension_mode":true,"campfire_choices":[{"floor":8,"key":"REST"},{"floor":15,"key":"REST"},{"floor":24,"key":"REST"},{"floor":30,"key":"REST"},{"data":"Sunder","floor":32,"key":"SMITH"},{"floor":40,"key":"REST"},{"floor":42,"key":"REST"},{"floor":49,"key":"RECALL"},{"data":"Echo Form","floor":52,"key":"SMITH"}],"neow_cost":"PERCENT_DAMAGE","seed_source_timestamp":1240292547192869,"circlet_count":0,"master_deck":["Strike_B+1","Strike_B","Strike_B","Defend_B","Defend_B","Defend_B","Defend_B","Zap","Dualcast","Conserve Battery","Capacitor","Hologram","Coolheaded","Ball Lightning+1","Static Discharge","Undo","Coolheaded","Echo Form+1","Heatsinks","Necronomicurse","White Noise+1","Sunder+1","Coolheaded+1","Undo","Seek","Conserve Battery+1","Glacier","Self Repair","Defragment+1","Core Surge","Barrage+1","Reboot","Hologram"],"relics":["Cracked Core","The Courier","Darkstone Periapt","WarpedTongs","Mummified Hand","Philosopher\u0027s Stone","Necronomicon","OrangePellets","Regal Pillow","Cables","Orichalcum","Red Mask","Question Card","Snecko Eye","Calipers","WingedGreaves","Bronze Scales","Whetstone","Art of War","Mercury Hourglass"],"potions_floor_usage":[6,6,6,16,21,23,23,23,23,25,25,28,36,47,50,54,55],"damage_taken":[{"damage":7,"enemies":"Jaw Worm","floor":1,"turns":3},{"damage":0,"enemies":"Cultist","floor":3,"turns":3},{"damage":0,"enemies":"Small Slimes","floor":5,"turns":3},{"damage":37,"enemies":"3 Sentries","floor":6,"turns":6},{"damage":14,"enemies":"Exordium Wildlife","floor":7,"turns":5},{"damage":17,"enemies":"Large Slime","floor":10,"turns":7},{"damage":4,"enemies":"2 Fungi Beasts","floor":12,"turns":4},{"damage":8,"enemies":"Lagavulin","floor":14,"turns":7},{"damage":9,"enemies":"The Guardian","floor":16,"turns":11},{"damage":0,"enemies":"Shell Parasite","floor":18,"turns":7},{"damage":2,"enemies":"Spheric Guardian","floor":21,"turns":6},{"damage":31,"enemies":"Slavers","floor":23,"turns":5},{"damage":31,"enemies":"Book of Stabbing","floor":25,"turns":6},{"damage":1,"enemies":"Centurion and Healer","floor":27,"turns":7},{"damage":11,"enemies":"Masked Bandits","floor":28,"turns":4},{"damage":0,"enemies":"Slavers","floor":31,"turns":5},{"damage":58,"enemies":"Champ","floor":33,"turns":12},{"damage":4,"enemies":"3 Shapes","floor":35,"turns":5},{"damage":57,"enemies":"2 Orb Walkers","floor":36,"turns":5},{"damage":0,"enemies":"Mind Bloom Boss Battle","floor":37,"turns":8},{"damage":18,"enemies":"Orb Walker","floor":41,"turns":4},{"damage":0,"enemies":"Reptomancer","floor":44,"turns":8},{"damage":0,"enemies":"3 Darklings","floor":45,"turns":5},{"damage":21,"enemies":"Nemesis","floor":46,"turns":7},{"damage":62,"enemies":"Reptomancer","floor":47,"turns":9},{"damage":8,"enemies":"Writhing Mass","floor":48,"turns":6},{"damage":19,"enemies":"Donu and Deca","floor":50,"turns":15},{"damage":16,"enemies":"Shield and Spear","floor":54,"turns":8},{"damage":6,"enemies":"The Heart","floor":55,"turns":11}],"seed_played":"-4929869897315791337","potions_obtained":[{"floor":4,"key":"Regen Potion"},{"floor":7,"key":"Strength Potion"},{"floor":10,"key":"PowerPotion"},{"floor":12,"key":"EntropicBrew"},{"floor":21,"key":"PowerPotion"},{"floor":23,"key":"PowerPotion"},{"floor":25,"key":"FocusPotion"},{"floor":33,"key":"Strength Potion"},{"floor":35,"key":"Block Potion"},{"floor":44,"key":"Poison Potion"},{"floor":48,"key":"SkillPotion"}],"is_trial":false,"path_per_floor":["M","$","M","?","M","E","M","R","T","M","?","M","$","E","R","B",null,"M","?","?","M","$","E","R","E","T","M","?","$","R","E","R","B",null,"M","?","?","$","?","R","M","R","T","E","M","E","E","M","R","B",null,"R","$","E","B",null],"character_chosen":"DEFECT","items_purchased":["Conserve Battery","Capacitor","Explosive Potion","PowerPotion","Fire Potion","OrangePellets","SkillPotion","Self Repair","SkillPotion","EssenceOfSteel","PowerPotion","Hologram"],"campfire_rested":6,"item_purchase_floors":[2,2,2,2,13,22,22,38,53,53,53,53],"current_hp_per_floor":[47,47,47,47,47,24,10,32,32,15,21,17,17,9,33,24,67,67,67,57,55,55,24,65,34,34,33,22,22,63,63,63,5,67,63,6,6,6,6,47,43,84,84,87,87,80,38,50,50,41,76,76,76,74,68],"gold":87,"neow_bonus":"TWO_FIFTY_GOLD","is_prod":false,"is_daily":false,"chose_seed":false,"campfire_upgraded":2,"win_rate":0,"timestamp":1554649430,"path_taken":["M","$","M","?","?","E","M","R","T","M","?","?","$","E","R","BOSS","M","?","?","M","?","E","R","E","T","M","?","$","R","E","R","BOSS","M","?","?","$","?","R","?","R","T","E","M","E","E","M","R","BOSS","R","$","E","BOSS"],"build_version":"2019-01-23","purchased_purges":4,"victory":true,"max_hp_per_floor":[75,75,75,75,75,75,75,75,75,75,81,81,81,81,81,81,81,81,81,87,87,87,87,87,87,87,87,87,87,87,87,87,87,87,87,87,87,87,87,87,87,87,87,87,87,87,87,87,87,87,87,87,87,87,87],"card_choices":[{"not_picked":["Streamline","Compile Driver"],"picked":"Sweeping Beam","floor":1},{"not_picked":["Gash","Streamline"],"picked":"Hologram","floor":3},{"not_picked":["Streamline","Genetic Algorithm"],"picked":"Coolheaded","floor":5},{"not_picked":["Tempest","Cold Snap"],"picked":"Ball Lightning","floor":6},{"not_picked":["Compile Driver","Aggregate"],"picked":"Static Discharge","floor":7},{"not_picked":["Stack","Buffer"],"picked":"Undo","floor":10},{"not_picked":["Rebound","Streamline"],"picked":"Coolheaded","floor":12},{"not_picked":["Tempest","Double Energy","Streamline"],"picked":"SKIP","floor":14},{"not_picked":["Seek","Machine Learning"],"picked":"Echo Form","floor":16},{"not_picked":["Undo","Steam"],"picked":"Heatsinks","floor":18},{"not_picked":["Rip and Tear","Steam Power"],"picked":"White Noise+1","floor":21},{"not_picked":["Beam Cell+1","Streamline"],"picked":"Gash","floor":23},{"not_picked":["Sweeping Beam+1","Lockon","Tempest+1"],"picked":"SKIP","floor":25},{"not_picked":["Streamline","Blizzard"],"picked":"Sunder","floor":27},{"not_picked":["Chaos","Compile Driver"],"picked":"Coolheaded+1","floor":28},{"not_picked":["Go for the Eyes","Gash"],"picked":"Undo","floor":31},{"not_picked":["Core Surge","Hyperbeam","Electrodynamics"],"picked":"Seek","floor":33},{"not_picked":["Reprogram","Scrape+1","Rip and Tear"],"picked":"Conserve Battery+1","floor":35},{"not_picked":["Ball Lightning","Stack","Barrage+1"],"picked":"Glacier","floor":37},{"not_picked":["Sweeping Beam","Genetic Algorithm","Machine Learning"],"picked":"Defragment+1","floor":41},{"not_picked":["Barrage","Gash","Aggregate"],"picked":"Core Surge","floor":44},{"not_picked":["Leap+1","Ball Lightning","Compile Driver","Lockon+1"],"picked":"SKIP","floor":45},{"not_picked":["Scrape","Streamline","Go for the Eyes+1"],"picked":"Barrage+1","floor":46},{"not_picked":["Stack","Steam+1","Skim"],"picked":"Reboot","floor":47},{"not_picked":["Barrage+1","Redo+1","Genetic Algorithm","Ball Lightning+1"],"picked":"SKIP","floor":48},{"not_picked":["Compile Driver+1","Steam+1","All For One","Rebound"],"picked":"SKIP","floor":54}],"player_experience":377247,"relics_obtained":[{"floor":6,"key":"The Courier"},{"floor":9,"key":"Darkstone Periapt"},{"floor":14,"key":"Mummified Hand"},{"floor":20,"key":"Necronomicon"},{"floor":23,"key":"Regal Pillow"},{"floor":25,"key":"Cables"},{"floor":26,"key":"Orichalcum"},{"floor":28,"key":"Red Mask"},{"floor":31,"key":"Question Card"},{"floor":36,"key":"Calipers"},{"floor":37,"key":"WingedGreaves"},{"floor":44,"key":"Bronze Scales"},{"floor":46,"key":"Whetstone"},{"floor":47,"key":"Art of War"},{"floor":54,"key":"Mercury Hourglass"}],"event_choices":[{"damage_healed":0,"gold_gain":0,"player_choice":"Bought 1 Potion","damage_taken":0,"max_hp_gain":0,"max_hp_loss":0,"event_name":"The Woman in Blue","floor":4,"gold_loss":0},{"damage_healed":0,"gold_gain":0,"player_choice":"Rummage","damage_taken":0,"relics_obtained":["WarpedTongs"],"max_hp_gain":0,"max_hp_loss":0,"event_name":"Accursed Blacksmith","floor":11,"gold_loss":0,"cards_obtained":["Pain"]},{"damage_healed":0,"gold_gain":0,"player_choice":"Ignored","damage_taken":0,"max_hp_gain":0,"max_hp_loss":0,"event_name":"Vampires","floor":19,"gold_loss":0},{"damage_healed":0,"gold_gain":0,"player_choice":"Obtained Book","damage_taken":16,"max_hp_gain":0,"max_hp_loss":0,"event_name":"Cursed Tome","floor":20,"gold_loss":0},{"damage_healed":0,"gold_gain":0,"player_choice":"Fought Bandits","damage_taken":0,"max_hp_gain":0,"max_hp_loss":0,"event_name":"Masked Bandits","floor":28,"gold_loss":0},{"damage_healed":0,"gold_gain":0,"player_choice":"Fight","damage_taken":0,"max_hp_gain":0,"max_hp_loss":0,"event_name":"Mysterious Sphere","floor":36,"gold_loss":0},{"damage_healed":0,"gold_gain":0,"player_choice":"Fight","damage_taken":0,"max_hp_gain":0,"max_hp_loss":0,"event_name":"MindBloom","floor":37,"gold_loss":0},{"damage_healed":0,"gold_gain":0,"player_choice":"Ignored","damage_taken":0,"max_hp_gain":0,"max_hp_loss":0,"event_name":"SecretPortal","floor":39,"gold_loss":0}],"is_beta":false,"boss_relics":[{"not_picked":["Tiny House","Lizard Tail"],"picked":"Philosopher\u0027s Stone"},{"not_picked":["Inserter","Velvet Choker"],"picked":"Snecko Eye"}],"items_purged_floors":[2,13,38,53],"is_endless":false,"potions_floor_spawned":[5,7,10,12,21,23,25,33,35,44,45,48],"ascension_level":5}