{"gold_per_floor":[114,114,39,53,53,53,81,81,81,110,126,126,159,175,175,273,273,289,289,301,0,0,0],"floor_reached":23,"playtime":826,"items_purged":["Strike_R","Strike_R"],"score":300,"play_id":"bec3f0ee-25cb-48ca-af06-8c596b196aed","local_time":"20190402220352","is_ascension_mode":true,"campfire_choices":[{"data":"Bash","floor":6,"key":"SMITH"},{"floor":12,"key":"REST"},{"data":"True Grit","floor":15,"key":"SMITH"}],"neow_cost":"NONE","seed_source_timestamp":851435319356859,"circlet_count":0,"master_deck":["Strike_R","Strike_R+1","Defend_R","Defend_R","Defend_R","Defend_R","Bash+1","Flame Barrier+1","Clothesline","Rampage+1","Headbutt","Inflame","True Grit+1","Demon Form","Armaments","Thunderclap","Sword Boomerang","Armaments","Shrug It Off"],"relics":["Black Blood","Vajra","Paper Frog","Smiling Mask","Bag of Preparation","Matryoshka","Whetstone"],"potions_floor_usage":[10,16,23],"damage_taken":[{"damage":6,"enemies":"2 Louse","floor":1,"turns":3},{"damage":1,"enemies":"Cultist","floor":4,"turns":3},{"damage":43,"enemies":"3 Sentries","floor":7,"turns":16},{"damage":21,"enemies":"Gremlin Nob","floor":10,"turns":4},{"damage":0,"enemies":"Small Slimes","floor":11,"turns":3},{"damage":15,"enemies":"Lagavulin","floor":13,"turns":5},{"damage":4,"enemies":"Blue Slaver","floor":14,"turns":5},{"damage":25,"enemies":"The Guardian","floor":16,"turns":13},{"damage":6,"enemies":"3 Byrds","floor":18,"turns":4},{"damage":49,"enemies":"Spheric Guardian","floor":20,"turns":9},{"damage":32,"enemies":"Slavers","floor":23,"turns":3}],"seed_played":"7621870773554677058","potions_obtained":[{"floor":7,"key":"EssenceOfSteel"},{"floor":11,"key":"Fire Potion"},{"floor":16,"key":"PowerPotion"}],"is_trial":false,"path_per_floor":["M","?","$","M","?","R","E","?","T","E","M","R","E","M","R","B",null,"M","?","M","$","?","E"],"character_chosen":"IRONCLAD","items_purchased":["Whetstone","Armaments","Fire Potion"],"campfire_rested":1,"item_purchase_floors":[21,21,21],"current_hp_per_floor":[72,64,64,69,62,62,25,25,25,10,16,40,31,33,33,14,64,68,68,29,29,29,0],"gold":0,"neow_bonus":"THREE_CARDS","is_prod":false,"is_daily":false,"chose_seed":false,"campfire_upgraded":2,"win_rate":0,"timestamp":1554257032,"path_taken":["M","?","$","?","?","R","E","?","T","E","?","R","E","M","R","BOSS","M","?","M","$","?","E"],"build_version":"2019-01-23","purchased_purges":2,"victory":false,"max_hp_per_floor":[80,80,80,80,80,80,80,80,80,80,80,80,80,80,80,80,80,80,80,80,80,80,80],"card_choices":[{"not_picked":["Sword Boomerang","Entrench"],"picked":"Flame Barrier","floor":0},{"not_picked":["Sword Boomerang","Perfected Strike"],"picked":"Clothesline","floor":1},{"not_picked":["Body Slam","Burning Pact","Clash"],"picked":"SKIP","floor":4},{"not_picked":["Reckless Charge","Iron Wave"],"picked":"Rampage","floor":7},{"not_picked":["Power Through","Combust"],"picked":"Headbutt","floor":10},{"not_picked":["Armaments","Power Through"],"picked":"Inflame","floor":11},{"not_picked":["Heavy Blade","Body Slam","Exhume"],"picked":"SKIP","floor":13},{"not_picked":["Ghostly Armor","Perfected Strike"],"picked":"True Grit","floor":14},{"not_picked":["Bludgeon","Dark Embrace"],"picked":"Demon Form","floor":16},{"not_picked":["Wild Strike","Rupture+1"],"picked":"Armaments","floor":18},{"not_picked":["Entrench","Clothesline"],"picked":"Sword Boomerang","floor":20}],"player_experience":362709,"relics_obtained":[{"floor":7,"key":"Paper Frog"},{"floor":9,"key":"Smiling Mask"},{"floor":10,"key":"Bag of Preparation"},{"floor":13,"key":"Matryoshka"}],"event_choices":[{"damage_healed":0,"gold_gain":0,"player_choice":"Damaged","damage_taken":8,"max_hp_gain":0,"max_hp_loss":0,"event_name":"Wheel of Change","floor":2,"gold_loss":0},{"damage_healed":0,"gold_gain":0,"player_choice":"Success","damage_taken":7,"relics_obtained":["Vajra"],"max_hp_gain":0,"max_hp_loss":0,"event_name":"Scrap Ooze","floor":5,"gold_loss":0},{"damage_healed":0,"gold_gain":0,"player_choice":"Upgraded","damage_taken":0,"max_hp_gain":0,"max_hp_loss":0,"event_name":"Upgrade Shrine","floor":8,"gold_loss":0,"cards_upgraded":["Flame Barrier"]},{"damage_healed":0,"gold_gain":0,"player_choice":"Read","damage_taken":0,"max_hp_gain":0,"max_hp_loss":0,"event_name":"The Library","floor":19,"gold_loss":0,"cards_obtained":["Thunderclap"]},{"damage_healed":0,"gold_gain":0,"cards_transformed":["Strike_R"],"player_choice":"Transformed","damage_taken":0,"max_hp_gain":0,"max_hp_loss":0,"event_name":"Transmorgrifier","floor":22,"gold_loss":0,"cards_obtained":["Shrug It Off"]}],"is_beta":false,"boss_relics":[{"not_picked":["Tiny House","Mark of Pain"],"picked":"Black Blood"}],"items_purged_floors":[3,21],"is_endless":false,"potions_floor_spawned":[7,11,16],"killed_by":"Slavers","ascension_level":9}