{"gold_per_floor":[113,113,131,146,146,162,162,9,9,22,49,60,91,56,56,151,151,166,183,200,180,180,180],"floor_reached":23,"playtime":1108,"items_purged":["Defend_G"],"score":226,"play_id":"61551ae6-4a58-4682-88a4-67596c2f0737","local_time":"20190114234424","is_ascension_mode":true,"campfire_choices":[{"floor":7,"key":"REST"},{"floor":15,"key":"REST"}],"neow_cost":"NONE","seed_source_timestamp":539076048080965,"circlet_count":0,"master_deck":["Defend_G","Defend_G","Defend_G","Defend_G","Strike_G","Strike_G","Strike_G","Strike_G","Survivor","Neutralize","Poisoned Stab","Blade Dance","Acrobatics","Backstab","Dagger Throw","Infinite Blades","Doppelganger","Terror","Deflect","Well Laid Plans","A Thousand Cuts","Flying Knee+1","Poisoned Stab","Prepared+1"],"relics":["Ring of the Snake","NeowsBlessing","Mango","Matryoshka","Meat on the Bone","Eternal Feather"],"potions_floor_usage":[13,13,16,20,22,23],"damage_taken":[{"damage":0,"enemies":"2 Louse","floor":1,"turns":1},{"damage":0,"enemies":"Cultist","floor":3,"turns":1},{"damage":0,"enemies":"Jaw Worm","floor":4,"turns":1},{"damage":32,"enemies":"Large Slime","floor":6,"turns":8},{"damage":6,"enemies":"Blue Slaver","floor":10,"turns":3},{"damage":27,"enemies":"Lagavulin","floor":11,"turns":6},{"damage":10,"enemies":"Red Slaver","floor":12,"turns":2},{"damage":29,"enemies":"3 Sentries","floor":13,"turns":9},{"damage":34,"enemies":"The Guardian","floor":16,"turns":14},{"damage":49,"enemies":"Shell Parasite","floor":18,"turns":6},{"damage":22,"enemies":"Spheric Guardian","floor":19,"turns":4},{"damage":15,"enemies":"Snake Plant","floor":20,"turns":5},{"damage":5,"enemies":"3 Cultists","floor":22,"turns":3},{"damage":47,"enemies":"Sentry and Sphere","floor":23,"turns":7}],"seed_played":"-2479859625290248368","potions_obtained":[{"floor":6,"key":"SmokeBomb"},{"floor":10,"key":"SkillPotion"},{"floor":11,"key":"Dexterity Potion"},{"floor":13,"key":"Energy Potion"},{"floor":16,"key":"GhostInAJar"},{"floor":21,"key":"Strength Potion"}],"is_trial":false,"path_per_floor":["M","?","M","M","T","M","R","$","T","M","E","M","E","?","R","B",null,"M","M","M","?","M","M"],"character_chosen":"THE_SILENT","items_purchased":["Infinite Blades"],"campfire_rested":2,"item_purchase_floors":[8],"current_hp_per_floor":[70,70,70,70,70,38,59,59,73,67,40,30,1,22,47,25,84,47,37,34,34,41,0],"gold":180,"neow_bonus":"THREE_ENEMY_KILL","is_prod":false,"is_daily":false,"chose_seed":false,"campfire_upgraded":0,"win_rate":0,"timestamp":1547527464,"path_taken":["M","?","M","?","?","M","R","?","T","M","E","M","E","?","R","BOSS","M","M","M","?","M","M"],"build_version":"2019-01-10","purchased_purges":1,"victory":false,"max_hp_per_floor":[70,70,70,70,70,70,70,70,84,84,84,84,84,84,84,84,84,84,84,84,84,84,84],"card_choices":[{"not_picked":["Flying Knee","Deadly Poison"],"picked":"Poisoned Stab","floor":1},{"not_picked":["Dodge and Roll","Bouncing Flask"],"picked":"Acrobatics","floor":3},{"not_picked":["Dagger Spray","Outmaneuver"],"picked":"Backstab","floor":4},{"not_picked":["Backflip","PiercingWail"],"picked":"Dagger Throw","floor":6},{"not_picked":["Dagger Spray","Masterful Stab"],"picked":"Doppelganger","floor":10},{"not_picked":["Outmaneuver","Underhanded Strike"],"picked":"Terror","floor":11},{"not_picked":["Riddle With Holes","Skewer"],"picked":"Deflect","floor":12},{"not_picked":["Bouncing Flask","Heel Hook"],"picked":"Well Laid Plans","floor":13},{"not_picked":["Corpse Explosion","Unload"],"picked":"A Thousand Cuts","floor":16},{"not_picked":["Underhanded Strike","Sucker Punch"],"picked":"Flying Knee+1","floor":18},{"not_picked":["Dodge and Roll","Riddle With Holes"],"picked":"Poisoned Stab","floor":19},{"not_picked":["Dagger Throw","Envenom"],"picked":"Prepared+1","floor":20}],"player_experience":269128,"relics_obtained":[{"floor":9,"key":"Mango"},{"floor":11,"key":"Matryoshka"},{"floor":13,"key":"Meat on the Bone"}],"event_choices":[{"damage_healed":0,"gold_gain":0,"cards_transformed":["Strike_G"],"player_choice":"Transformed","damage_taken":0,"max_hp_gain":0,"max_hp_loss":0,"event_name":"Transmorgrifier","floor":2,"gold_loss":0,"cards_obtained":["Blade Dance"]},{"damage_healed":21,"gold_gain":0,"player_choice":"Healed","damage_taken":0,"max_hp_gain":0,"max_hp_loss":0,"event_name":"The Cleric","floor":14,"gold_loss":35},{"damage_healed":0,"gold_gain":0,"player_choice":"Bought 1 Potion","damage_taken":0,"max_hp_gain":0,"max_hp_loss":0,"event_name":"The Woman in Blue","floor":21,"gold_loss":0}],"is_beta":false,"boss_relics":[{"not_picked":["Lizard Tail","Orrery"],"picked":"Eternal Feather"}],"items_purged_floors":[8],"is_endless":false,"potions_floor_spawned":[6,10,11,13,16,22],"killed_by":"Sentry and Sphere","ascension_level":2}