{"gold_per_floor":[116,127,5,21,21,55,55,55,85,112,112,112,125,145,145,244,244,259,159,169,21,21],"floor_reached":22,"playtime":1114,"items_purged":["Strike_B","Regret","Strike_B"],"score":287,"play_id":"458a7115-edd2-41ff-806c-39ddb928fcdd","local_time":"20190525100803","is_ascension_mode":true,"campfire_choices":[{"floor":7,"key":"REST"},{"data":"Recycle","floor":12,"key":"SMITH"},{"floor":15,"key":"REST"}],"neow_cost":"NONE","seed_source_timestamp":905817188934697,"circlet_count":0,"master_deck":["Strike_B","Strike_B","Defend_B","Defend_B","Defend_B","Defend_B","Zap","Dualcast","Chaos","Coolheaded","Ball Lightning","Coolheaded","Static Discharge","Recycle+1","Self Repair","Echo Form","Conserve Battery","Gash"],"relics":["Cracked Core","WarpedTongs","Darkstone Periapt","Tiny Chest","PreservedInsect","Fusion Hammer"],"potions_floor_usage":[13,16,22],"damage_taken":[{"damage":3,"enemies":"2 Louse","floor":1,"turns":2},{"damage":0,"enemies":"Cultist","floor":2,"turns":3},{"damage":12,"enemies":"Small Slimes","floor":4,"turns":4},{"damage":18,"enemies":"Gremlin Nob","floor":6,"turns":4},{"damage":31,"enemies":"3 Sentries","floor":10,"turns":5},{"damage":18,"enemies":"Exordium Wildlife","floor":13,"turns":6},{"damage":17,"enemies":"3 Louse","floor":14,"turns":3},{"damage":10,"enemies":"The Guardian","floor":16,"turns":12},{"damage":18,"enemies":"Shell Parasite","floor":18,"turns":6},{"damage":29,"enemies":"3 Byrds","floor":20,"turns":5},{"damage":44,"enemies":"Sentry and Sphere","floor":22,"turns":7}],"seed_played":"8352598810814727691","potions_obtained":[{"floor":6,"key":"Swift Potion"},{"floor":14,"key":"LiquidBronze"},{"floor":16,"key":"Fruit Juice"},{"floor":20,"key":"Energy Potion"}],"is_trial":false,"path_per_floor":["M","M","$","M","?","E","R","$","T","E","?","R","M","M","R","B",null,"M","$","M","$","M"],"character_chosen":"DEFECT","items_purchased":["Ball Lightning","Gash"],"campfire_rested":2,"item_purchase_floors":[3,21],"current_hp_per_floor":[72,72,72,60,60,42,66,66,66,35,41,41,23,6,32,32,74,63,63,34,34,0],"gold":21,"neow_bonus":"TEN_PERCENT_HP_BONUS","is_prod":false,"is_daily":false,"chose_seed":false,"campfire_upgraded":1,"win_rate":0,"timestamp":1558793283,"path_taken":["M","M","$","M","?","E","R","?","T","E","?","R","M","M","R","BOSS","M","$","M","$","M"],"build_version":"2019-01-23","purchased_purges":3,"victory":false,"max_hp_per_floor":[82,82,82,82,82,82,82,82,82,82,88,88,88,88,88,88,88,88,88,88,88,93],"card_choices":[{"not_picked":["Hologram","Turbo"],"picked":"Chaos","floor":1},{"not_picked":["Lockon","Aggregate"],"picked":"Coolheaded","floor":2},{"not_picked":["FTL","Doom and Gloom"],"picked":"Coolheaded","floor":4},{"not_picked":["Ball Lightning","Darkness"],"picked":"Static Discharge","floor":6},{"not_picked":["Steam Power","Redo"],"picked":"Recycle","floor":10},{"not_picked":["Beam Cell","Cold Snap","Static Discharge"],"picked":"SKIP","floor":13},{"not_picked":["Stack","Barrage"],"picked":"Self Repair","floor":14},{"not_picked":["Rainbow","Thunder Strike"],"picked":"Echo Form","floor":16},{"not_picked":["Rebound+1","Cold Snap+1","Fusion+1"],"picked":"SKIP","floor":18},{"not_picked":["Leap+1","All For One"],"picked":"Conserve Battery","floor":20}],"player_experience":425299,"relics_obtained":[{"floor":6,"key":"Darkstone Periapt"},{"floor":9,"key":"Tiny Chest"},{"floor":10,"key":"PreservedInsect"}],"event_choices":[{"damage_healed":0,"gold_gain":0,"player_choice":"Rummage","damage_taken":0,"relics_obtained":["WarpedTongs"],"max_hp_gain":0,"max_hp_loss":0,"event_name":"Accursed Blacksmith","floor":5,"gold_loss":0,"cards_obtained":["Pain"]},{"damage_healed":0,"gold_gain":0,"cards_transformed":["Pain"],"player_choice":"Transformed","damage_taken":0,"max_hp_gain":0,"max_hp_loss":0,"event_name":"Transmorgrifier","floor":11,"gold_loss":0,"cards_obtained":["Regret"]}],"is_beta":false,"boss_relics":[{"not_picked":["Inserter","Ectoplasm"],"picked":"Fusion Hammer"}],"items_purged_floors":[3,19,21],"is_endless":false,"potions_floor_spawned":[6,14,16,20],"killed_by":"Sentry and Sphere","ascension_level":7}