{"gold_per_floor":[110,110,126,138,138,12,22,22,22,55,55,130,155,168,168,168],"floor_reached":16,"playtime":895,"items_purged":["Strike_R"],"score":110,"play_id":"98e9e280-a028-42c1-8253-4f8f1a827fc5","local_time":"20181229133527","is_ascension_mode":false,"campfire_choices":[{"floor":8,"key":"RECALL"},{"data":"Bash","floor":15,"key":"SMITH"}],"neow_cost":"NONE","seed_source_timestamp":519718335091467,"circlet_count":0,"master_deck":["Strike_R+1","Strike_R","Strike_R+1","Defend_R","Defend_R","Defend_R","Defend_R","Bash+1","Clothesline","Armaments+1","Feed","True Grit+1","Rage+1","Reckless Charge","Havoc+1","Power Through+1"],"relics":["Burning Blood","NeowsBlessing","Toxic Egg 2","Self Forming Clay","Dream Catcher","Meat on the Bone"],"potions_floor_usage":[10],"damage_taken":[{"damage":0,"enemies":"Small Slimes","floor":1,"turns":1},{"damage":0,"enemies":"2 Louse","floor":3,"turns":1},{"damage":0,"enemies":"Jaw Worm","floor":4,"turns":1},{"damage":15,"enemies":"3 Louse","floor":7,"turns":5},{"damage":16,"enemies":"Gremlin Nob","floor":10,"turns":4},{"damage":20,"enemies":"Lagavulin","floor":13,"turns":7},{"damage":0,"enemies":"Blue Slaver","floor":14,"turns":3},{"damage":40,"enemies":"Hexaghost","floor":16,"turns":16}],"seed_played":"7049094539661934057","potions_obtained":[{"floor":3,"key":"Weak Potion"},{"floor":10,"key":"Strength Potion"},{"floor":14,"key":"LiquidBronze"}],"is_trial":false,"path_per_floor":["M","?","M","M","?","$","M","R","T","E","?","?","E","M","R","B"],"character_chosen":"IRONCLAD","items_purchased":["True Grit+1"],"campfire_rested":0,"item_purchase_floors":[6],"current_hp_per_floor":[80,73,79,80,64,64,58,58,58,51,44,33,19,37,37,0],"gold":168,"neow_bonus":"THREE_ENEMY_KILL","is_prod":false,"is_daily":false,"chose_seed":false,"campfire_upgraded":1,"win_rate":0,"timestamp":1546068927,"path_taken":["M","?","M","M","?","$","M","R","T","E","?","?","E","M","R","BOSS"],"build_version":"2018-12-20","purchased_purges":1,"victory":false,"max_hp_per_floor":[80,80,80,80,80,80,83,83,83,86,86,86,86,86,86,86],"card_choices":[{"not_picked":["Perfected Strike","Second Wind"],"picked":"Clothesline","floor":1},{"not_picked":["Pommel Strike","Combust"],"picked":"Armaments+1","floor":3},{"not_picked":["Bloodletting+1","Headbutt"],"picked":"Feed","floor":4},{"not_picked":["Ghostly Armor+1","Second Wind+1"],"picked":"Rage+1","floor":7},{"not_picked":["Disarm+1","Pommel Strike"],"picked":"Reckless Charge","floor":10},{"not_picked":["Brutality","Iron Wave"],"picked":"Havoc+1","floor":13},{"not_picked":["Cleave","Entrench+1"],"picked":"Power Through+1","floor":14}],"player_experience":439938,"relics_obtained":[{"floor":9,"key":"Self Forming Clay"},{"floor":10,"key":"Dream Catcher"},{"floor":13,"key":"Meat on the Bone"}],"event_choices":[{"damage_healed":0,"gold_gain":0,"player_choice":"Success","damage_taken":7,"relics_obtained":["Toxic Egg 2"],"max_hp_gain":0,"max_hp_loss":0,"event_name":"Scrap Ooze","floor":2,"gold_loss":0},{"damage_healed":0,"gold_gain":0,"player_choice":"Entered Light","damage_taken":16,"max_hp_gain":0,"max_hp_loss":0,"event_name":"Shining Light","floor":5,"gold_loss":0,"cards_upgraded":["Strike_R","Strike_R"]},{"cards_removed":["Strike_R"],"damage_healed":0,"gold_gain":0,"player_choice":"Card Removal","damage_taken":7,"max_hp_gain":0,"max_hp_loss":0,"event_name":"Golden Wing","floor":11,"gold_loss":0},{"damage_healed":0,"gold_gain":75,"player_choice":"Gather Gold","damage_taken":11,"max_hp_gain":0,"max_hp_loss":0,"event_name":"World of Goop","floor":12,"gold_loss":0}],"is_beta":false,"boss_relics":[],"items_purged_floors":[6],"is_endless":false,"potions_floor_spawned":[3,10,14],"killed_by":"Hexaghost","ascension_level":0}