{"gold_per_floor":[112,262,334,348,14,47,58,81,81,110,126,151,251,269,269,269],"floor_reached":16,"playtime":2218,"items_purged":[],"score":290,"play_id":"f71c6199-f60b-4aaa-85db-442b504c08fa","local_time":"20190818152659","is_ascension_mode":true,"campfire_choices":[{"floor":15.0,"key":"REST"}],"neow_cost":"NONE","seed_source_timestamp":131898673186200,"circlet_count":0,"master_deck":["AscendersBane","Strike_G","Strike_G","Strike_G","Strike_G","Strike_G","Defend_G","Defend_G","Defend_G","Defend_G","Defend_G","Survivor","Neutralize","Backstab","Doubt","Footwork","Flechettes+1","Bouncing Flask","Dagger Throw+1","Venomology","After Image","Deadly Poison"],"special_seed":0,"relics":["Ring of the Snake","NeowsBlessing","Molten Egg 2","Thread and Needle","Odd Mushroom","Paper Crane","Anchor","Ninja Scroll"],"potions_floor_usage":[16],"damage_taken":[{"damage":0.0,"enemies":"Jaw Worm","floor":1.0,"turns":1.0},{"damage":0.0,"enemies":"2 Louse","floor":4.0,"turns":1.0},{"damage":0.0,"enemies":"Lagavulin","floor":6.0,"turns":1.0},{"damage":0.0,"enemies":"Small Slimes","floor":7.0,"turns":3.0},{"damage":0.0,"enemies":"The Mushroom Lair","floor":8.0,"turns":6.0},{"damage":12.0,"enemies":"Gremlin Nob","floor":10.0,"turns":5.0},{"damage":9.0,"enemies":"Gremlin Gang","floor":11.0,"turns":5.0},{"damage":46.0,"enemies":"Lagavulin","floor":12.0,"turns":7.0},{"damage":0.0,"enemies":"Looter","floor":14.0,"turns":2.0},{"damage":4,"enemies":"Hexaghost","floor":16,"turns":4}],"seed_played":"-1920754087622632190","potions_obtained":[{"floor":1.0,"key":"Fire Potion"},{"floor":6.0,"key":"Regen Potion"},{"floor":8.0,"key":"SkillPotion"}],"is_trial":false,"path_per_floor":["M","?","?","M","$","E","M","?","T","E","M","E","?","M","R","B"],"character_chosen":"THE_SILENT","items_purchased":["Molten Egg 2","Fire Potion"],"campfire_rested":1,"item_purchase_floors":[5,5],"current_hp_per_floor":[59,59,59,59,59,59,59,59,59,47,38,7,7,7,26,22],"gold":269,"neow_bonus":"THREE_ENEMY_KILL","is_prod":false,"is_daily":false,"chose_seed":false,"campfire_upgraded":0,"win_rate":0,"timestamp":1566134819,"path_taken":["M","?","?","M","$","E","M","?","T","E","M","E","?","?","R","BOSS"],"build_version":"2019-07-17","purchased_purges":0,"victory":false,"max_hp_per_floor":[66,66,66,66,66,66,66,66,66,66,66,66,66,66,66,66],"card_choices":[{"not_picked":["Expertise","Calculated Gamble"],"picked":"Backstab","floor":1.0},{"not_picked":["Tactician","Deadly Poison"],"picked":"Footwork","floor":4.0},{"not_picked":["Acrobatics","Quick Slash+1"],"picked":"Flechettes+1","floor":6.0},{"not_picked":["Flying Knee+1","Bane+1"],"picked":"Bouncing Flask","floor":7.0},{"not_picked":["Outmaneuver","Sucker Punch+1"],"picked":"Dagger Throw+1","floor":8.0},{"not_picked":["Calculated Gamble","Backflip"],"picked":"Venomology","floor":10.0},{"not_picked":["Distraction","Slice+1","Quick Slash+1"],"picked":"SKIP","floor":11.0},{"not_picked":["Calculated Gamble","Deflect"],"picked":"After Image","floor":12.0},{"not_picked":["Acrobatics","Dagger Spray+1"],"picked":"Deadly Poison","floor":14.0}],"player_experience":1122304,"relics_obtained":[{"floor":6.0,"key":"Thread and Needle"},{"floor":8.0,"key":"Odd Mushroom"},{"floor":9.0,"key":"Paper Crane"},{"floor":10.0,"key":"Anchor"},{"floor":12.0,"key":"Ninja Scroll"}],"event_choices":[{"damage_healed":0.0,"max_hp_gain":0.0,"max_hp_loss":0.0,"gold_gain":150.0,"event_name":"Liars Game","player_choice":"AGREE","floor":2.0,"gold_loss":0.0,"damage_taken":0.0,"cards_obtained":["Doubt"]},{"damage_healed":0.0,"max_hp_gain":0.0,"max_hp_loss":0.0,"gold_gain":72.0,"event_name":"Golden Wing","player_choice":"Gained Gold","floor":3.0,"gold_loss":0.0,"damage_taken":0.0},{"damage_healed":0.0,"max_hp_gain":0.0,"max_hp_loss":0.0,"gold_gain":0.0,"event_name":"Mushrooms","player_choice":"Fought Mushrooms","floor":8.0,"gold_loss":0.0,"damage_taken":0.0},{"damage_healed":0.0,"max_hp_gain":0.0,"max_hp_loss":0.0,"gold_gain":100.0,"event_name":"Wheel of Change","player_choice":"Gold","floor":13.0,"gold_loss":0.0,"damage_taken":0.0}],"is_beta":false,"boss_relics":[],"items_purged_floors":[],"is_endless":false,"potions_floor_spawned":[1,6,7,8],"killed_by":"Hexaghost","ascension_level":20}