{"gold_per_floor":[109,122,122,138,149,149,178,178,178,211,211,228,228,245,245,322,322,336,336,336,351,276,276,310,35,61,76,76,52,86,121,121,200,200,216,12,234,234,234,265,265,265,265,187,187,234,234,234,234,234,234,234,234,11,40,40],"floor_reached":56,"playtime":5174,"items_purged":["Phantasmal Killer","Sucker Punch"],"score":1880,"play_id":"e10cf950-8705-4804-9367-56184207d51a","local_time":"20190813175549","is_ascension_mode":true,"campfire_choices":[{"data":"Sucker Punch","floor":6,"key":"SMITH"},{"data":"Crippling Poison","floor":8,"key":"SMITH"},{"floor":11,"key":"REST"},{"data":"Terror","floor":13,"key":"SMITH"},{"data":"Poisoned Stab","floor":15,"key":"SMITH"},{"data":"Bullet Time","floor":23,"key":"SMITH"},{"data":"Cloak And Dagger","floor":28,"key":"SMITH"},{"data":"Cloak And Dagger","floor":32,"key":"SMITH"},{"floor":41,"key":"REST"},{"floor":45,"key":"RECALL"},{"floor":47,"key":"REST"},{"data":"Apotheosis","floor":49,"key":"SMITH"},{"floor":53,"key":"REST"}],"neow_cost":"NONE","seed_source_timestamp":450549850271900,"circlet_count":0,"master_deck":["AscendersBane","Survivor","Neutralize","Deflect","Flying Knee","Sucker Punch+1","Dagger Throw","Crippling Poison+1","Terror+1","PiercingWail","Poisoned Stab+1","Glass Knife+1","Dash","Poisoned Stab","Flechettes","PiercingWail","Calculated Gamble","Bullet Time+1","Distraction","Dagger Spray","Cloak And Dagger+1","Backflip","Cloak And Dagger+1","PiercingWail","Escape Plan","After Image","Burst","PiercingWail","Backflip","Footwork","Endless Agony+1","Blur","Apotheosis+1","Bandage Up","Panache","Well Laid Plans"],"relics":["Ring of the Serpent","Dead Branch","Gremlin Horn","Bag of Marbles","Pandora\u0027s Box","MutagenicStrength","Juzu Bracelet","ClockworkSouvenir","Potion Belt","Red Mask","Shuriken","Bottled Lightning","Omamori","Calipers","Centennial Puzzle"],"potions_floor_usage":[7,12,16,40,50,51,51,51,55,55,55,55,56,56],"damage_taken":[{"damage":1,"enemies":"Cultist","floor":1,"turns":5},{"damage":5,"enemies":"Jaw Worm","floor":2,"turns":5},{"damage":0,"enemies":"Small Slimes","floor":4,"turns":4},{"damage":4,"enemies":"Red Slaver","floor":5,"turns":5},{"damage":7,"enemies":"Lagavulin","floor":7,"turns":6},{"damage":45,"enemies":"Gremlin Nob","floor":10,"turns":5},{"damage":5,"enemies":"Exordium Thugs","floor":12,"turns":4},{"damage":0,"enemies":"Looter","floor":14,"turns":2},{"damage":3,"enemies":"Hexaghost","floor":16,"turns":8},{"damage":0,"enemies":"Spheric Guardian","floor":18,"turns":3},{"damage":0,"enemies":"Chosen","floor":21,"turns":2},{"damage":10,"enemies":"Book of Stabbing","floor":24,"turns":4},{"damage":0,"enemies":"Snake Plant","floor":27,"turns":3},{"damage":0,"enemies":"Masked Bandits","floor":30,"turns":1},{"damage":0,"enemies":"Gremlin Leader","floor":31,"turns":4},{"damage":3,"enemies":"Champ","floor":33,"turns":8},{"damage":0,"enemies":"3 Shapes","floor":35,"turns":1},{"damage":53,"enemies":"Giant Head","floor":40,"turns":6},{"damage":0,"enemies":"2 Orb Walkers","floor":46,"turns":2},{"damage":17,"enemies":"Awakened One","floor":50,"turns":13},{"damage":25,"enemies":"Time Eater","floor":51,"turns":13},{"damage":34,"enemies":"Shield and Spear","floor":55,"turns":6},{"damage":122,"enemies":"The Heart","floor":56,"turns":5}],"seed_played":"-7606664400419884361","potions_obtained":[{"floor":4,"key":"LiquidBronze"},{"floor":5,"key":"Poison Potion"},{"floor":10,"key":"Strength Potion"},{"floor":16,"key":"Weak Potion"},{"floor":21,"key":"GhostInAJar"},{"floor":27,"key":"FearPotion"},{"floor":31,"key":"GamblersBrew"},{"floor":46,"key":"Swift Potion"}],"is_trial":false,"path_per_floor":["M","M","T","M","M","R","E","R","T","E","R","M","R","M","R","B",null,"M","?","?","M","$","R","E","$","T","M","R","$","?","E","R","B",null,"M","$","?","?","?","E","R","?","T","$","R","?","R","?","R","B","B",null,"R","$","E","B"],"character_chosen":"THE_SILENT","items_purchased":["ClockworkSouvenir","Backflip","PiercingWail","Backflip","Footwork","GhostInAJar","EntropicBrew","Weak Potion","Weak Potion"],"campfire_rested":4,"item_purchase_floors":[25,25,29,36,36,44,54,54,54],"current_hp_per_floor":[64,59,59,59,55,55,48,48,48,3,24,19,19,19,19,16,58,58,58,58,58,58,58,48,48,48,48,48,48,48,48,48,45,65,65,65,65,65,65,12,32,32,32,32,32,32,52,42,42,29,8,53,68,68,37,0],"gold":40,"neow_bonus":"TEN_PERCENT_HP_BONUS","is_prod":false,"is_daily":false,"chose_seed":false,"campfire_upgraded":8,"win_rate":0,"timestamp":1565733349,"path_taken":["M","M","?","M","M","R","E","R","T","E","R","M","R","M","R","BOSS","M","?","?","?","$","R","E","?","T","M","R","$","?","E","R","BOSS","M","$","?","?","?","E","R","?","T","?","R","?","R","?","R","BOSS","BOSS","R","$","E","BOSS"],"build_version":"2019-07-17","purchased_purges":2,"victory":false,"max_hp_per_floor":[72,72,72,72,72,72,72,72,72,72,72,72,72,72,72,72,72,72,72,72,72,72,72,72,72,72,72,72,72,72,72,72,72,72,72,72,72,72,68,68,68,68,68,68,68,68,68,68,68,68,68,68,68,68,68,68],"card_choices":[{"not_picked":["Acrobatics","Blade Dance"],"picked":"Deflect","floor":1},{"not_picked":["Acrobatics","Deflect"],"picked":"Flying Knee","floor":2},{"not_picked":["Prepared","Dodge and Roll"],"picked":"Sucker Punch","floor":4},{"not_picked":["Bullet Time","Acrobatics"],"picked":"Dagger Throw","floor":5},{"not_picked":["Deadly Poison","Dagger Spray"],"picked":"Crippling Poison","floor":7},{"not_picked":["Masterful Stab","Bouncing Flask"],"picked":"Terror","floor":10},{"not_picked":["Escape Plan","Concentrate"],"picked":"PiercingWail","floor":12},{"not_picked":["Eviscerate","Flying Knee"],"picked":"Poisoned Stab","floor":14},{"not_picked":["Venomology","Night Terror"],"picked":"Glass Knife","floor":16},{"not_picked":["Dagger Spray","Masterful Stab","Caltrops"],"picked":"SKIP","floor":18},{"not_picked":["Bouncing Flask","Reflex"],"picked":"Dagger Spray","floor":21},{"not_picked":["Bane","Calculated Gamble"],"picked":"Cloak And Dagger","floor":24},{"not_picked":["Underhanded Strike","Dodge and Roll"],"picked":"Cloak And Dagger","floor":27},{"not_picked":["Outmaneuver","Distraction"],"picked":"Escape Plan","floor":30},{"not_picked":["Crippling Poison","Catalyst"],"picked":"After Image","floor":31},{"not_picked":["Bullet Time","Unload"],"picked":"Burst","floor":33},{"not_picked":["Escape Plan+1","Blade Dance"],"picked":"PiercingWail","floor":35},{"not_picked":["Underhanded Strike+1","Dagger Spray"],"picked":"Endless Agony+1","floor":40},{"not_picked":["Flying Knee","Heel Hook+1"],"picked":"Blur","floor":46},{"not_picked":["Bandage Up","Magnetism"],"picked":"Apotheosis","floor":48},{"not_picked":["Swift Strike","Magnetism"],"picked":"Bandage Up","floor":48},{"not_picked":["Transmutation","Swift Strike"],"picked":"Panache","floor":48},{"not_picked":["Tactician","Dagger Throw+1"],"picked":"Well Laid Plans","floor":55}],"player_experience":2360113,"relics_obtained":[{"floor":3,"key":"Dead Branch"},{"floor":7,"key":"Gremlin Horn"},{"floor":10,"key":"Bag of Marbles"},{"floor":24,"key":"Juzu Bracelet"},{"floor":26,"key":"Potion Belt"},{"floor":30,"key":"Red Mask"},{"floor":31,"key":"Shuriken"},{"floor":40,"key":"Bottled Lightning"},{"floor":43,"key":"Omamori"},{"floor":46,"key":"Calipers"},{"floor":55,"key":"Centennial Puzzle"}],"event_choices":[{"damage_healed":0,"gold_gain":0,"player_choice":"Inject Mutagens","damage_taken":0,"relics_obtained":["MutagenicStrength"],"max_hp_gain":0,"max_hp_loss":0,"event_name":"Drug Dealer","floor":19,"gold_loss":0},{"damage_healed":0,"gold_gain":0,"player_choice":"Upgraded","damage_taken":0,"max_hp_gain":0,"max_hp_loss":0,"event_name":"Upgrade Shrine","floor":20,"gold_loss":0,"cards_upgraded":["Glass Knife"]},{"damage_healed":0,"gold_gain":0,"player_choice":"Fought Bandits","damage_taken":0,"max_hp_gain":0,"max_hp_loss":0,"event_name":"Masked Bandits","floor":30,"gold_loss":0},{"damage_healed":0,"gold_gain":222,"player_choice":"Wore Mask","damage_taken":0,"max_hp_gain":0,"max_hp_loss":0,"event_name":"Tomb of Lord Red Mask","floor":37,"gold_loss":0},{"damage_healed":0,"gold_gain":0,"player_choice":"Ignored","damage_taken":0,"max_hp_gain":0,"max_hp_loss":0,"event_name":"SecretPortal","floor":38,"gold_loss":0},{"damage_healed":0,"gold_gain":0,"player_choice":"Max HP","damage_taken":0,"max_hp_gain":0,"max_hp_loss":4,"event_name":"Winding Halls","floor":39,"gold_loss":0},{"cards_removed":["Noxious Fumes"],"damage_healed":0,"gold_gain":0,"player_choice":"Removed Power","damage_taken":0,"max_hp_gain":0,"max_hp_loss":0,"event_name":"Falling","floor":42,"gold_loss":0},{"damage_healed":0,"gold_gain":0,"player_choice":"Fight","damage_taken":0,"max_hp_gain":0,"max_hp_loss":0,"event_name":"Mysterious Sphere","floor":46,"gold_loss":0},{"damage_healed":0,"gold_gain":0,"player_choice":"Memory 3","damage_taken":10,"max_hp_gain":0,"max_hp_loss":0,"event_name":"SensoryStone","floor":48,"gold_loss":0}],"is_beta":false,"boss_relics":[{"not_picked":["Philosopher\u0027s Stone","Busted Crown"],"picked":"Pandora\u0027s Box"},{"not_picked":["Eternal Feather","Calling Bell"],"picked":"Ring of the Serpent"}],"items_purged_floors":[22,36],"is_endless":false,"potions_floor_spawned":[4,5,10,16,21,27,31,35,46],"killed_by":"The Heart","ascension_level":20}