{"gold_per_floor":[115,125,75,85,102,102,130,140,140,160,160,12,38,51,51,146,146,165,176,188,204,214,245,245,295,295,311,63,63,92,102,102,102],"floor_reached":33,"playtime":2789,"items_purged":["Defend_R"],"score":389,"play_id":"5a5666b6-e38f-4af3-8dd8-df8b48e7255a","local_time":"20190812212627","is_ascension_mode":true,"campfire_choices":[{"data":"Uppercut","floor":6,"key":"SMITH"},{"data":"Infernal Blade","floor":15,"key":"SMITH"},{"floor":24,"key":"REST"},{"data":"Double Tap","floor":29,"key":"SMITH"},{"data":"Armaments","floor":32,"key":"SMITH"}],"neow_cost":"NONE","seed_source_timestamp":45844761382994,"circlet_count":0,"master_deck":["Strike_R","Strike_R","Strike_R","Strike_R","Strike_R","Bash","Anger","Iron Wave","Wild Strike","Uppercut+1","Shrug It Off","Perfected Strike","Pommel Strike","Infernal Blade+1","Clash","Double Tap+1","Flame Barrier+1","Clash","Armaments+1","Seeing Red+1","Evolve+1","True Grit+1"],"relics":["Burning Blood","Dream Catcher","Singing Bowl","Frozen Egg 2","Empty Cage","Prayer Wheel","Mummified Hand","Pantograph","Bottled Lightning"],"potions_floor_usage":[7,16,19,20,23,27,30,31,33],"damage_taken":[{"damage":8,"enemies":"Jaw Worm","floor":1,"turns":5},{"damage":6,"enemies":"Cultist","floor":2,"turns":3},{"damage":1,"enemies":"2 Louse","floor":4,"turns":3},{"damage":33,"enemies":"Exordium Thugs","floor":5,"turns":6},{"damage":32,"enemies":"3 Sentries","floor":7,"turns":6},{"damage":4,"enemies":"Blue Slaver","floor":8,"turns":4},{"damage":0,"enemies":"2 Fungi Beasts","floor":10,"turns":2},{"damage":16,"enemies":"Gremlin Nob","floor":13,"turns":3},{"damage":6,"enemies":"Red Slaver","floor":14,"turns":2},{"damage":16,"enemies":"Hexaghost","floor":16,"turns":7},{"damage":3,"enemies":"Spheric Guardian","floor":18,"turns":3},{"damage":4,"enemies":"Chosen","floor":19,"turns":3},{"damage":22,"enemies":"Centurion and Healer","floor":20,"turns":4},{"damage":7,"enemies":"3 Cultists","floor":21,"turns":4},{"damage":41,"enemies":"Shelled Parasite and Fungi","floor":22,"turns":5},{"damage":68,"enemies":"Book of Stabbing","floor":23,"turns":7},{"damage":43,"enemies":"Chosen and Byrds","floor":27,"turns":5},{"damage":22,"enemies":"Gremlin Leader","floor":30,"turns":8},{"damage":16,"enemies":"3 Cultists","floor":31,"turns":4},{"damage":91,"enemies":"Automaton","floor":33,"turns":6}],"seed_played":"-7397949127259729127","potions_obtained":[{"floor":5,"key":"Swift Potion"},{"floor":10,"key":"Strength Potion"},{"floor":14,"key":"BloodPotion"},{"floor":18,"key":"Strength Potion"},{"floor":19,"key":"Energy Potion"},{"floor":21,"key":"Dexterity Potion"},{"floor":27,"key":"Poison Potion"},{"floor":30,"key":"Regen Potion"}],"is_trial":false,"path_per_floor":["M","M","?","M","M","R","E","M","T","M","?","$","E","M","R","B",null,"M","M","M","M","M","E","R","?","T","M","$","R","E","M","R","B"],"character_chosen":"IRONCLAD","items_purchased":["BloodPotion","Pantograph"],"campfire_rested":1,"item_purchase_floors":[12,28],"current_hp_per_floor":[86,86,86,88,61,61,35,37,37,43,48,48,38,38,38,28,93,95,95,79,78,45,9,40,40,40,30,30,30,14,18,18,0],"gold":102,"neow_bonus":"TEN_PERCENT_HP_BONUS","is_prod":false,"is_daily":false,"chose_seed":false,"campfire_upgraded":4,"win_rate":0,"timestamp":1565663187,"path_taken":["M","M","?","M","M","R","E","M","T","M","?","$","E","M","R","BOSS","M","M","M","M","M","E","R","?","T","M","$","R","E","M","R","BOSS"],"build_version":"2019-07-17","purchased_purges":1,"victory":false,"max_hp_per_floor":[88,88,88,88,88,88,88,88,88,88,93,93,93,93,93,93,93,95,95,95,95,97,99,101,101,101,103,103,103,103,105,105,105],"card_choices":[{"not_picked":["Heavy Blade","Flex"],"picked":"Anger","floor":1},{"not_picked":["Seeing Red","Shrug It Off"],"picked":"Iron Wave","floor":2},{"not_picked":["Shrug It Off","Thunderclap"],"picked":"Wild Strike","floor":4},{"not_picked":["Spot Weakness","Anger"],"picked":"Uppercut","floor":5},{"not_picked":["Reckless Charge","Searing Blow"],"picked":"Shrug It Off","floor":7},{"not_picked":["Carnage","Cleave"],"picked":"Perfected Strike","floor":8},{"not_picked":["Limit Break","Carnage"],"picked":"Pommel Strike","floor":10},{"not_picked":["Sever Soul","Havoc"],"picked":"Infernal Blade","floor":13},{"not_picked":["Sever Soul","Cleave"],"picked":"Clash","floor":14},{"not_picked":["Brutality+1","Offering"],"picked":"Double Tap","floor":16},{"not_picked":["Havoc","Ghostly Armor","Body Slam"],"picked":"Singing Bowl","floor":18},{"not_picked":["Rampage","Anger"],"picked":"Flame Barrier+1","floor":19},{"not_picked":["Armaments","Metallicize+1"],"picked":"Clash","floor":20},{"not_picked":["Twin Strike+1","Clothesline"],"picked":"Armaments","floor":21},{"not_picked":["Battle Trance","Entrench","Flex"],"picked":"Singing Bowl","floor":22},{"not_picked":["Body Slam+1","Exhume","Havoc"],"picked":"Singing Bowl","floor":23},{"not_picked":["Power Through","Perfected Strike","Hemokinesis+1"],"picked":"Singing Bowl","floor":24},{"not_picked":["Intimidate","Sword Boomerang"],"picked":"Seeing Red+1","floor":27},{"not_picked":["Havoc","True Grit","Battle Trance"],"picked":"SKIP","floor":27},{"not_picked":["Havoc","True Grit","Battle Trance"],"picked":"Singing Bowl","floor":27},{"not_picked":["Iron Wave","Havoc+1"],"picked":"Evolve+1","floor":30},{"not_picked":["Intimidate","Reckless Charge","Carnage"],"picked":"Singing Bowl","floor":31},{"not_picked":["Impervious","Shrug It Off"],"picked":"True Grit+1","floor":31}],"player_experience":138296,"relics_obtained":[{"floor":7,"key":"Dream Catcher"},{"floor":9,"key":"Singing Bowl"},{"floor":13,"key":"Frozen Egg 2"},{"floor":23,"key":"Prayer Wheel"},{"floor":26,"key":"Mummified Hand"},{"floor":30,"key":"Bottled Lightning"}],"event_choices":[{"cards_removed":["Defend_R"],"damage_healed":0,"gold_gain":0,"player_choice":"Card Removal","damage_taken":0,"max_hp_gain":0,"max_hp_loss":0,"event_name":"The Cleric","floor":3,"gold_loss":50},{"damage_healed":0,"gold_gain":0,"player_choice":"Donut","damage_taken":0,"max_hp_gain":5,"max_hp_loss":0,"event_name":"Big Fish","floor":11,"gold_loss":0},{"damage_healed":0,"gold_gain":100,"player_choice":"Bet on Murderer","damage_taken":0,"max_hp_gain":0,"max_hp_loss":0,"event_name":"The Joust","floor":25,"gold_loss":50}],"is_beta":false,"boss_relics":[{"not_picked":["Fusion Hammer","Snecko Eye"],"picked":"Empty Cage"}],"items_purged_floors":[12],"is_endless":false,"potions_floor_spawned":[5,10,14,18,19,21,27,30],"killed_by":"Automaton","ascension_level":4}