{"gold_per_floor":[112,112,127,143,156,156,186,204,204,90,90,118,118,129,129,229,229,242,242,242,142,160,160,170,195,195,195],"floor_reached":27,"playtime":1110,"items_purged":["Strike_B","Strike_B"],"score":340,"play_id":"5d56844c-18af-4859-9e86-5668b6831723","local_time":"20190609004727","is_ascension_mode":true,"campfire_choices":[{"data":"Zap","floor":6,"key":"SMITH"},{"floor":11,"key":"REST"},{"data":"Coolheaded","floor":13,"key":"SMITH"},{"floor":15,"key":"REST"},{"data":"Rainbow","floor":23,"key":"SMITH"}],"neow_cost":"NONE","seed_source_timestamp":228357531031737,"circlet_count":0,"master_deck":["Defend_B","Defend_B","Defend_B","Defend_B","Zap+1","Dualcast","Conserve Battery","Coolheaded+1","Conserve Battery","Glacier","Loop","Echo Form","Capacitor","Rainbow+1","Glacier","Lockon","Electrodynamics"],"relics":["FrozenCore","PreservedInsect","Happy Flower","Orichalcum","Question Card","Strawberry","StoneCalendar"],"potions_floor_usage":[8,25,27],"damage_taken":[{"damage":2,"enemies":"2 Louse","floor":1,"turns":3},{"damage":2,"enemies":"Small Slimes","floor":3,"turns":3},{"damage":1,"enemies":"Cultist","floor":4,"turns":4},{"damage":11,"enemies":"3 Louse","floor":5,"turns":5},{"damage":18,"enemies":"3 Sentries","floor":7,"turns":9},{"damage":3,"enemies":"Gremlin Gang","floor":8,"turns":4},{"damage":15,"enemies":"Gremlin Nob","floor":12,"turns":5},{"damage":8,"enemies":"Red Slaver","floor":14,"turns":4},{"damage":16,"enemies":"The Guardian","floor":16,"turns":17},{"damage":0,"enemies":"Shell Parasite","floor":18,"turns":8},{"damage":2,"enemies":"Chosen","floor":22,"turns":6},{"damage":24,"enemies":"Shelled Parasite and Fungi","floor":24,"turns":7},{"damage":36,"enemies":"Book of Stabbing","floor":25,"turns":8},{"damage":22,"enemies":"Slavers","floor":27,"turns":2}],"seed_played":"8972575977237212261","potions_obtained":[{"floor":1,"key":"Fire Potion"},{"floor":4,"key":"PowerPotion"},{"floor":18,"key":"AttackPotion"},{"floor":25,"key":"SneckoOil"}],"is_trial":false,"path_per_floor":["M","?","M","M","M","R","E","M","T","$","R","E","R","M","R","B",null,"M","?","?","$","M","R","M","E","T","E"],"character_chosen":"DEFECT","items_purchased":["Loop"],"campfire_rested":2,"item_purchase_floors":[10],"current_hp_per_floor":[73,66,64,63,52,52,34,31,31,31,55,40,40,32,56,40,72,72,72,72,72,70,70,46,17,17,0],"gold":195,"neow_bonus":"TEN_PERCENT_HP_BONUS","is_prod":false,"is_daily":false,"chose_seed":false,"campfire_upgraded":3,"win_rate":0,"timestamp":1560055647,"path_taken":["M","?","M","M","M","R","E","M","T","$","R","E","R","M","R","BOSS","M","?","?","$","M","R","M","E","T","E"],"build_version":"2019-01-23","purchased_purges":2,"victory":false,"max_hp_per_floor":[82,82,82,82,82,82,82,82,82,82,82,82,82,82,82,82,82,82,82,82,82,82,82,82,89,89,89],"card_choices":[{"not_picked":["Sunder","Cold Snap"],"picked":"Conserve Battery","floor":1},{"not_picked":["Barrage","Leap","Hologram"],"picked":"SKIP","floor":3},{"not_picked":["Turbo","Auto Shields"],"picked":"Coolheaded","floor":4},{"not_picked":["Beam Cell","Hologram"],"picked":"Conserve Battery","floor":5},{"not_picked":["Gash","Rip and Tear","Scrape"],"picked":"SKIP","floor":7},{"not_picked":["Steam Power","Redo"],"picked":"Glacier","floor":8},{"not_picked":["Go for the Eyes","Streamline"],"picked":"Echo Form","floor":12},{"not_picked":["Beam Cell","Compile Driver","Ball Lightning"],"picked":"Capacitor","floor":14},{"not_picked":["Fission","Thunder Strike","Meteor Strike"],"picked":"Rainbow","floor":16},{"not_picked":["Ball Lightning","Redo+1","Rip and Tear"],"picked":"Glacier","floor":18},{"not_picked":["Hello World","Melter","Rip and Tear","Chill"],"picked":"SKIP","floor":22},{"not_picked":["Conserve Battery+1","Scrape","Leap+1","Gash"],"picked":"SKIP","floor":24},{"not_picked":["Sweeping Beam+1","Cold Snap","Compile Driver"],"picked":"Electrodynamics","floor":25}],"player_experience":599944,"relics_obtained":[{"floor":7,"key":"Happy Flower"},{"floor":9,"key":"Orichalcum"},{"floor":12,"key":"Question Card"},{"floor":25,"key":"Strawberry"},{"floor":26,"key":"StoneCalendar"}],"event_choices":[{"damage_healed":0,"gold_gain":0,"player_choice":"Success","damage_taken":7,"relics_obtained":["PreservedInsect"],"max_hp_gain":0,"max_hp_loss":0,"event_name":"Scrap Ooze","floor":2,"gold_loss":0},{"damage_healed":0,"gold_gain":0,"cards_transformed":["Strike_B","Strike_B"],"player_choice":"Became Test Subject","damage_taken":0,"max_hp_gain":0,"max_hp_loss":0,"event_name":"Drug Dealer","floor":19,"gold_loss":0,"cards_obtained":["Lockon","Fusion"]},{"cards_removed":["Fusion"],"damage_healed":0,"gold_gain":0,"player_choice":"Purged","damage_taken":0,"max_hp_gain":0,"max_hp_loss":0,"event_name":"Purifier","floor":20,"gold_loss":0}],"is_beta":false,"boss_relics":[{"not_picked":["Busted Crown","Nuclear Battery"],"picked":"FrozenCore"}],"items_purged_floors":[10,21],"is_endless":false,"potions_floor_spawned":[1,4,18,25],"killed_by":"Slavers","ascension_level":8}