{"gold_per_floor":[116,136,136,149,165,165,197,215,215,230,255,266,266,298,298,376,376,376,376,376,376,376,376,376,376,376,376,376,376,376,376,376,376,376,376,376,376,56,56,56,56,56,56,56,56,56,56,56,56,56],"floor_reached":51,"playtime":2652,"items_purged":["Strike_R"],"score":1501,"play_id":"e2d432e8-e608-42db-a5f4-318120254cef","local_time":"20190817114108","is_ascension_mode":true,"campfire_choices":[{"data":"Armaments","floor":6.0,"key":"SMITH"},{"data":"Uppercut","floor":13.0,"key":"SMITH"},{"data":"Shockwave","floor":15.0,"key":"SMITH"},{"floor":24.0,"key":"REST"},{"data":"Whirlwind","floor":28,"key":"SMITH"},{"floor":32,"key":"REST"},{"data":"Limit Break","floor":40,"key":"SMITH"},{"floor":42,"key":"REST"},{"data":"True Grit","floor":49,"key":"SMITH"}],"neow_cost":"NONE","seed_source_timestamp":301159999158028,"circlet_count":0,"master_deck":["AscendersBane","Strike_R","Strike_R","Strike_R","Defend_R","Defend_R","Defend_R","Defend_R","Bash","Anger","Armaments+1","Iron Wave","Shockwave+1","Uppercut+1","Brutality","Shrug It Off","Feed","J.A.X.","Inflame","Whirlwind+1","Disarm","Juggernaut","Spot Weakness","Body Slam+1","Bloodletting+1","Limit Break+1","Finesse","True Grit+1","Dark Shackles","Flex+1"],"special_seed":0,"relics":["Burning Blood","Blood Vial","Bottled Flame","Pantograph","Gremlin Horn","Bronze Scales","Ectoplasm","WingedGreaves","Question Card","Juzu Bracelet","Orichalcum","Sozu","Thread and Needle","Nunchaku","Strawberry","StoneCalendar","Art of War","Blue Candle"],"potions_floor_usage":[29,33,46],"damage_taken":[{"damage":4.0,"enemies":"2 Louse","floor":1.0,"turns":3.0},{"damage":1.0,"enemies":"Cultist","floor":2.0,"turns":3.0},{"damage":2.0,"enemies":"Jaw Worm","floor":4.0,"turns":3.0},{"damage":11.0,"enemies":"Blue Slaver","floor":5.0,"turns":4.0},{"damage":37.0,"enemies":"3 Sentries","floor":7.0,"turns":11.0},{"damage":11.0,"enemies":"Exordium Wildlife","floor":8.0,"turns":4.0},{"damage":9.0,"enemies":"Looter","floor":10.0,"turns":3.0},{"damage":12.0,"enemies":"Lagavulin","floor":11.0,"turns":6.0},{"damage":2.0,"enemies":"3 Louse","floor":12.0,"turns":3.0},{"damage":32.0,"enemies":"3 Sentries","floor":14.0,"turns":8.0},{"damage":21.0,"enemies":"Hexaghost","floor":16.0,"turns":9.0},{"damage":25.0,"enemies":"Spheric Guardian","floor":18.0,"turns":6.0},{"damage":21.0,"enemies":"3 Byrds","floor":22.0,"turns":3.0},{"damage":28.0,"enemies":"Book of Stabbing","floor":23.0,"turns":6.0},{"damage":23,"enemies":"Gremlin Leader","floor":27,"turns":7},{"damage":29,"enemies":"Shelled Parasite and Fungi","floor":29,"turns":5},{"damage":20,"enemies":"Snake Plant","floor":31,"turns":4},{"damage":42,"enemies":"Champ","floor":33,"turns":13},{"damage":13,"enemies":"3 Shapes","floor":35,"turns":6},{"damage":7,"enemies":"Orb Walker","floor":36,"turns":2},{"damage":12,"enemies":"Mind Bloom Boss Battle","floor":37,"turns":8},{"damage":44,"enemies":"2 Orb Walkers","floor":39,"turns":5},{"damage":42,"enemies":"Nemesis","floor":41,"turns":5},{"damage":47,"enemies":"Giant Head","floor":46,"turns":7},{"damage":67,"enemies":"Time Eater","floor":50,"turns":10}],"seed_played":"7252872549510087444","potions_obtained":[{"floor":2.0,"key":"LiquidBronze"},{"floor":7.0,"key":"Poison Potion"},{"floor":10.0,"key":"Dexterity Potion"},{"floor":11.0,"key":"Weak Potion"},{"floor":27,"key":"Poison Potion"},{"floor":33,"key":"Block Potion"}],"is_trial":false,"path_per_floor":["M","M","?","M","M","R","E","M","T","M","E","M","R","E","R","B",null,"M","$","?","?","M","E","R","T","T","E","R","M","$","M","R","B",null,"M","M","?","$","?","R","E","R","T","?","T","E","?","?","R","B",null],"character_chosen":"IRONCLAD","items_purchased":["Limit Break","Finesse"],"campfire_rested":3,"item_purchase_floors":[38,38],"current_hp_per_floor":[70,75,75,75,70,70,41,38,38,37,33,39,39,15,15,27,63,50,50,50,66,57,37,61,61,61,46,46,28,28,16,41,32,73,72,73,87,87,55,55,28,59,59,59,59,20,85,81,81,20],"gold":56,"neow_bonus":"REMOVE_CARD","is_prod":false,"is_daily":false,"chose_seed":false,"campfire_upgraded":6,"win_rate":0,"timestamp":1566060068,"path_taken":["M","M","?","M","M","R","E","M","T","?","E","M","R","E","R","BOSS","M","$","?","?","M","E","R","?","T","E","R","M","$","M","R","BOSS","M","M","?","$","?","R","E","R","T","?","?","E","?","?","R","BOSS"],"build_version":"2019-07-17","purchased_purges":1,"victory":true,"max_hp_per_floor":[75,75,75,75,75,75,75,75,75,75,75,75,75,75,75,75,75,79,79,79,79,83,83,83,83,83,83,83,86,86,86,86,86,86,90,90,93,93,97,97,104,104,104,104,104,104,85,81,81,81],"card_choices":[{"not_picked":["Havoc","Clash"],"picked":"Anger","floor":1.0},{"not_picked":["Warcry","Exhume"],"picked":"Armaments","floor":2.0},{"not_picked":["Flex","Fire Breathing"],"picked":"Iron Wave","floor":4.0},{"not_picked":["Pommel Strike","Body Slam"],"picked":"Shockwave","floor":5.0},{"not_picked":["Body Slam","Sentinel"],"picked":"Uppercut","floor":7.0},{"not_picked":["Headbutt","Rage","Flex"],"picked":"SKIP","floor":8.0},{"not_picked":["Clash","Warcry","Searing Blow"],"picked":"SKIP","floor":10.0},{"not_picked":["Thunderclap","Searing Blow"],"picked":"Brutality","floor":11.0},{"not_picked":["Flex","Iron Wave"],"picked":"Shrug It Off","floor":12.0},{"not_picked":["Fire Breathing","Perfected Strike","Armaments"],"picked":"SKIP","floor":14.0},{"not_picked":["Juggernaut","Fiend Fire"],"picked":"Feed","floor":16.0},{"not_picked":["Heavy Blade","Pommel Strike","Hemokinesis"],"picked":"SKIP","floor":18.0},{"not_picked":["Anger","Iron Wave","Blood for Blood"],"picked":"SKIP","floor":22.0},{"not_picked":["Clothesline","Bloodletting"],"picked":"Inflame","floor":23.0},{"not_picked":["Clash","Searing Blow","Thunderclap"],"picked":"Whirlwind","floor":27},{"not_picked":["Iron Wave+1","Seeing Red","Shrug It Off"],"picked":"Disarm","floor":29},{"not_picked":["Armaments","Perfected Strike","Sword Boomerang","Headbutt"],"picked":"SKIP","floor":31},{"not_picked":["Impervious","Fiend Fire","Immolate"],"picked":"Juggernaut","floor":33},{"not_picked":["Havoc","Anger+1","Carnage"],"picked":"Spot Weakness","floor":35},{"not_picked":["Armaments+1","Ghostly Armor","Clothesline"],"picked":"Body Slam+1","floor":36},{"not_picked":["Flex+1","Sever Soul+1","Juggernaut"],"picked":"Bloodletting+1","floor":37},{"not_picked":["Rupture","Power Through","Whirlwind"],"picked":"True Grit","floor":39},{"not_picked":["Thunderclap","Sever Soul","Power Through","Perfected Strike+1"],"picked":"SKIP","floor":41},{"not_picked":["Discovery","Panacea","Mind Blast"],"picked":"Dark Shackles","floor":44},{"not_picked":["Clothesline+1","Sword Boomerang","Clash"],"picked":"Flex+1","floor":46}],"player_experience":428179,"relics_obtained":[{"floor":7.0,"key":"Bottled Flame"},{"floor":9.0,"key":"Pantograph"},{"floor":11.0,"key":"Gremlin Horn"},{"floor":14.0,"key":"Bronze Scales"},{"floor":23.0,"key":"WingedGreaves"},{"floor":25.0,"key":"Question Card"},{"floor":26.0,"key":"Juzu Bracelet"},{"floor":27,"key":"Orichalcum"},{"floor":37,"key":"Thread and Needle"},{"floor":39,"key":"Nunchaku"},{"floor":41,"key":"Strawberry"},{"floor":43,"key":"StoneCalendar"},{"floor":45,"key":"Art of War"},{"floor":46,"key":"Blue Candle"}],"event_choices":[{"damage_healed":0.0,"max_hp_gain":0.0,"max_hp_loss":0.0,"gold_gain":0.0,"event_name":"WeMeetAgain","player_choice":"Gave Potion","floor":3.0,"gold_loss":0.0,"damage_taken":0.0,"relics_obtained":["Blood Vial"]},{"damage_healed":0.0,"max_hp_gain":0.0,"max_hp_loss":0.0,"gold_gain":0.0,"event_name":"Drug Dealer","player_choice":"Obtain J.A.X.","floor":20.0,"gold_loss":0.0,"damage_taken":0.0,"cards_obtained":["J.A.X."]},{"damage_healed":16.0,"max_hp_gain":0.0,"max_hp_loss":0.0,"gold_gain":0.0,"event_name":"The Library","player_choice":"Heal","floor":21.0,"gold_loss":0.0,"damage_taken":0.0},{"damage_healed":0,"gold_gain":0,"player_choice":"Fight","damage_taken":0,"max_hp_gain":0,"max_hp_loss":0,"event_name":"MindBloom","floor":37,"gold_loss":0},{"damage_healed":0,"gold_gain":0,"player_choice":"Fight","damage_taken":0,"max_hp_gain":0,"max_hp_loss":0,"event_name":"Mysterious Sphere","floor":39,"gold_loss":0},{"damage_healed":0,"gold_gain":0,"player_choice":"Memory 1","damage_taken":0,"max_hp_gain":0,"max_hp_loss":0,"event_name":"SensoryStone","floor":44,"gold_loss":0},{"damage_healed":85,"gold_gain":0,"player_choice":"Heal","damage_taken":0,"max_hp_gain":0,"max_hp_loss":19,"event_name":"The Moai Head","floor":47,"gold_loss":0},{"damage_healed":0,"gold_gain":0,"player_choice":"Max HP","damage_taken":0,"max_hp_gain":0,"max_hp_loss":4,"event_name":"Winding Halls","floor":48,"gold_loss":0}],"is_beta":false,"boss_relics":[{"not_picked":["Busted Crown","Coffee Dripper"],"picked":"Ectoplasm"},{"not_picked":["Mark of Pain","Runic Pyramid"],"picked":"Sozu"}],"items_purged_floors":[38],"is_endless":false,"potions_floor_spawned":[2,7,10,11,16,22,27,33,35,39,41,46],"ascension_level":18}