{"gold_per_floor":[109,109,109,284,307,307,343,343,343,368,60,73,73,94,94,220,220,239,258,125,143,68,68,104,119,119,119,144,144],"floor_reached":29,"playtime":910,"items_purged":["Defend_R","Strike_R"],"score":270,"play_id":"8a65ae5d-b347-418d-83dd-c54103951def","local_time":"20181123184359","is_ascension_mode":false,"campfire_choices":[{"data":"Anger","floor":6,"key":"SMITH"},{"data":"Flex","floor":8,"key":"SMITH"},{"data":"Inflame","floor":15,"key":"SMITH"},{"data":"Deep Breath","floor":23,"key":"SMITH"}],"neow_cost":"NONE","seed_source_timestamp":840429466713602,"circlet_count":0,"master_deck":["Strike_R","Strike_R","Defend_R","Defend_R","Defend_R","Bash","Anger+1","Flex+1","Clash","Inflame+1","Evolve","Rampage","Brutality","Hemokinesis","Reckless Charge","Deep Breath+1","Blood for Blood","Writhe"],"relics":["Burning Blood","Lantern","Golden Idol","Pear","Singing Bowl","Membership Card","Runic Cube","Juzu Bracelet","Ancient Tea Set","Mercury Hourglass"],"potions_floor_usage":[14,16,16,16,24,28,29],"damage_taken":[{"damage":0,"enemies":"2 Louse","floor":1,"turns":3},{"damage":8,"enemies":"Jaw Worm","floor":5,"turns":3},{"damage":28,"enemies":"Gremlin Nob","floor":7,"turns":4},{"damage":0,"enemies":"Small Slimes","floor":10,"turns":3},{"damage":10,"enemies":"Looter","floor":12,"turns":2},{"damage":0,"enemies":"Large Slime","floor":14,"turns":2},{"damage":46,"enemies":"The Guardian","floor":16,"turns":6},{"damage":23,"enemies":"Shell Parasite","floor":18,"turns":4},{"damage":13,"enemies":"Chosen","floor":19,"turns":2},{"damage":42,"enemies":"Shelled Parasite and Fungi","floor":21,"turns":3},{"damage":25,"enemies":"Gremlin Leader","floor":24,"turns":4},{"damage":9,"enemies":"3 Cultists","floor":25,"turns":4},{"damage":18,"enemies":"Centurion and Healer","floor":28,"turns":4},{"damage":26,"enemies":"Book of Stabbing","floor":29,"turns":2}],"seed_played":"1767834649017197279","potions_obtained":[{"floor":1,"key":"Fire Potion"},{"floor":5,"key":"LiquidBronze"},{"floor":7,"key":"BloodPotion"},{"floor":14,"key":"Block Potion"},{"floor":19,"key":"BloodPotion"},{"floor":21,"key":"FearPotion"},{"floor":25,"key":"Ancient Potion"}],"is_trial":false,"path_per_floor":["M","?","?","?","M","R","E","R","T","M","$","M","?","M","R","B",null,"M","M","$","M","?","R","E","M","T","?","M","E"],"character_chosen":"IRONCLAD","items_purchased":["Evolve","Membership Card","Reckless Charge","Deep Breath"],"campfire_rested":0,"item_purchase_floors":[11,11,20,20],"current_hp_per_floor":[80,60,53,53,51,51,39,39,39,45,45,43,43,49,49,18,92,75,70,70,36,36,36,28,25,25,25,15,0],"gold":144,"neow_bonus":"RANDOM_COMMON_RELIC","is_prod":false,"is_daily":false,"chose_seed":false,"campfire_upgraded":4,"win_rate":0,"timestamp":1543016639,"path_taken":["M","?","?","?","M","R","E","R","T","M","$","M","?","M","R","BOSS","M","M","$","M","?","R","E","M","T","?","M","E"],"build_version":"2018-11-15","purchased_purges":2,"victory":false,"max_hp_per_floor":[80,80,80,80,80,80,90,90,90,90,90,92,92,92,92,92,92,92,94,94,96,96,96,98,98,98,98,100,100],"card_choices":[{"not_picked":["Burning Pact","Rage"],"picked":"Anger","floor":1},{"not_picked":["Perfected Strike","Burning Pact"],"picked":"Flex","floor":5},{"not_picked":["Shrug It Off","Dropkick"],"picked":"Clash","floor":7},{"not_picked":["True Grit","Clothesline"],"picked":"Inflame","floor":10},{"not_picked":["Exhume","True Grit","Heavy Blade"],"picked":"Singing Bowl","floor":12},{"not_picked":["True Grit","Pummel"],"picked":"Rampage","floor":14},{"not_picked":["Limit Break","Barricade"],"picked":"Brutality","floor":16},{"not_picked":["Twin Strike+1","Armaments"],"picked":"Hemokinesis","floor":18},{"not_picked":["Heavy Blade","Disarm","Armaments"],"picked":"Singing Bowl","floor":19},{"not_picked":["Twin Strike+1","Ghostly Armor","Clothesline"],"picked":"Singing Bowl","floor":21},{"not_picked":["True Grit","Limit Break","Armaments"],"picked":"Singing Bowl","floor":24},{"not_picked":["Havoc","Whirlwind+1"],"picked":"Blood for Blood","floor":25},{"not_picked":["Iron Wave+1","Heavy Blade","Clash"],"picked":"Singing Bowl","floor":28}],"player_experience":144604,"relics_obtained":[{"floor":7,"key":"Pear"},{"floor":9,"key":"Singing Bowl"},{"floor":24,"key":"Juzu Bracelet"},{"floor":26,"key":"Ancient Tea Set"}],"event_choices":[{"damage_healed":0,"gold_gain":0,"player_choice":"Take Damage","damage_taken":20,"relics_obtained":["Golden Idol"],"max_hp_gain":0,"max_hp_loss":0,"event_name":"Golden Idol","floor":2,"gold_loss":0},{"cards_removed":["Strike_R"],"damage_healed":0,"gold_gain":0,"player_choice":"Card Removal","damage_taken":7,"max_hp_gain":0,"max_hp_loss":0,"event_name":"Golden Wing","floor":3,"gold_loss":0},{"damage_healed":0,"gold_gain":175,"player_choice":"AGREE","damage_taken":0,"max_hp_gain":0,"max_hp_loss":0,"event_name":"Liars Game","floor":4,"gold_loss":0,"cards_obtained":["Doubt"]},{"cards_removed":["Doubt"],"damage_healed":0,"gold_gain":0,"player_choice":"Forget","damage_taken":0,"max_hp_gain":0,"max_hp_loss":0,"event_name":"Living Wall","floor":13,"gold_loss":0},{"cards_removed":["Strike_R"],"damage_healed":0,"gold_gain":0,"player_choice":"Gave Gold","damage_taken":0,"max_hp_gain":0,"max_hp_loss":0,"event_name":"Beggar","floor":22,"gold_loss":75},{"damage_healed":0,"gold_gain":0,"player_choice":"Opened","damage_taken":0,"relics_obtained":["Mercury Hourglass"],"max_hp_gain":0,"max_hp_loss":0,"event_name":"The Mausoleum","floor":27,"gold_loss":0,"cards_obtained":["Writhe"]}],"is_beta":false,"boss_relics":[{"not_picked":["Cursed Key","Mark of Pain"],"picked":"Runic Cube"}],"items_purged_floors":[11,20],"is_endless":false,"potions_floor_spawned":[1,5,7,14,19,21,25],"killed_by":"Book of Stabbing","ascension_level":0}