{"gold_per_floor":[115,115,128,53,67,67,67,78,101,116,129,129,148,73,73,170,170,185,197,210,210,222,222,249,269,269,86,96,108,31,49,49,146,146,161,10,30,30,47,47,76,90,141,141,160,160,176,76,76,76,76,76,28,58,58],"floor_reached":55,"playtime":6330,"items_purged":["Strike_G","Strike_G"],"score":692,"play_id":"29d8c27c-7187-4f1f-a9ec-ce95bc7edde4","local_time":"20190812184243","is_ascension_mode":false,"campfire_choices":[{"data":"Noxious Fumes","floor":6.0,"key":"SMITH"},{"data":"Dodge and Roll","floor":12.0,"key":"SMITH"},{"floor":15.0,"key":"RECALL"},{"floor":23.0,"key":"REST"},{"floor":32.0,"key":"REST"},{"floor":40.0,"key":"REST"},{"floor":44.0,"key":"REST"},{"data":"Catalyst","floor":46.0,"key":"SMITH"},{"data":"Night Terror","floor":49.0,"key":"SMITH"},{"data":"After Image","floor":52.0,"key":"SMITH"}],"neow_cost":"NONE","seed_source_timestamp":2229788764751300,"circlet_count":0,"master_deck":["Defend_G","Defend_G","Defend_G","Defend_G","Defend_G","Strike_G","Strike_G","Strike_G","Survivor+1","Neutralize","Backflip+1","Dodge and Roll+1","Noxious Fumes+1","Deadly Poison","After Image+1","Poisoned Stab+1","Sucker Punch+1","Noxious Fumes","Catalyst+1","Dodge and Roll","Night Terror+1","Madness","Madness","Backstab+1","Dodge and Roll"],"special_seed":0,"relics":["Ring of the Serpent","Oddly Smooth Stone","Vajra","Sozu","Kunai","Bottled Lightning","Pear","War Paint","Ninja Scroll","Blood Vial","Mercury Hourglass"],"potions_floor_usage":[],"damage_taken":[{"damage":2.0,"enemies":"Jaw Worm","floor":1.0,"turns":6.0},{"damage":0.0,"enemies":"2 Louse","floor":3.0,"turns":2.0},{"damage":1.0,"enemies":"Cultist","floor":5.0,"turns":4.0},{"damage":3.0,"enemies":"Lots of Slimes","floor":8.0,"turns":4.0},{"damage":0.0,"enemies":"Looter","floor":10.0,"turns":4.0},{"damage":2.0,"enemies":"Exordium Thugs","floor":11.0,"turns":5.0},{"damage":4.0,"enemies":"Gremlin Gang","floor":13.0,"turns":7.0},{"damage":19.0,"enemies":"The Guardian","floor":16.0,"turns":10.0},{"damage":0.0,"enemies":"Spheric Guardian","floor":18.0,"turns":5.0},{"damage":0.0,"enemies":"2 Thieves","floor":19.0,"turns":4.0},{"damage":3.0,"enemies":"Centurion and Healer","floor":20.0,"turns":7.0},{"damage":22.0,"enemies":"3 Cultists","floor":22.0,"turns":7.0},{"damage":14.0,"enemies":"Gremlin Leader","floor":24.0,"turns":9.0},{"damage":18.0,"enemies":"Chosen and Byrds","floor":25.0,"turns":7.0},{"damage":11.0,"enemies":"Snecko","floor":28.0,"turns":6.0},{"damage":0.0,"enemies":"3 Cultists","floor":29.0,"turns":5.0},{"damage":12.0,"enemies":"Snake Plant","floor":31.0,"turns":5.0},{"damage":24.0,"enemies":"Automaton","floor":33.0,"turns":11.0},{"damage":9.0,"enemies":"3 Darklings","floor":35.0,"turns":6.0},{"damage":1.0,"enemies":"3 Shapes","floor":37.0,"turns":7.0},{"damage":15.0,"enemies":"Transient","floor":39.0,"turns":5.0},{"damage":22.0,"enemies":"Giant Head","floor":41.0,"turns":10.0},{"damage":9.0,"enemies":"Writhing Mass","floor":42.0,"turns":6.0},{"damage":0.0,"enemies":"Maw","floor":45.0,"turns":9.0},{"damage":0.0,"enemies":"4 Shapes","floor":47.0,"turns":6.0},{"damage":25.0,"enemies":"Donu and Deca","floor":50.0,"turns":8.0},{"damage":34.0,"enemies":"Shield and Spear","floor":54.0,"turns":5.0},{"damage":48,"enemies":"The Heart","floor":55,"turns":6}],"seed_played":"7040806021690001738","potions_obtained":[{"floor":7.0,"key":"Energy Potion"},{"floor":7.0,"key":"Swift Potion"},{"floor":7.0,"key":"Regen Potion"},{"floor":10.0,"key":"Energy Potion"},{"floor":13.0,"key":"Explosive Potion"},{"floor":16.0,"key":"Fire Potion"}],"is_trial":false,"path_per_floor":["M","?","M","$","M","R","?","M","T","M","M","R","M","$","R","B",null,"M","M","M","?","M","R","E","M","T","$","M","M","$","M","R","B",null,"M","$","M","?","M","R","E","M","T","R","M","R","M","$","R","B",null,"R","$","E","B"],"character_chosen":"THE_SILENT","items_purchased":["Noxious Fumes","Noxious Fumes","War Paint","Catalyst","Night Terror","Dodge and Roll"],"campfire_rested":4,"item_purchase_floors":[4,27,27,30,36,53],"current_hp_per_floor":[68,61,61,61,60,60,60,57,57,69,67,67,63,63,63,44,70,70,70,67,67,45,66,52,34,44,44,33,33,33,21,45,21,80,71,71,70,60,45,69,47,38,38,62,64,64,66,66,66,43,80,80,80,46,0],"gold":58,"neow_bonus":"RANDOM_COMMON_RELIC","is_prod":false,"is_daily":false,"chose_seed":false,"campfire_upgraded":5,"win_rate":0,"timestamp":1565628163,"path_taken":["M","?","M","$","M","R","?","M","T","?","M","R","M","$","R","BOSS","M","?","M","?","M","R","E","M","T","?","?","?","$","M","R","BOSS","M","$","?","?","M","R","E","M","T","R","M","R","M","$","R","BOSS","R","$","E","BOSS"],"build_version":"2019-01-23","purchased_purges":2,"victory":false,"max_hp_per_floor":[70,70,70,70,70,70,70,70,70,70,70,70,70,70,70,70,70,70,70,70,70,70,70,70,70,80,80,80,80,80,80,80,80,80,80,80,80,80,80,80,80,80,80,80,80,80,80,80,80,80,80,80,80,80,80],"card_choices":[{"not_picked":["Deadly Poison","Flechettes"],"picked":"Backflip","floor":1.0},{"not_picked":["All Out Attack","Bane"],"picked":"Dodge and Roll","floor":3.0},{"not_picked":["Sucker Punch","Underhanded Strike","Blade Dance"],"picked":"SKIP","floor":5.0},{"not_picked":["Underhanded Strike","Phantasmal Killer"],"picked":"Deadly Poison","floor":8.0},{"not_picked":["Calculated Gamble","Escape Plan","Dagger Throw"],"picked":"SKIP","floor":10.0},{"not_picked":["Slice","Outmaneuver","Dagger Spray"],"picked":"SKIP","floor":11.0},{"not_picked":["Slice","Underhanded Strike","Infinite Blades"],"picked":"SKIP","floor":13.0},{"not_picked":["A Thousand Cuts","Wraith Form v2"],"picked":"After Image","floor":16.0},{"not_picked":["Backflip","Masterful Stab+1","Blade Dance"],"picked":"SKIP","floor":18.0},{"not_picked":["Blade Dance","Flying Knee"],"picked":"Poisoned Stab+1","floor":19.0},{"not_picked":["Blade Dance+1","Cloak And Dagger","Prepared+1"],"picked":"SKIP","floor":20.0},{"not_picked":["Sucker Punch","Choke","Phantasmal Killer"],"picked":"SKIP","floor":22.0},{"not_picked":["Reflex","Slice+1","Sucker Punch"],"picked":"SKIP","floor":24.0},{"not_picked":["Outmaneuver","Dagger Spray"],"picked":"Sucker Punch+1","floor":25.0},{"not_picked":["Glass Knife","Outmaneuver","Distraction"],"picked":"SKIP","floor":28.0},{"not_picked":["Calculated Gamble+1","Cloak And Dagger","Riddle With Holes"],"picked":"SKIP","floor":29.0},{"not_picked":["Bane","Infinite Blades"],"picked":"Dodge and Roll","floor":31.0},{"not_picked":["Blade Dance+1","Acrobatics","All Out Attack"],"picked":"SKIP","floor":35.0},{"not_picked":["Quick Slash+1","Masterful Stab","Skewer"],"picked":"SKIP","floor":37.0},{"not_picked":["Outmaneuver","Caltrops","Eviscerate+1"],"picked":"SKIP","floor":39.0},{"not_picked":["Quick Slash","Outmaneuver"],"picked":"Backstab+1","floor":41.0},{"not_picked":["Malaise","Crippling Poison+1","Outmaneuver"],"picked":"SKIP","floor":42.0},{"not_picked":["Underhanded Strike","Poisoned Stab+1","Cloak And Dagger+1"],"picked":"SKIP","floor":45.0},{"not_picked":["Infinite Blades","Cloak And Dagger","Quick Slash"],"picked":"SKIP","floor":47.0},{"not_picked":["Distraction","Blade Dance+1","Calculated Gamble"],"picked":"SKIP","floor":54.0}],"player_experience":180584,"relics_obtained":[{"floor":24.0,"key":"Bottled Lightning"},{"floor":26.0,"key":"Pear"},{"floor":41.0,"key":"Ninja Scroll"},{"floor":43.0,"key":"Blood Vial"},{"floor":54.0,"key":"Mercury Hourglass"}],"event_choices":[{"damage_healed":0.0,"max_hp_gain":0.0,"max_hp_loss":0.0,"gold_gain":0.0,"event_name":"Scrap Ooze","player_choice":"Success","floor":2.0,"gold_loss":0.0,"damage_taken":7.0,"relics_obtained":["Vajra"]},{"damage_healed":0.0,"max_hp_gain":0.0,"max_hp_loss":0.0,"gold_gain":0.0,"event_name":"Lab","player_choice":"Got Potions","floor":7.0,"gold_loss":0.0,"damage_taken":0.0},{"damage_healed":0.0,"max_hp_gain":0.0,"max_hp_loss":0.0,"gold_gain":0.0,"event_name":"WeMeetAgain","player_choice":"Gave Potion","floor":21.0,"gold_loss":0.0,"damage_taken":0.0,"relics_obtained":["Kunai"]},{"damage_healed":0.0,"max_hp_gain":0.0,"max_hp_loss":0.0,"gold_gain":0.0,"event_name":"Winding Halls","player_choice":"Embrace Madness","floor":38.0,"gold_loss":0.0,"damage_taken":10.0,"cards_obtained":["Madness","Madness"]}],"is_beta":false,"boss_relics":[{"not_picked":["Runic Pyramid","Coffee Dripper"],"picked":"Sozu"},{"not_picked":["Velvet Choker","Tiny House"],"picked":"Ring of the Serpent"}],"items_purged_floors":[14,48],"is_endless":false,"potions_floor_spawned":[10,13,16,18,22,25,29,33,41,45,47],"killed_by":"The Heart","ascension_level":0}