{"gold_per_floor":[115,127,139,35,49,49,49,49,103,103,132,132,132,132,132,206,206,218,53,53,233,252,252,285,285,285,285,311,327,358,368,368,444,444,463,463,463,285,285,285,285,311,338,338,384,384,384,398,398,398,398,398,398,103,138,138],"floor_reached":57,"playtime":2991,"items_purged":["Strike_R","Strike_R","Strike_R+1"],"score":3085,"play_id":"Baalorlord-fc6a3b11","local_time":"20190622133734","is_ascension_mode":true,"campfire_choices":[{"data":"Searing Blow","floor":6,"key":"SMITH"},{"data":"Searing Blow+1","floor":8,"key":"SMITH"},{"data":"Searing Blow+2","floor":10,"key":"SMITH"},{"data":"Searing Blow+3","floor":12,"key":"SMITH"},{"data":"Searing Blow+4","floor":15,"key":"SMITH"},{"data":"Searing Blow+5","floor":23,"key":"SMITH"},{"data":"Searing Blow+6","floor":25,"key":"SMITH"},{"data":"Searing Blow+7","floor":27,"key":"SMITH"},{"data":"Searing Blow+8","floor":32,"key":"SMITH"},{"data":"Searing Blow+9","floor":40,"key":"SMITH"},{"data":"Searing Blow+10","floor":41,"key":"SMITH"},{"data":"Searing Blow+11","floor":44,"key":"SMITH"},{"data":"Searing Blow+13","floor":47,"key":"SMITH"},{"floor":49,"key":"RECALL"},{"data":"Searing Blow+14","floor":53,"key":"SMITH"}],"neow_cost":"TEN_PERCENT_HP_LOSS","seed_source_timestamp":325721242741500,"circlet_count":0,"master_deck":["AscendersBane","Strike_R+1","Defend_R+1","Defend_R+1","Defend_R+1","Defend_R+1","Bash+1","Feel No Pain+1","Iron Wave+1","Searing Blow+15","Shrug It Off+1","Shrug It Off+1","Dual Wield+1","Offering+1","Ghostly+1","Ghostly+1","Ghostly+1","Warcry+1","Armaments+1","Exhume+1","Shockwave+1","Impatience+1","Trip+1","Second Wind+1","Dark Shackles"],"relics":["Burning Blood","WingedGreaves","Lantern","Bag of Marbles","Pear","Runic Pyramid","Bag of Preparation","Juzu Bracelet","Champion Belt","Omamori","Bottled Flame","Philosopher\u0027s Stone","Whetstone","Pocketwatch","Mark of the Bloom","Shuriken"],"potions_floor_usage":[11,11,24,56,56,56,56],"damage_taken":[{"damage":6,"enemies":"Cultist","floor":1,"turns":3},{"damage":7,"enemies":"2 Louse","floor":2,"turns":3},{"damage":15,"enemies":"Small Slimes","floor":3,"turns":5},{"damage":3,"enemies":"Blue Slaver","floor":5,"turns":7},{"damage":27,"enemies":"Lagavulin","floor":11,"turns":8},{"damage":27,"enemies":"Slime Boss","floor":16,"turns":10},{"damage":6,"enemies":"Spheric Guardian","floor":18,"turns":3},{"damage":0,"enemies":"Chosen","floor":22,"turns":2},{"damage":1,"enemies":"Book of Stabbing","floor":24,"turns":3},{"damage":6,"enemies":"Gremlin Leader","floor":28,"turns":5},{"damage":1,"enemies":"Snecko","floor":29,"turns":2},{"damage":1,"enemies":"Slavers","floor":30,"turns":8},{"damage":0,"enemies":"Centurion and Healer","floor":31,"turns":2},{"damage":17,"enemies":"Champ","floor":33,"turns":11},{"damage":0,"enemies":"Orb Walker","floor":35,"turns":1},{"damage":0,"enemies":"Reptomancer","floor":42,"turns":2},{"damage":0,"enemies":"2 Orb Walkers","floor":45,"turns":1},{"damage":0,"enemies":"3 Darklings","floor":48,"turns":2},{"damage":1,"enemies":"Awakened One","floor":50,"turns":7},{"damage":0,"enemies":"Donu and Deca","floor":51,"turns":6},{"damage":0,"enemies":"Shield and Spear","floor":55,"turns":6},{"damage":5,"enemies":"The Heart","floor":56,"turns":7}],"seed_played":"238299466039673609","potions_obtained":[{"floor":1,"key":"Weak Potion"},{"floor":3,"key":"Swift Potion"},{"floor":11,"key":"Energy Potion"},{"floor":16,"key":"AttackPotion"},{"floor":24,"key":"SpeedPotion"},{"floor":29,"key":"Block Potion"},{"floor":48,"key":"EntropicBrew"}],"is_trial":false,"path_per_floor":["M","M","M","$","M","R","?","R","T","R","E","R","?","T","R","B",null,"M","$","?","?","M","R","E","R","T","R","E","M","E","M","R","B",null,"M","?","?","$","?","R","R","E","T","R","?","?","R","M","R","B","B",null,"R","$","E","B",null],"character_chosen":"IRONCLAD","items_purchased":["Shrug It Off","Bag of Preparation","Shockwave","Dark Shackles","GamblersBrew"],"campfire_rested":0,"item_purchase_floors":[4,19,38,54,54],"current_hp_per_floor":[68,67,58,58,61,61,54,54,54,54,33,33,33,43,43,22,64,64,64,39,21,27,27,32,32,32,32,32,37,39,39,39,28,36,39,39,39,39,29,29,29,35,35,35,39,39,39,39,39,38,38,38,38,38,38,33],"gold":138,"neow_bonus":"ONE_RARE_RELIC","is_prod":false,"is_daily":false,"chose_seed":false,"campfire_upgraded":14,"win_rate":0,"timestamp":1561225054,"path_taken":["M","?","M","$","M","R","?","R","T","R","E","R","?","?","R","BOSS","M","?","?","?","?","R","E","R","T","R","E","M","E","M","R","BOSS","M","?","?","$","?","R","R","E","T","R","?","?","R","M","R","BOSS","BOSS","R","$","E","BOSS"],"build_version":"2019-01-23","purchased_purges":3,"victory":true,"max_hp_per_floor":[68,68,68,68,68,68,68,68,68,68,68,68,68,78,78,78,78,78,78,39,39,39,39,39,39,39,39,39,39,39,39,39,39,39,39,39,39,39,39,39,39,39,39,39,39,39,39,39,39,39,39,39,39,39,39,39],"card_choices":[{"not_picked":["Sword Boomerang","Headbutt"],"picked":"Feel No Pain","floor":1},{"not_picked":["Havoc","Entrench"],"picked":"Iron Wave","floor":2},{"not_picked":["Blood for Blood","Shrug It Off"],"picked":"Searing Blow","floor":3},{"not_picked":["True Grit","Flex"],"picked":"Shrug It Off","floor":5},{"not_picked":["Iron Wave","Sword Boomerang"],"picked":"Dual Wield","floor":11},{"not_picked":["Immolate","Fiend Fire"],"picked":"Offering","floor":16},{"not_picked":["Sword Boomerang","Shrug It Off","Body Slam+1"],"picked":"SKIP","floor":18},{"not_picked":["Anger","Body Slam"],"picked":"Warcry","floor":22},{"not_picked":["Clash","Reckless Charge","Cleave"],"picked":"SKIP","floor":24},{"not_picked":["Feed","True Grit"],"picked":"Armaments+1","floor":28},{"not_picked":["True Grit","Fire Breathing+1","Twin Strike"],"picked":"SKIP","floor":29},{"not_picked":["Burning Pact","Sword Boomerang"],"picked":"Exhume","floor":30},{"not_picked":["Pommel Strike+1","Iron Wave","True Grit"],"picked":"SKIP","floor":31},{"not_picked":["Perfected Strike","Anger+1","Body Slam"],"picked":"SKIP","floor":35},{"not_picked":["Blind","Panacea"],"picked":"Impatience","floor":39},{"not_picked":["Impatience","Madness"],"picked":"Trip","floor":39},{"not_picked":["Barricade","Infernal Blade+1","Cleave"],"picked":"SKIP","floor":42},{"not_picked":["Armaments","Pummel"],"picked":"Second Wind+1","floor":48},{"not_picked":["Dual Wield","Iron Wave","Cleave"],"picked":"SKIP","floor":55}],"player_experience":2141093,"relics_obtained":[{"floor":9,"key":"Lantern"},{"floor":11,"key":"Bag of Marbles"},{"floor":14,"key":"Pear"},{"floor":24,"key":"Juzu Bracelet"},{"floor":26,"key":"Champion Belt"},{"floor":28,"key":"Omamori"},{"floor":30,"key":"Bottled Flame"},{"floor":42,"key":"Whetstone"},{"floor":45,"key":"Pocketwatch"},{"floor":55,"key":"Shuriken"}],"event_choices":[{"cards_removed":["Strike_R"],"damage_healed":0,"gold_gain":0,"player_choice":"Card Removal","damage_taken":7,"max_hp_gain":0,"max_hp_loss":0,"event_name":"Golden Wing","floor":7,"gold_loss":0},{"damage_healed":0,"gold_gain":0,"player_choice":"Fled","damage_taken":0,"max_hp_gain":0,"max_hp_loss":0,"event_name":"Scrap Ooze","floor":13,"gold_loss":0},{"damage_healed":0,"gold_gain":0,"player_choice":"Became a Ghost","damage_taken":0,"max_hp_gain":0,"max_hp_loss":39,"event_name":"Ghosts","floor":20,"gold_loss":0,"cards_obtained":["Ghostly","Ghostly","Ghostly"]},{"damage_healed":0,"gold_gain":180,"player_choice":"GOLD GOLD ","damage_taken":18,"max_hp_gain":0,"max_hp_loss":0,"event_name":"Knowing Skull","floor":21,"potions_obtained":[],"gold_loss":0,"cards_obtained":[]},{"damage_healed":0,"gold_gain":0,"player_choice":"Ignored","damage_taken":0,"max_hp_gain":0,"max_hp_loss":0,"event_name":"Tomb of Lord Red Mask","floor":36,"gold_loss":0},{"damage_healed":8,"gold_gain":0,"player_choice":"Writhe","damage_taken":0,"max_hp_gain":0,"max_hp_loss":0,"event_name":"Winding Halls","floor":37,"gold_loss":0,"cards_obtained":["Writhe"]},{"damage_healed":0,"gold_gain":0,"player_choice":"Memory 3","damage_taken":10,"max_hp_gain":0,"max_hp_loss":0,"event_name":"SensoryStone","floor":39,"gold_loss":0},{"damage_healed":0,"gold_gain":0,"player_choice":"Fight","damage_taken":0,"max_hp_gain":0,"max_hp_loss":0,"event_name":"Mysterious Sphere","floor":45,"gold_loss":0},{"damage_healed":0,"gold_gain":0,"player_choice":"Upgrade","damage_taken":0,"relics_obtained":["Mark of the Bloom"],"max_hp_gain":0,"max_hp_loss":0,"event_name":"MindBloom","floor":46,"gold_loss":0,"cards_upgraded":["Strike_R","Strike_R","Defend_R","Defend_R","Defend_R","Defend_R","Feel No Pain","Searing Blow","Shrug It Off","Shrug It Off","Dual Wield","Offering","Ghostly","Ghostly","Ghostly","Warcry","Exhume","Shockwave","Impatience","Trip"]}],"is_beta":false,"boss_relics":[{"not_picked":["Ectoplasm","Black Star"],"picked":"Runic Pyramid"},{"not_picked":["Pandora\u0027s Box","Sozu"],"picked":"Philosopher\u0027s Stone"}],"items_purged_floors":[4,38,54],"is_endless":false,"potions_floor_spawned":[1,3,11,16,22,24,29,31,35,42,48],"ascension_level":20}