{"gold_per_floor":[115,290,305,320,300,335,335,346,346,296,104,116,129,204,204,305,305,323,338,238,328,328,362,362,372,372,382,382,402,204,119,119,119],"floor_reached":33,"playtime":1134,"items_purged":["Strike_R","Doubt","Defend_R"],"score":282,"play_id":"3ac3f5f3-0e15-44e4-b0a6-ce789fbc2d38","local_time":"20181117230533","is_ascension_mode":true,"campfire_choices":[{"data":"Bash","floor":7,"key":"SMITH"},{"floor":15,"key":"REST"},{"floor":24,"key":"REST"},{"data":"Armaments","floor":28,"key":"SMITH"},{"data":"Armaments","floor":32,"key":"SMITH"}],"neow_cost":"NONE","seed_source_timestamp":337493821161654,"circlet_count":0,"master_deck":["Strike_R","Strike_R","Strike_R","Defend_R","Defend_R","Defend_R","Bash+1","Twin Strike","Heavy Blade","Heavy Blade","Shrug It Off","Shrug It Off","Armaments+1","Combust+1","Flex","Sword Boomerang","Juggernaut+1","Clash","Twin Strike","Combust+1","Flex","Clash","Dark Embrace+1","Armaments+1","Rupture+1"],"relics":["Burning Blood","NeowsBlessing","Juzu Bracelet","Frozen Egg 2","Mark of Pain","Oddly Smooth Stone","Meat on the Bone","Thread and Needle"],"potions_floor_usage":[16,16,23,29],"damage_taken":[{"damage":0,"enemies":"Jaw Worm","floor":1,"turns":1},{"damage":0,"enemies":"Small Slimes","floor":3,"turns":1},{"damage":0,"enemies":"Cultist","floor":4,"turns":1},{"damage":25,"enemies":"Exordium Thugs","floor":5,"turns":4},{"damage":27,"enemies":"Gremlin Nob","floor":6,"turns":4},{"damage":14,"enemies":"Lots of Slimes","floor":8,"turns":4},{"damage":9,"enemies":"Blue Slaver","floor":12,"turns":3},{"damage":9,"enemies":"2 Fungi Beasts","floor":13,"turns":3},{"damage":18,"enemies":"Slime Boss","floor":16,"turns":8},{"damage":20,"enemies":"Shell Parasite","floor":18,"turns":5},{"damage":5,"enemies":"Chosen","floor":19,"turns":4},{"damage":39,"enemies":"Slavers","floor":23,"turns":4},{"damage":21,"enemies":"Sentry and Sphere","floor":25,"turns":5},{"damage":11,"enemies":"Snecko","floor":27,"turns":3},{"damage":16,"enemies":"Centurion and Healer","floor":29,"turns":4},{"damage":36,"enemies":"Champ","floor":33,"turns":7}],"seed_played":"3296153938646702487","potions_obtained":[{"floor":1,"key":"Energy Potion"},{"floor":4,"key":"Energy Potion"},{"floor":5,"key":"SpeedPotion"},{"floor":23,"key":"Explosive Potion"},{"floor":27,"key":"PowerPotion"}],"is_trial":false,"path_per_floor":["M","?","M","M","M","E","R","M","T","?","$","M","M","?","R","B",null,"M","M","$","?","?","E","R","M","T","M","R","M","$","?","R","B"],"character_chosen":"IRONCLAD","items_purchased":["Combust+1","Flex","Rupture+1"],"campfire_rested":2,"item_purchase_floors":[11,11,30],"current_hp_per_floor":[80,80,80,80,61,40,40,32,32,32,32,29,26,15,39,27,80,66,67,67,51,51,18,42,27,27,34,34,36,36,36,36,0],"gold":119,"neow_bonus":"THREE_ENEMY_KILL","is_prod":false,"is_daily":false,"chose_seed":false,"campfire_upgraded":3,"win_rate":0,"timestamp":1542513933,"path_taken":["M","?","M","M","M","E","R","M","T","?","$","M","M","?","R","BOSS","M","M","$","?","?","E","R","M","T","M","R","M","?","?","R","BOSS"],"build_version":"2018-11-15","purchased_purges":3,"victory":false,"max_hp_per_floor":[80,80,80,80,80,80,80,80,80,80,80,80,80,80,80,80,80,80,80,80,80,80,80,80,80,80,80,80,80,80,80,80,80],"card_choices":[{"not_picked":["Dual Wield","True Grit"],"picked":"Twin Strike","floor":1},{"not_picked":["Entrench","Anger"],"picked":"Heavy Blade","floor":3},{"not_picked":["Fire Breathing","Blood for Blood"],"picked":"Heavy Blade","floor":4},{"not_picked":["Ghostly Armor","True Grit"],"picked":"Shrug It Off","floor":5},{"not_picked":["Shockwave","Impervious"],"picked":"Shrug It Off","floor":6},{"not_picked":["Perfected Strike","Metallicize"],"picked":"Armaments","floor":8},{"not_picked":["Shockwave","Perfected Strike","True Grit"],"picked":"SKIP","floor":12},{"not_picked":["Flame Barrier","Entrench"],"picked":"Sword Boomerang","floor":13},{"not_picked":["Dark Embrace+1","Impervious"],"picked":"Juggernaut+1","floor":16},{"not_picked":["Uppercut","Headbutt"],"picked":"Clash","floor":18},{"not_picked":["True Grit+1","Uppercut"],"picked":"Twin Strike","floor":19},{"not_picked":["Body Slam","Sever Soul"],"picked":"Flex","floor":23},{"not_picked":["Whirlwind","Cleave"],"picked":"Clash","floor":25},{"not_picked":["Shrug It Off","Searing Blow"],"picked":"Dark Embrace+1","floor":27},{"not_picked":["Headbutt","Second Wind+1"],"picked":"Armaments","floor":29}],"player_experience":123417,"relics_obtained":[{"floor":6,"key":"Juzu Bracelet"},{"floor":9,"key":"Frozen Egg 2"},{"floor":23,"key":"Oddly Smooth Stone"},{"floor":26,"key":"Meat on the Bone"}],"event_choices":[{"damage_healed":0,"gold_gain":175,"player_choice":"AGREE","damage_taken":0,"max_hp_gain":0,"max_hp_loss":0,"event_name":"Liars Game","floor":2,"gold_loss":0,"cards_obtained":["Doubt"]},{"cards_removed":["Strike_R"],"damage_healed":0,"gold_gain":0,"player_choice":"Card Removal","damage_taken":0,"max_hp_gain":0,"max_hp_loss":0,"event_name":"The Cleric","floor":10,"gold_loss":50},{"damage_healed":0,"gold_gain":75,"player_choice":"Gather Gold","damage_taken":11,"max_hp_gain":0,"max_hp_loss":0,"event_name":"World of Goop","floor":14,"gold_loss":0},{"damage_healed":0,"gold_gain":90,"player_choice":"GOLD ","damage_taken":16,"max_hp_gain":0,"max_hp_loss":0,"event_name":"Knowing Skull","floor":21,"potions_obtained":[],"gold_loss":0,"cards_obtained":[]},{"damage_healed":0,"gold_gain":0,"player_choice":"Copied","damage_taken":0,"max_hp_gain":0,"max_hp_loss":0,"event_name":"Duplicator","floor":22,"gold_loss":0,"cards_obtained":["Combust"]},{"damage_healed":0,"gold_gain":0,"player_choice":"Obtained Relic","damage_taken":0,"relics_obtained":["Thread and Needle"],"max_hp_gain":0,"max_hp_loss":0,"event_name":"Addict","floor":31,"gold_loss":85}],"is_beta":false,"boss_relics":[{"not_picked":["Eternal Feather","Ectoplasm"],"picked":"Mark of Pain"}],"items_purged_floors":[11,20,30],"is_endless":false,"potions_floor_spawned":[1,4,5,13,23,27],"killed_by":"Champ","ascension_level":1}