{"gold_per_floor":[110,121,135,155,169,169,182,182,182,209,227,199,199,1,1,106,106,125,125,125,125,96,96],"floor_reached":23,"playtime":1229,"items_purged":[],"score":241,"play_id":"a466f3eb-8738-408d-8b48-340a3acc0ff4","local_time":"20181205130728","is_ascension_mode":true,"campfire_choices":[{"data":"Ghostly Armor","floor":6,"key":"SMITH"},{"floor":15,"key":"REST"}],"neow_cost":"NONE","seed_source_timestamp":1013953228355232,"circlet_count":0,"master_deck":["Strike_R+1","Strike_R+1","Strike_R+1","Strike_R+1","Defend_R+1","Defend_R+1","Defend_R+1","Defend_R+1","Bash","Ghostly Armor+1","Feel No Pain","Spot Weakness","Sword Boomerang","Heavy Blade","Armaments","Demon Form"],"relics":["Black Blood","NeowsBlessing","Torii","Ancient Tea Set","Toy Ornithopter","MutagenicStrength","Happy Flower"],"potions_floor_usage":[5,5,11,16,22],"damage_taken":[{"damage":0,"enemies":"Small Slimes","floor":1,"turns":1},{"damage":0,"enemies":"Cultist","floor":2,"turns":1},{"damage":0,"enemies":"Jaw Worm","floor":3,"turns":1},{"damage":16,"enemies":"Blue Slaver","floor":4,"turns":4},{"damage":6,"enemies":"Gremlin Gang","floor":5,"turns":4},{"damage":19,"enemies":"3 Louse","floor":7,"turns":5},{"damage":36,"enemies":"Lagavulin","floor":10,"turns":7},{"damage":1,"enemies":"Looter","floor":11,"turns":3},{"damage":27,"enemies":"The Guardian","floor":16,"turns":15},{"damage":25,"enemies":"Shell Parasite","floor":18,"turns":7},{"damage":13,"enemies":"2 Thieves","floor":22,"turns":5},{"damage":59,"enemies":"Slavers","floor":23,"turns":5}],"seed_played":"8543206891505076631","potions_obtained":[{"floor":1,"key":"SteroidPotion"},{"floor":4,"key":"Energy Potion"},{"floor":10,"key":"PowerPotion"},{"floor":11,"key":"Energy Potion"},{"floor":18,"key":"Block Potion"},{"floor":22,"key":"SneckoOil"}],"is_trial":false,"path_per_floor":["M","M","M","M","M","R","M","?","T","E","M","?","?","$","R","B",null,"M","?","?","T","M","E"],"character_chosen":"IRONCLAD","items_purchased":["Toy Ornithopter"],"campfire_rested":1,"item_purchase_floors":[14],"current_hp_per_floor":[80,80,80,70,70,70,57,50,50,20,25,25,25,25,49,33,68,53,53,53,53,55,0],"gold":96,"neow_bonus":"THREE_ENEMY_KILL","is_prod":false,"is_daily":false,"chose_seed":false,"campfire_upgraded":1,"win_rate":0,"timestamp":1543993648,"path_taken":["M","M","M","M","M","R","M","?","T","E","M","?","?","$","R","BOSS","M","?","?","?","?","E"],"build_version":"2018-11-15","purchased_purges":0,"victory":false,"max_hp_per_floor":[80,80,80,80,80,80,80,80,80,80,80,80,80,80,80,80,80,80,80,80,80,80,80],"card_choices":[{"not_picked":["Havoc","Clash"],"picked":"Ghostly Armor","floor":1},{"not_picked":["Anger","Heavy Blade"],"picked":"Feel No Pain","floor":2},{"not_picked":["Dual Wield","Flex","Whirlwind"],"picked":"SKIP","floor":3},{"not_picked":["Rampage","Sentinel"],"picked":"Spot Weakness","floor":4},{"not_picked":["Dark Embrace","Flex","Warcry"],"picked":"SKIP","floor":5},{"not_picked":["Warcry","Twin Strike"],"picked":"Sword Boomerang","floor":7},{"not_picked":["Berserk","Rampage"],"picked":"Heavy Blade","floor":10},{"not_picked":["Clothesline","Iron Wave"],"picked":"Armaments","floor":11},{"not_picked":["Offering","Impervious"],"picked":"Demon Form","floor":16},{"not_picked":["Warcry","Dropkick","Clash"],"picked":"SKIP","floor":18},{"not_picked":["Clothesline+1","Havoc","Whirlwind"],"picked":"SKIP","floor":22}],"player_experience":179394,"relics_obtained":[{"floor":9,"key":"Torii"},{"floor":10,"key":"Ancient Tea Set"},{"floor":21,"key":"Happy Flower"}],"event_choices":[{"cards_removed":["Strike_R"],"damage_healed":0,"gold_gain":0,"player_choice":"Card Removal","damage_taken":7,"max_hp_gain":0,"max_hp_loss":0,"event_name":"Golden Wing","floor":8,"gold_loss":0},{"damage_healed":0,"gold_gain":0,"player_choice":"Left Gold","damage_taken":0,"max_hp_gain":0,"max_hp_loss":0,"event_name":"World of Goop","floor":12,"gold_loss":28},{"damage_healed":0,"gold_gain":0,"player_choice":"0 cards matched","damage_taken":0,"max_hp_gain":0,"max_hp_loss":0,"event_name":"Match and Keep!","floor":13,"gold_loss":0,"cards_obtained":[]},{"damage_healed":0,"gold_gain":0,"player_choice":"Simplicity","damage_taken":0,"max_hp_gain":0,"max_hp_loss":0,"event_name":"Back to Basics","floor":19,"gold_loss":0,"cards_upgraded":["Strike_R","Strike_R","Strike_R","Strike_R","Defend_R","Defend_R","Defend_R","Defend_R"]},{"damage_healed":0,"gold_gain":0,"player_choice":"Inject Mutagens","damage_taken":0,"relics_obtained":["MutagenicStrength"],"max_hp_gain":0,"max_hp_loss":0,"event_name":"Drug Dealer","floor":20,"gold_loss":0}],"is_beta":false,"boss_relics":[{"not_picked":["Fusion Hammer","Eternal Feather"],"picked":"Black Blood"}],"items_purged_floors":[],"is_endless":false,"potions_floor_spawned":[1,4,10,11,18,22],"killed_by":"Slavers","ascension_level":5}