{"gold_per_floor":[16,34,34,53,72,72,113,113,161,161,196,277,293,317,317,440,440,453,471,494,494,515,549,549,360,383,422,437,457,457,497,497,617,617,635,650,371,389,749,793,793,833,856,886,923,593,593,611,611,611,611,611,168,168],"floor_reached":54,"playtime":2926,"items_purged":["Bash","Armaments"],"score":958,"play_id":"2b1a008b-425d-402e-b9fa-0f4bdd1b5b21","local_time":"20190607201735","is_ascension_mode":true,"campfire_choices":[{"data":"Inflame","floor":6,"key":"SMITH"},{"data":"Disarm","floor":8,"key":"SMITH"},{"data":"Twin Strike","floor":10,"key":"SMITH"},{"data":"Flex","floor":15,"key":"SMITH"},{"data":"Demon Form","floor":32,"key":"SMITH"},{"floor":49,"key":"RECALL"},{"data":"Flame Barrier","floor":52,"key":"SMITH"}],"neow_cost":"NO_GOLD","seed_source_timestamp":28082107438664,"circlet_count":0,"master_deck":["Strike_R+1","Strike_R+1","Strike_R+1","Strike_R+1","Strike_R+1","Defend_R+1","Defend_R+1","Defend_R+1","Defend_R+1","Reaper","Twin Strike+1","Heavy Blade","Inflame+1","Disarm+1","Flex+1","Headbutt","True Grit","Demon Form+1","Pommel Strike+1","Shrug It Off+1","Ghostly Armor","Metallicize","Flame Barrier+1","Offering","Warcry+1","Shrug It Off+1","Pummel+1","Uppercut"],"relics":["Burning Blood","Golden Idol","Bottled Lightning","Happy Flower","Meat on the Bone","Mark of Pain","Anchor","Oddly Smooth Stone","PreservedInsect","Orichalcum","MutagenicStrength","Art of War","Sozu","Strange Spoon","Old Coin","Shuriken","Potion Belt","MawBank","Mummified Hand","Gambling Chip","Pen Nib"],"potions_floor_usage":[12,18,22,22,35,54],"damage_taken":[{"damage":13,"enemies":"2 Louse","floor":1,"turns":3},{"damage":8,"enemies":"Small Slimes","floor":2,"turns":4},{"damage":9,"enemies":"Jaw Worm","floor":4,"turns":4},{"damage":16,"enemies":"Exordium Thugs","floor":5,"turns":5},{"damage":25,"enemies":"3 Sentries","floor":7,"turns":5},{"damage":26,"enemies":"Gremlin Nob","floor":11,"turns":4},{"damage":16,"enemies":"Gremlin Nob","floor":12,"turns":4},{"damage":21,"enemies":"3 Louse","floor":13,"turns":4},{"damage":4,"enemies":"2 Fungi Beasts","floor":14,"turns":3},{"damage":36,"enemies":"The Guardian","floor":16,"turns":11},{"damage":52,"enemies":"3 Byrds","floor":18,"turns":6},{"damage":67,"enemies":"2 Thieves","floor":19,"turns":4},{"damage":5,"enemies":"Snecko","floor":20,"turns":4},{"damage":27,"enemies":"Shelled Parasite and Fungi","floor":22,"turns":5},{"damage":65,"enemies":"Gremlin Leader","floor":23,"turns":8},{"damage":32,"enemies":"Slavers","floor":27,"turns":5},{"damage":4,"enemies":"3 Cultists","floor":28,"turns":6},{"damage":3,"enemies":"Snecko","floor":29,"turns":5},{"damage":25,"enemies":"Book of Stabbing","floor":31,"turns":6},{"damage":26,"enemies":"Champ","floor":33,"turns":11},{"damage":16,"enemies":"3 Darklings","floor":35,"turns":5},{"damage":0,"enemies":"3 Shapes","floor":36,"turns":3},{"damage":35,"enemies":"Transient","floor":38,"turns":5},{"damage":30,"enemies":"2 Orb Walkers","floor":39,"turns":6},{"damage":42,"enemies":"Nemesis","floor":40,"turns":7},{"damage":45,"enemies":"Reptomancer","floor":42,"turns":6},{"damage":9,"enemies":"3 Darklings","floor":44,"turns":7},{"damage":6,"enemies":"Spire Growth","floor":45,"turns":4},{"damage":8,"enemies":"Writhing Mass","floor":48,"turns":5},{"damage":26,"enemies":"Awakened One","floor":50,"turns":8},{"damage":76,"enemies":"Shield and Spear","floor":54,"turns":3}],"seed_played":"8408831433471958032","potions_obtained":[{"floor":7,"key":"SpeedPotion"},{"floor":11,"key":"Weak Potion"},{"floor":12,"key":"LiquidBronze"},{"floor":14,"key":"Block Potion"},{"floor":19,"key":"Explosive Potion"},{"floor":22,"key":"SteroidPotion"},{"floor":23,"key":"GamblersBrew"}],"is_trial":false,"path_per_floor":["M","M","?","M","M","R","E","R","T","R","E","?","M","M","R","B",null,"M","M","M","?","M","E","?","$","T","E","M","M","?","E","R","B",null,"M","M","$","M","?","E","?","E","T","M","M","$","?","M","R","B",null,"R","$","E"],"character_chosen":"IRONCLAD","items_purchased":["Metallicize","Oddly Smooth Stone","Strange Spoon","Mummified Hand","Gambling Chip","Pen Nib"],"campfire_rested":0,"item_purchase_floors":[25,25,37,46,53,53],"current_hp_per_floor":[80,80,60,61,59,59,61,61,61,61,41,38,50,60,60,52,73,49,22,46,46,45,47,47,47,47,48,57,70,70,51,51,62,76,80,80,80,74,79,55,55,69,69,77,77,77,77,80,80,60,75,75,75,0],"gold":168,"neow_bonus":"THREE_RARE_CARDS","is_prod":false,"is_daily":false,"chose_seed":false,"campfire_upgraded":6,"win_rate":0,"timestamp":1559956655,"path_taken":["M","M","?","M","M","R","E","R","T","R","E","?","M","M","R","BOSS","M","M","M","?","M","E","?","$","T","E","?","M","?","E","R","BOSS","M","M","$","M","?","E","?","E","T","M","M","$","?","M","R","BOSS","R","$","E"],"build_version":"2019-01-23","purchased_purges":2,"victory":false,"max_hp_per_floor":[80,80,80,80,80,80,80,80,80,80,80,80,80,80,80,80,80,80,80,80,80,80,80,80,80,80,80,80,80,80,80,80,80,80,80,80,80,80,80,80,80,80,80,80,80,80,80,80,80,80,80,80,80,80],"card_choices":[{"not_picked":["Bludgeon","Dark Embrace"],"picked":"Reaper","floor":0},{"not_picked":["Sword Boomerang","Clothesline"],"picked":"Twin Strike","floor":1},{"not_picked":["Whirlwind","Body Slam","Exhume"],"picked":"SKIP","floor":2},{"not_picked":["Wild Strike","Cleave"],"picked":"Heavy Blade","floor":4},{"not_picked":["Clash","Warcry"],"picked":"Inflame","floor":5},{"not_picked":["Berserk","Carnage"],"picked":"Disarm","floor":7},{"not_picked":["Sword Boomerang","Dual Wield"],"picked":"Flex","floor":11},{"not_picked":["Havoc","Clothesline"],"picked":"Headbutt","floor":12},{"not_picked":["Body Slam","Battle Trance"],"picked":"True Grit","floor":13},{"not_picked":["Anger","Body Slam","Seeing Red"],"picked":"SKIP","floor":14},{"not_picked":["Limit Break","Reaper"],"picked":"Demon Form","floor":16},{"not_picked":["Anger+1","Havoc","Headbutt"],"picked":"SKIP","floor":18},{"not_picked":["Warcry","Heavy Blade+1"],"picked":"Pommel Strike+1","floor":19},{"not_picked":["True Grit","Havoc"],"picked":"Shrug It Off+1","floor":20},{"not_picked":["Headbutt","Exhume"],"picked":"Ghostly Armor","floor":22},{"not_picked":["Shrug It Off","True Grit","Sword Boomerang"],"picked":"SKIP","floor":23},{"not_picked":["Perfected Strike+1","Fire Breathing"],"picked":"Flame Barrier","floor":27},{"not_picked":["Second Wind+1","Flex+1","Searing Blow"],"picked":"SKIP","floor":28},{"not_picked":["Havoc","Corruption"],"picked":"Armaments","floor":29},{"not_picked":["Hemokinesis","Iron Wave","Pommel Strike+1"],"picked":"SKIP","floor":31},{"not_picked":["Demon Form","Fiend Fire"],"picked":"Offering","floor":33},{"not_picked":["Second Wind","Clash+1"],"picked":"Warcry+1","floor":35},{"not_picked":["Thunderclap+1","Clothesline","Feel No Pain"],"picked":"SKIP","floor":36},{"not_picked":["Flex+1","Pommel Strike"],"picked":"Shrug It Off+1","floor":38},{"not_picked":["Exhume","Sword Boomerang+1"],"picked":"Pummel+1","floor":39},{"not_picked":["Rupture+1","Anger"],"picked":"Uppercut","floor":40},{"not_picked":["Flex","Ghostly Armor","Thunderclap+1"],"picked":"SKIP","floor":42},{"not_picked":["Ghostly Armor","Searing Blow","Heavy Blade+1"],"picked":"SKIP","floor":44},{"not_picked":["Wild Strike+1","Sword Boomerang+1","Thunderclap"],"picked":"SKIP","floor":45},{"not_picked":["Burning Pact","Uppercut","Thunderclap"],"picked":"SKIP","floor":48}],"player_experience":128227,"relics_obtained":[{"floor":7,"key":"Bottled Lightning"},{"floor":11,"key":"Happy Flower"},{"floor":12,"key":"Meat on the Bone"},{"floor":23,"key":"Anchor"},{"floor":26,"key":"PreservedInsect"},{"floor":27,"key":"Orichalcum"},{"floor":31,"key":"Art of War"},{"floor":39,"key":"Old Coin"},{"floor":40,"key":"Shuriken"},{"floor":42,"key":"Potion Belt"},{"floor":43,"key":"MawBank"}],"event_choices":[{"damage_healed":0,"gold_gain":0,"player_choice":"Take Damage","damage_taken":20,"relics_obtained":["Golden Idol"],"max_hp_gain":0,"max_hp_loss":0,"event_name":"Golden Idol","floor":3,"gold_loss":0},{"damage_healed":0,"gold_gain":0,"player_choice":"Searched \u00272\u0027 times","damage_taken":0,"max_hp_gain":0,"max_hp_loss":0,"event_name":"Dead Adventurer","floor":12,"gold_loss":0},{"damage_healed":0,"gold_gain":0,"player_choice":"Simplicity","damage_taken":0,"max_hp_gain":0,"max_hp_loss":0,"event_name":"Back to Basics","floor":21,"gold_loss":0,"cards_upgraded":["Strike_R","Strike_R","Strike_R","Strike_R","Strike_R","Defend_R","Defend_R","Defend_R","Defend_R"]},{"damage_healed":0,"gold_gain":0,"player_choice":"Ignored","damage_taken":0,"max_hp_gain":0,"max_hp_loss":0,"event_name":"Vampires","floor":24,"gold_loss":0},{"damage_healed":0,"gold_gain":0,"player_choice":"Inject Mutagens","damage_taken":0,"relics_obtained":["MutagenicStrength"],"max_hp_gain":0,"max_hp_loss":0,"event_name":"Drug Dealer","floor":30,"gold_loss":0},{"damage_healed":0,"gold_gain":0,"player_choice":"Fight","damage_taken":0,"max_hp_gain":0,"max_hp_loss":0,"event_name":"Mysterious Sphere","floor":39,"gold_loss":0},{"damage_healed":0,"gold_gain":0,"player_choice":"Memory 1","damage_taken":0,"max_hp_gain":0,"max_hp_loss":0,"event_name":"SensoryStone","floor":41,"gold_loss":0},{"damage_healed":0,"gold_gain":0,"player_choice":"Ignored","damage_taken":0,"max_hp_gain":0,"max_hp_loss":0,"event_name":"Tomb of Lord Red Mask","floor":47,"gold_loss":0}],"is_beta":false,"boss_relics":[{"not_picked":["Empty Cage","Orrery"],"picked":"Mark of Pain"},{"not_picked":["White Beast Statue","Lizard Tail"],"picked":"Sozu"}],"items_purged_floors":[37,46],"is_endless":false,"potions_floor_spawned":[7,11,12,14,16,19,22,23,29,36,38,40,45],"killed_by":"Shield and Spear","ascension_level":5}