{"gold_per_floor":[112,132,12,12,26,26,53,53,99,99,132,132,210,235,235,330,330,349,349,364,378,293,293,293,354,354,136,136,148,148],"floor_reached":30,"playtime":909,"items_purged":[],"score":396,"play_id":"974f8955-e029-4781-b90f-3a07727a6eee","local_time":"20190622185057","is_ascension_mode":true,"campfire_choices":[{"data":"Sunder","floor":6,"key":"SMITH"},{"floor":8,"key":"REST"},{"data":"Zap","floor":10,"key":"SMITH"},{"data":"Defragment","floor":12,"key":"SMITH"},{"floor":15,"key":"REST"},{"floor":23,"key":"REST"},{"floor":28,"key":"REST"}],"neow_cost":"NONE","seed_source_timestamp":167083932887927,"circlet_count":0,"master_deck":["AscendersBane","Strike_B","Strike_B","Defend_B","Defend_B","Defend_B","Defend_B","Zap+1","Dualcast","Defragment+1","Rip and Tear","Tempest","Go for the Eyes","Sunder+1","Leap","Reinforced Body","Defragment","Electrodynamics","Compile Driver+1","Self Repair","Gash+1","Doom and Gloom+1","BootSequence","Capacitor+1","Undo"],"relics":["Cracked Core","Bag of Preparation","Strawberry","Unceasing Top","Molten Egg 2","Question Card","Velvet Choker","Turnip","Peace Pipe","Tiny Chest","Frozen Egg 2","Lantern"],"potions_floor_usage":[7,20,29],"damage_taken":[{"damage":9,"enemies":"2 Louse","floor":1,"turns":2},{"damage":2,"enemies":"Jaw Worm","floor":2,"turns":3},{"damage":10,"enemies":"Small Slimes","floor":5,"turns":3},{"damage":30,"enemies":"Lagavulin","floor":7,"turns":5},{"damage":11,"enemies":"3 Sentries","floor":11,"turns":5},{"damage":16,"enemies":"Gremlin Nob","floor":14,"turns":3},{"damage":17,"enemies":"Slime Boss","floor":16,"turns":9},{"damage":11,"enemies":"Spheric Guardian","floor":18,"turns":3},{"damage":10,"enemies":"Shell Parasite","floor":20,"turns":4},{"damage":37,"enemies":"Shelled Parasite and Fungi","floor":21,"turns":5},{"damage":32,"enemies":"Gremlin Leader","floor":25,"turns":5},{"damage":24,"enemies":"Snake Plant","floor":29,"turns":4},{"damage":43,"enemies":"Slavers","floor":30,"turns":3}],"seed_played":"-1861307698356139478","potions_obtained":[{"floor":5,"key":"FearPotion"},{"floor":7,"key":"Strength Potion"},{"floor":18,"key":"EssenceOfSteel"},{"floor":21,"key":"Strength Potion"}],"is_trial":false,"path_per_floor":["M","M","$","?","M","R","E","R","T","R","E","R","T","E","R","B",null,"M","?","M","M","?","R","T","E","T","$","R","M","E"],"character_chosen":"DEFECT","items_purchased":["Tempest","Go for the Eyes","Capacitor+1","Lantern"],"campfire_rested":4,"item_purchase_floors":[3,3,27,27],"current_hp_per_floor":[66,64,64,57,47,47,17,41,48,48,37,37,37,21,47,30,74,63,63,60,30,30,56,56,31,31,31,57,40,0],"gold":148,"neow_bonus":"TEN_PERCENT_HP_BONUS","is_prod":false,"is_daily":false,"chose_seed":false,"campfire_upgraded":3,"win_rate":0,"timestamp":1561247457,"path_taken":["M","M","$","?","M","R","E","R","T","R","E","R","?","E","R","BOSS","M","?","M","?","?","R","?","E","T","$","R","M","E"],"build_version":"2019-01-23","purchased_purges":0,"victory":false,"max_hp_per_floor":[82,82,82,82,82,82,82,82,89,89,89,89,89,89,89,89,89,89,89,89,89,89,89,89,89,89,89,89,89,89],"card_choices":[{"not_picked":["Cold Snap","Redo"],"picked":"Defragment","floor":1},{"not_picked":["Darkness","Force Field"],"picked":"Rip and Tear","floor":2},{"not_picked":["Double Energy","Steam"],"picked":"Sunder","floor":5},{"not_picked":["Skim","Conserve Battery"],"picked":"Leap","floor":7},{"not_picked":["Blizzard","Scrape"],"picked":"Reinforced Body","floor":11},{"not_picked":["Leap","Conserve Battery"],"picked":"Defragment","floor":14},{"not_picked":["Rainbow","Seek","All For One+1"],"picked":"Electrodynamics","floor":16},{"not_picked":["Hello World+1","Steam","Rebound+1"],"picked":"Compile Driver+1","floor":18},{"not_picked":["Sunder+1","Leap","Streamline+1"],"picked":"Gash+1","floor":20},{"not_picked":["Ball Lightning+1","Coolheaded","Sweeping Beam+1"],"picked":"Doom and Gloom+1","floor":21},{"not_picked":["Ball Lightning+1","Lockon+1","Steam"],"picked":"BootSequence","floor":25},{"not_picked":["Compile Driver+1","Steam","Conserve Battery"],"picked":"Undo","floor":29}],"player_experience":254896,"relics_obtained":[{"floor":7,"key":"Bag of Preparation"},{"floor":9,"key":"Strawberry"},{"floor":11,"key":"Unceasing Top"},{"floor":13,"key":"Molten Egg 2"},{"floor":14,"key":"Question Card"},{"floor":24,"key":"Peace Pipe"},{"floor":25,"key":"Tiny Chest"},{"floor":26,"key":"Frozen Egg 2"}],"event_choices":[{"cards_removed":["Strike_B"],"damage_healed":0,"gold_gain":0,"player_choice":"Card Removal","damage_taken":7,"max_hp_gain":0,"max_hp_loss":0,"event_name":"Golden Wing","floor":4,"gold_loss":0},{"damage_healed":0,"gold_gain":0,"cards_transformed":["Strike_B"],"player_choice":"Transformed","damage_taken":0,"max_hp_gain":0,"max_hp_loss":0,"event_name":"Transmorgrifier","floor":19,"gold_loss":0,"cards_obtained":["Self Repair"]},{"damage_healed":0,"gold_gain":0,"player_choice":"Obtained Relic","damage_taken":0,"relics_obtained":["Turnip"],"max_hp_gain":0,"max_hp_loss":0,"event_name":"Addict","floor":22,"gold_loss":85}],"is_beta":false,"boss_relics":[{"not_picked":["Lizard Tail","Empty Cage"],"picked":"Velvet Choker"}],"items_purged_floors":[],"is_endless":false,"potions_floor_spawned":[5,7,18,21],"killed_by":"Slavers","ascension_level":10}