{"gold_per_floor":[119,139,38,38,58,58,71,85,136,136,156,56,72,72],"floor_reached":14,"playtime":605,"items_purged":["Strike_G","Defend_G"],"score":92,"play_id":"1f995190-919b-4b44-a8d6-e2418c8c8152","local_time":"20190727184611","is_ascension_mode":true,"campfire_choices":[{"data":"Backflip","floor":6,"key":"SMITH"}],"neow_cost":"NONE","seed_source_timestamp":203848474624955,"circlet_count":0,"master_deck":["Strike_G","Strike_G","Strike_G","Strike_G","Defend_G","Defend_G","Defend_G","Defend_G","Survivor","Neutralize","Corpse Explosion","Caltrops","Dagger Throw","Backflip+1","Acrobatics","Escape Plan"],"relics":["Ring of the Snake","Golden Idol","Juzu Bracelet"],"potions_floor_usage":[],"damage_taken":[{"damage":1,"enemies":"Cultist","floor":1,"turns":4},{"damage":1,"enemies":"Jaw Worm","floor":2,"turns":5},{"damage":0,"enemies":"Small Slimes","floor":5,"turns":3},{"damage":0,"enemies":"Exordium Wildlife","floor":7,"turns":3},{"damage":6,"enemies":"Blue Slaver","floor":8,"turns":5},{"damage":4,"enemies":"3 Louse","floor":11,"turns":2},{"damage":18,"enemies":"Large Slime","floor":13,"turns":6},{"damage":27,"enemies":"Gremlin Nob","floor":14,"turns":4}],"seed_played":"-1698303172268893164","potions_obtained":[{"floor":1,"key":"Energy Potion"},{"floor":11,"key":"FearPotion"},{"floor":13,"key":"Fire Potion"}],"is_trial":false,"path_per_floor":["M","M","$","?","M","R","M","M","T","?","M","$","M","E"],"character_chosen":"THE_SILENT","items_purchased":["Backflip"],"campfire_rested":0,"item_purchase_floors":[3],"current_hp_per_floor":[69,68,68,51,51,51,51,45,45,45,41,41,23,0],"gold":72,"neow_bonus":"ONE_RANDOM_RARE_CARD","is_prod":false,"is_daily":false,"chose_seed":false,"campfire_upgraded":1,"win_rate":0,"timestamp":1564278371,"path_taken":["M","M","$","?","M","R","M","M","T","?","M","?","M","E"],"build_version":"2019-07-17","purchased_purges":2,"victory":false,"max_hp_per_floor":[70,70,70,70,70,70,70,70,70,70,70,70,70,70],"card_choices":[{"not_picked":["Eviscerate","Outmaneuver"],"picked":"Caltrops","floor":1},{"not_picked":["Bouncing Flask","Outmaneuver"],"picked":"Dagger Throw","floor":2},{"not_picked":["Leg Sweep","Tactician","Prepared"],"picked":"SKIP","floor":5},{"not_picked":["Eviscerate","Calculated Gamble"],"picked":"Acrobatics","floor":7},{"not_picked":["Dodge and Roll","Dagger Spray","Wraith Form v2"],"picked":"SKIP","floor":8},{"not_picked":["Concentrate","Dagger Throw","Riddle With Holes"],"picked":"SKIP","floor":11},{"not_picked":["Endless Agony","Dodge and Roll"],"picked":"Escape Plan","floor":13}],"player_experience":240054,"relics_obtained":[{"floor":9,"key":"Juzu Bracelet"}],"event_choices":[{"damage_healed":0,"gold_gain":0,"player_choice":"Take Damage","damage_taken":17,"relics_obtained":["Golden Idol"],"max_hp_gain":0,"max_hp_loss":0,"event_name":"Golden Idol","floor":4,"gold_loss":0},{"damage_healed":0,"gold_gain":0,"player_choice":"Ignored","damage_taken":0,"max_hp_gain":0,"max_hp_loss":0,"event_name":"Liars Game","floor":10,"gold_loss":0}],"is_beta":false,"boss_relics":[],"items_purged_floors":[3,12],"is_endless":false,"potions_floor_spawned":[1,11,13],"killed_by":"Gremlin Nob","ascension_level":2}