{"gold_per_floor":[19,33,51,66,116,116,148,167,190,207,232,251,21,32,32,103,103,123,123,82,82,96,96,127,145,145,179,199,199,219,144,144,222,222,236,336,336,86,138,138,13,31,31,31,31,31,31,45,45,45],"floor_reached":51,"playtime":2764,"items_purged":["Strike_B","Decay","Strike_B"],"score":1295,"play_id":"9b7c03b3-af9a-46aa-b113-1b58785705b2","local_time":"20190705193821","is_ascension_mode":true,"campfire_choices":[{"data":"Ball Lightning","floor":6.0,"key":"SMITH"},{"data":"Loop","floor":15.0,"key":"SMITH"},{"data":"Fusion","floor":23.0,"key":"SMITH"},{"floor":29.0,"key":"REST"},{"data":"Seek","floor":32.0,"key":"SMITH"},{"data":"Biased Cognition","floor":40,"key":"SMITH"},{"data":"Fission","floor":44,"key":"SMITH"},{"data":"Buffer","floor":47,"key":"SMITH"},{"data":"Consume","floor":49,"key":"SMITH"}],"neow_cost":"NO_GOLD","seed_source_timestamp":0,"circlet_count":0,"master_deck":["AscendersBane","Strike_B","Strike_B","Defend_B","Defend_B","Defend_B","Defend_B","Zap","Dualcast+1","Loop+1","Steam+1","Ball Lightning+1","Conserve Battery","BootSequence","Melter","Seek+1","Go for the Eyes","FTL","Glacier","Core Surge","Coolheaded","Glacier","Biased Cognition+1","Compile Driver","Defragment","Leap","Fusion+1","Undo","Self Repair","Fission+1","Tempest","Buffer+1","Consume+1","Capacitor","Consume","White Noise","Loop+1","Chill"],"special_seed":0,"relics":["Cracked Core","Prayer Wheel","Cables","Potion Belt","Strawberry","War Paint","Inserter","WarpedTongs","Boot","Omamori","Bag of Marbles","Cursed Key","Du-Vu Doll","Thread and Needle","Question Card"],"potions_floor_usage":[50,50,50],"damage_taken":[{"damage":5.0,"enemies":"Cultist","floor":1.0,"turns":4.0},{"damage":0.0,"enemies":"2 Louse","floor":2.0,"turns":4.0},{"damage":0.0,"enemies":"Small Slimes","floor":3.0,"turns":3.0},{"damage":0.0,"enemies":"Exordium Wildlife","floor":4.0,"turns":3.0},{"damage":8.0,"enemies":"Gremlin Nob","floor":7.0,"turns":3.0},{"damage":4.0,"enemies":"Looter","floor":8.0,"turns":3.0},{"damage":0.0,"enemies":"2 Fungi Beasts","floor":10.0,"turns":2.0},{"damage":6.0,"enemies":"3 Sentries","floor":11.0,"turns":8.0},{"damage":5.0,"enemies":"Lots of Slimes","floor":12.0,"turns":3.0},{"damage":7.0,"enemies":"Large Slime","floor":14.0,"turns":5.0},{"damage":8.0,"enemies":"Hexaghost","floor":16.0,"turns":11.0},{"damage":0.0,"enemies":"Spheric Guardian","floor":18.0,"turns":5.0},{"damage":0.0,"enemies":"Shell Parasite","floor":22.0,"turns":4.0},{"damage":21.0,"enemies":"Slavers","floor":24.0,"turns":8.0},{"damage":20.0,"enemies":"Snecko","floor":25.0,"turns":5.0},{"damage":12.0,"enemies":"Gremlin Leader","floor":27.0,"turns":6.0},{"damage":13.0,"enemies":"Snake Plant","floor":28.0,"turns":6.0},{"damage":6.0,"enemies":"Centurion and Healer","floor":30.0,"turns":13.0},{"damage":28.0,"enemies":"Automaton","floor":33.0,"turns":15.0},{"damage":3.0,"enemies":"Orb Walker","floor":35.0,"turns":5.0},{"damage":5.0,"enemies":"Mind Bloom Boss Battle","floor":36.0,"turns":6.0},{"damage":17,"enemies":"2 Orb Walkers","floor":39,"turns":8},{"damage":0,"enemies":"3 Darklings","floor":42,"turns":8},{"damage":0,"enemies":"Spire Growth","floor":48,"turns":5},{"damage":0,"enemies":"Awakened One","floor":50,"turns":13}],"seed_played":"1971326601709054142","potions_obtained":[{"floor":3.0,"key":"FearPotion"},{"floor":7.0,"key":"SpeedPotion"},{"floor":8.0,"key":"LiquidBronze"},{"floor":10.0,"key":"SpeedPotion"},{"floor":11.0,"key":"FocusPotion"},{"floor":14.0,"key":"AttackPotion"},{"floor":18.0,"key":"Block Potion"},{"floor":22.0,"key":"Regen Potion"},{"floor":33.0,"key":"Regen Potion"},{"floor":35.0,"key":"Poison Potion"},{"floor":42,"key":"Energy Potion"}],"is_trial":false,"path_per_floor":["M","M","M","M","?","R","E","M","T","M","E","M","$","M","R","B",null,"M","?","$","?","M","R","E","M","T","E","M","R","M","?","R","B",null,"M","?","?","$","?","R","$","M","T","R","?","$","R","M","R","B",null],"character_chosen":"DEFECT","items_purchased":["War Paint","Defragment","Capacitor","Consume"],"campfire_rested":1,"item_purchase_floors":[13,20,38,38],"current_hp_per_floor":[59,59,59,59,59,59,51,47,47,47,48,43,43,36,36,28,66,66,66,66,66,66,66,60,40,40,28,15,38,42,42,42,24,65,69,71,71,71,54,54,54,64,64,64,64,64,64,64,64,74],"gold":45,"neow_bonus":"ONE_RARE_RELIC","is_prod":false,"is_daily":false,"chose_seed":false,"campfire_upgraded":8,"win_rate":0,"timestamp":1562373501,"path_taken":["M","M","M","?","?","R","E","M","T","?","E","M","?","M","R","BOSS","M","?","?","?","?","R","E","?","T","E","M","R","M","?","R","BOSS","M","?","?","?","?","R","$","M","T","R","?","$","R","M","R","BOSS"],"build_version":"2019-07-05","purchased_purges":3,"victory":true,"max_hp_per_floor":[71,71,71,71,71,71,71,71,71,71,78,78,78,78,78,78,78,78,78,78,78,78,78,78,78,78,78,78,78,78,78,78,78,78,78,78,78,78,78,78,78,78,78,78,74,74,74,74,74,74],"card_choices":[{"not_picked":["Cold Snap","Go for the Eyes"],"picked":"Loop","floor":1.0},{"not_picked":["Cold Snap","Rebound"],"picked":"Steam","floor":1.0},{"not_picked":["Coolheaded","Go for the Eyes"],"picked":"Ball Lightning","floor":2.0},{"not_picked":["Melter","Chill"],"picked":"Conserve Battery","floor":2.0},{"not_picked":["Streamline","Force Field"],"picked":"BootSequence","floor":3.0},{"not_picked":["Redo","Gash"],"picked":"Melter","floor":3.0},{"not_picked":["Hologram","Rip and Tear"],"picked":"Seek","floor":4.0},{"not_picked":["Sweeping Beam","Sunder","Streamline"],"picked":"SKIP","floor":4.0},{"not_picked":["BootSequence","Skim","Redo"],"picked":"SKIP","floor":7.0},{"not_picked":["Cold Snap","White Noise"],"picked":"Go for the Eyes","floor":8.0},{"not_picked":["Beam Cell","Rebound"],"picked":"FTL","floor":8.0},{"not_picked":["Hologram","Coolheaded"],"picked":"Glacier","floor":10.0},{"not_picked":["Double Energy","Reprogram","Aggregate"],"picked":"SKIP","floor":10.0},{"not_picked":["FTL","Conserve Battery","Turbo"],"picked":"SKIP","floor":11.0},{"not_picked":["Conserve Battery","Ball Lightning"],"picked":"Core Surge","floor":12.0},{"not_picked":["Compile Driver","Gash"],"picked":"Coolheaded","floor":12.0},{"not_picked":["Force Field","Compile Driver"],"picked":"Glacier","floor":14.0},{"not_picked":["Turbo","Barrage","Redo"],"picked":"SKIP","floor":14.0},{"not_picked":["Hyperbeam","Thunder Strike"],"picked":"Biased Cognition","floor":16.0},{"not_picked":["Turbo","FTL"],"picked":"Compile Driver","floor":18.0},{"not_picked":["Rebound","Barrage","Streamline+1"],"picked":"SKIP","floor":18.0},{"not_picked":["Turbo","Sweeping Beam"],"picked":"Leap","floor":22.0},{"not_picked":["Coolheaded","Scrape"],"picked":"Fusion","floor":22.0},{"not_picked":["Cold Snap","Hyperbeam"],"picked":"Undo","floor":24.0},{"not_picked":["Sweeping Beam","Streamline","Darkness"],"picked":"SKIP","floor":25.0},{"not_picked":["Coolheaded","Turbo","Gash"],"picked":"SKIP","floor":25.0},{"not_picked":["Reboot","Static Discharge","Steam Power"],"picked":"SKIP","floor":27.0},{"not_picked":["Conserve Battery+1","Turbo"],"picked":"Self Repair","floor":28.0},{"not_picked":["Hello World","Barrage","Beam Cell"],"picked":"SKIP","floor":28.0},{"not_picked":["Coolheaded","Blizzard"],"picked":"Fission","floor":30.0},{"not_picked":["Static Discharge","Force Field"],"picked":"Tempest","floor":30.0},{"not_picked":["Machine Learning","Core Surge"],"picked":"Buffer","floor":33.0},{"not_picked":["Gash","Double Energy"],"picked":"Consume","floor":35.0},{"not_picked":["Beam Cell+1","Barrage","Steam"],"picked":"SKIP","floor":35.0},{"not_picked":["Beam Cell+1","Barrage","Steam"],"picked":"SKIP","floor":35.0},{"not_picked":["Streamline","Reinforced Body+1"],"picked":"White Noise","floor":42},{"not_picked":["Sweeping Beam","Beam Cell","Streamline+1"],"picked":"SKIP","floor":42},{"not_picked":["Ball Lightning","Beam Cell","Rip and Tear"],"picked":"Loop+1","floor":48},{"not_picked":["Static Discharge","Conserve Battery","Go for the Eyes"],"picked":"Chill","floor":48}],"player_experience":344995,"relics_obtained":[{"floor":7.0,"key":"Cables"},{"floor":9.0,"key":"Potion Belt"},{"floor":11.0,"key":"Strawberry"},{"floor":24.0,"key":"Boot"},{"floor":26.0,"key":"Omamori"},{"floor":27.0,"key":"Bag of Marbles"},{"floor":36.0,"key":"Du-Vu Doll"},{"floor":39,"key":"Thread and Needle"},{"floor":43,"key":"Question Card"}],"event_choices":[{"damage_healed":0.0,"max_hp_gain":0.0,"max_hp_loss":0.0,"gold_gain":50.0,"event_name":"Golden Shrine","player_choice":"Pray","floor":5.0,"gold_loss":0.0,"damage_taken":0.0},{"damage_healed":0.0,"max_hp_gain":0.0,"max_hp_loss":0.0,"gold_gain":0.0,"event_name":"Wheel of Change","player_choice":"Cursed","floor":19.0,"gold_loss":0.0,"damage_taken":0.0,"cards_obtained":["Decay"]},{"damage_healed":0.0,"max_hp_gain":0.0,"max_hp_loss":0.0,"gold_gain":0.0,"event_name":"Accursed Blacksmith","player_choice":"Rummage","floor":21.0,"gold_loss":0.0,"damage_taken":0.0,"relics_obtained":["WarpedTongs"],"cards_obtained":["Pain"]},{"cards_removed":["Pain"],"damage_healed":0.0,"max_hp_gain":0.0,"max_hp_loss":0.0,"gold_gain":0.0,"event_name":"Beggar","player_choice":"Gave Gold","floor":31.0,"gold_loss":75.0,"damage_taken":0.0},{"damage_healed":0.0,"max_hp_gain":0.0,"max_hp_loss":0.0,"gold_gain":0.0,"event_name":"MindBloom","player_choice":"Fight","floor":36.0,"gold_loss":0.0,"damage_taken":0.0},{"damage_healed":0.0,"max_hp_gain":0.0,"max_hp_loss":0.0,"gold_gain":0.0,"event_name":"Tomb of Lord Red Mask","player_choice":"Ignored","floor":37.0,"gold_loss":0.0,"damage_taken":0.0},{"damage_healed":0,"gold_gain":0,"player_choice":"Fight","damage_taken":0,"max_hp_gain":0,"max_hp_loss":0,"event_name":"Mysterious Sphere","floor":39,"gold_loss":0},{"damage_healed":0,"gold_gain":0,"player_choice":"Max HP","damage_taken":0,"max_hp_gain":0,"max_hp_loss":4,"event_name":"Winding Halls","floor":45,"gold_loss":0}],"is_beta":false,"boss_relics":[{"not_picked":["Busted Crown","Philosopher\u0027s Stone"],"picked":"Inserter"},{"not_picked":["Nuclear Battery","Astrolabe"],"picked":"Cursed Key"}],"items_purged_floors":[13,38,41],"is_endless":false,"potions_floor_spawned":[3,7,8,10,11,14,18,22,33,35,42],"ascension_level":15}