{"gold_per_floor":[113,113,127,202,202,202,202,220,220,220,234,35,35,70,70,167,167,182,282,329,149,169,169,201,201,201,201,201,216,236,263,263,363,363,375,392,437,452,452,452,18,34,34,34,34,9,9,37,37,37,37,37,37,70,70],"floor_reached":55,"playtime":3162,"items_purged":["Strike_G","Decay","Strike_G"],"score":872,"play_id":"d3753d7f-b29f-4a68-a98e-2fc3c5542e63","local_time":"20190312233605","is_ascension_mode":true,"campfire_choices":[{"data":"Neutralize","floor":6,"key":"SMITH"},{"data":"Caltrops","floor":10,"key":"SMITH"},{"floor":15,"key":"REST"},{"floor":23,"key":"REST"},{"floor":25,"key":"REST"},{"floor":27,"key":"REST"},{"floor":32,"key":"REST"},{"floor":40,"key":"REST"},{"floor":44,"key":"REST"},{"floor":47,"key":"REST"},{"floor":49,"key":"RECALL"},{"floor":52,"key":"REST"}],"neow_cost":"NONE","seed_source_timestamp":1020897350178025,"circlet_count":0,"master_deck":["Defend_G","Defend_G","Defend_G","Defend_G","Defend_G+1","Survivor","Neutralize+1","Slice","Blur","Dodge and Roll+1","Impatience","Footwork+1","Caltrops+1","Crippling Poison","Leg Sweep","Poisoned Stab","Infinite Blades","Envenom","Blade Dance","Dodge and Roll","Footwork","Noxious Fumes","Flying Knee","Bane","Dodge and Roll+1","Cloak And Dagger+1","Noxious Fumes+1","Malaise+1","PiercingWail+1","Backflip+1","Prepared+1","Prepared+1","Catalyst+1","Master of Strategy+1","Malaise+1","Clumsy","Backflip+1","Acrobatics+1","PiercingWail+1"],"relics":["Ring of the Snake","Snake Skull","Pantograph","Cursed Key","WingedGreaves","Letter Opener","Art of War","Toxic Egg 2","Bag of Marbles","Fusion Hammer","Ice Cream","GremlinMask","Tough Bandages","Bottled Tornado","Strawberry"],"potions_floor_usage":[19,19,24,31,37,45,55,55],"damage_taken":[{"damage":0,"enemies":"Cultist","floor":1,"turns":4},{"damage":0,"enemies":"2 Louse","floor":3,"turns":3},{"damage":0,"enemies":"Jaw Worm","floor":8,"turns":7},{"damage":0,"enemies":"Looter","floor":11,"turns":4},{"damage":14,"enemies":"Lagavulin","floor":14,"turns":7},{"damage":38,"enemies":"Slime Boss","floor":16,"turns":14},{"damage":0,"enemies":"3 Byrds","floor":18,"turns":3},{"damage":10,"enemies":"Colosseum Slavers","floor":19,"turns":5},{"damage":54,"enemies":"Colosseum Nobs","floor":19,"turns":5},{"damage":0,"enemies":"Shell Parasite","floor":22,"turns":8},{"damage":23,"enemies":"Gremlin Leader","floor":24,"turns":8},{"damage":10,"enemies":"Snake Plant","floor":29,"turns":5},{"damage":1,"enemies":"Snecko","floor":30,"turns":6},{"damage":8,"enemies":"Book of Stabbing","floor":31,"turns":6},{"damage":31,"enemies":"Automaton","floor":33,"turns":11},{"damage":14,"enemies":"3 Shapes","floor":35,"turns":5},{"damage":19,"enemies":"3 Darklings","floor":36,"turns":6},{"damage":29,"enemies":"2 Orb Walkers","floor":37,"turns":5},{"damage":21,"enemies":"Writhing Mass","floor":38,"turns":7},{"damage":1,"enemies":"4 Shapes","floor":42,"turns":4},{"damage":0,"enemies":"Transient","floor":45,"turns":2},{"damage":16,"enemies":"Nemesis","floor":48,"turns":9},{"damage":24,"enemies":"Awakened One","floor":50,"turns":14},{"damage":37,"enemies":"Shield and Spear","floor":54,"turns":7},{"damage":69,"enemies":"The Heart","floor":55,"turns":12}],"seed_played":"7204538308789630608","potions_obtained":[{"floor":3,"key":"Energy Potion"},{"floor":11,"key":"Regen Potion"},{"floor":16,"key":"Weak Potion"},{"floor":19,"key":"Explosive Potion"},{"floor":24,"key":"Dexterity Potion"},{"floor":30,"key":"Regen Potion"},{"floor":35,"key":"SmokeBomb"},{"floor":38,"key":"FearPotion"}],"is_trial":false,"path_per_floor":["M","?","M","?","?","R","T","M","T","R","M","$","?","E","R","B",null,"M","?","T","$","M","R","E","R","T","R","?","M","M","E","R","B",null,"M","M","?","M","?","R","$","M","T","R","M","$","R","E","R","B",null,"R","$","E","B"],"character_chosen":"THE_SILENT","items_purchased":["Leg Sweep","Poisoned Stab","Footwork","GhostInAJar","Catalyst+1","Master of Strategy+1","Backflip+1"],"campfire_rested":9,"item_purchase_floors":[12,12,21,41,41,41,46],"current_hp_per_floor":[70,70,70,59,59,59,59,59,59,59,59,59,45,31,52,32,70,70,21,21,21,21,42,19,40,40,61,61,51,50,42,63,39,70,56,37,23,2,2,23,23,22,22,43,43,43,64,48,48,46,70,70,70,40,0],"gold":70,"neow_bonus":"TRANSFORM_CARD","is_prod":false,"is_daily":false,"chose_seed":false,"campfire_upgraded":2,"win_rate":0,"timestamp":1552448165,"path_taken":["M","?","?","?","?","R","?","M","T","R","M","?","?","E","R","BOSS","M","?","?","$","M","R","E","R","T","R","?","M","M","E","R","BOSS","M","M","?","M","?","R","$","?","T","R","M","$","R","E","R","BOSS","R","$","E","BOSS"],"build_version":"2019-01-23","purchased_purges":3,"victory":false,"max_hp_per_floor":[70,70,70,70,70,70,70,70,70,70,70,70,70,70,70,70,70,70,70,70,70,70,70,70,70,70,70,70,70,70,70,70,70,70,70,70,70,70,70,70,70,70,70,70,70,70,70,70,70,70,70,70,70,77,77],"card_choices":[{"not_picked":["Deflect","Finisher"],"picked":"Blur","floor":1},{"not_picked":["Dagger Throw","Acrobatics"],"picked":"Footwork","floor":3},{"not_picked":["Prepared","Finisher"],"picked":"Caltrops","floor":8},{"not_picked":["Flying Knee","Dagger Spray"],"picked":"Crippling Poison","floor":11},{"not_picked":["Quick Slash","Night Terror"],"picked":"Infinite Blades","floor":14},{"not_picked":["A Thousand Cuts","Storm of Steel"],"picked":"Envenom","floor":16},{"not_picked":["Deflect","Dash"],"picked":"Blade Dance","floor":18},{"not_picked":["Deadly Poison+1","Die Die Die"],"picked":"Dodge and Roll","floor":19},{"not_picked":["Dagger Throw","Outmaneuver","Slice+1"],"picked":"SKIP","floor":22},{"not_picked":["Corpse Explosion","All Out Attack"],"picked":"Noxious Fumes","floor":24},{"not_picked":["Setup+1","Accuracy"],"picked":"Dodge and Roll+1","floor":29},{"not_picked":["Blur+1","PiercingWail+1"],"picked":"Cloak And Dagger+1","floor":30},{"not_picked":["Deadly Poison+1","A Thousand Cuts"],"picked":"Noxious Fumes+1","floor":31},{"not_picked":["Doppelganger+1","Bullet Time+1"],"picked":"Malaise+1","floor":33},{"not_picked":["Leg Sweep+1","Dagger Spray"],"picked":"PiercingWail+1","floor":35},{"not_picked":["Choke","Deflect+1"],"picked":"Backflip+1","floor":36},{"not_picked":["Flying Knee+1","Deadly Poison+1"],"picked":"Prepared+1","floor":37},{"not_picked":["Slice","Bane+1"],"picked":"Prepared+1","floor":38},{"not_picked":["Finisher","Infinite Blades+1"],"picked":"Malaise+1","floor":42},{"not_picked":["Dagger Throw","All Out Attack+1"],"picked":"Acrobatics+1","floor":48},{"not_picked":["Endless Agony","Finisher"],"picked":"PiercingWail+1","floor":54}],"player_experience":327566,"relics_obtained":[{"floor":7,"key":"Snake Skull"},{"floor":14,"key":"Pantograph"},{"floor":19,"key":"WingedGreaves"},{"floor":19,"key":"Letter Opener"},{"floor":20,"key":"Art of War"},{"floor":24,"key":"Toxic Egg 2"},{"floor":31,"key":"Bag of Marbles"},{"floor":37,"key":"Ice Cream"},{"floor":43,"key":"Tough Bandages"},{"floor":48,"key":"Bottled Tornado"},{"floor":54,"key":"Strawberry"}],"event_choices":[{"damage_healed":0,"gold_gain":0,"player_choice":"2 cards matched","damage_taken":0,"max_hp_gain":0,"max_hp_loss":0,"event_name":"Match and Keep!","floor":2,"gold_loss":0,"cards_obtained":["Dodge and Roll","Impatience"]},{"damage_healed":0,"gold_gain":75,"player_choice":"Gather Gold","damage_taken":11,"max_hp_gain":0,"max_hp_loss":0,"event_name":"World of Goop","floor":4,"gold_loss":0},{"damage_healed":0,"gold_gain":0,"player_choice":"Grow","damage_taken":0,"max_hp_gain":0,"max_hp_loss":0,"event_name":"Living Wall","floor":5,"gold_loss":0,"cards_upgraded":["Footwork"]},{"damage_healed":0,"gold_gain":0,"player_choice":"Entered Light","damage_taken":14,"max_hp_gain":0,"max_hp_loss":0,"event_name":"Shining Light","floor":13,"gold_loss":0,"cards_upgraded":["Dodge and Roll","Defend_G"]},{"damage_healed":0,"gold_gain":0,"player_choice":"Fight","damage_taken":0,"max_hp_gain":0,"max_hp_loss":0,"event_name":"Colosseum","floor":19,"gold_loss":0},{"damage_healed":0,"gold_gain":0,"player_choice":"Fought Nobs","damage_taken":0,"max_hp_gain":0,"max_hp_loss":0,"event_name":"Colosseum","floor":19,"gold_loss":0},{"damage_healed":0,"gold_gain":0,"cards_transformed":["Strike_G","Strike_G"],"player_choice":"Became Test Subject","damage_taken":0,"max_hp_gain":0,"max_hp_loss":0,"event_name":"Drug Dealer","floor":28,"gold_loss":0,"cards_obtained":["Flying Knee","Bane"]},{"damage_healed":0,"gold_gain":0,"player_choice":"Fight","damage_taken":0,"max_hp_gain":0,"max_hp_loss":0,"event_name":"Mysterious Sphere","floor":37,"gold_loss":0},{"damage_healed":0,"gold_gain":0,"player_choice":"Trade","damage_taken":0,"relics_obtained":["GremlinMask"],"max_hp_gain":0,"max_hp_loss":0,"event_name":"FaceTrader","floor":39,"gold_loss":0}],"is_beta":false,"boss_relics":[{"not_picked":["Eternal Feather","WristBlade"],"picked":"Cursed Key"},{"not_picked":["White Beast Statue","Coffee Dripper"],"picked":"Fusion Hammer"}],"items_purged_floors":[12,21,41],"is_endless":false,"potions_floor_spawned":[3,11,16,19,19,24,30,35,38,45],"killed_by":"The Heart","ascension_level":4}