{"gold_per_floor":[116,191,191,205,205,236,236,269,269,234,234,234,39,113,113,209,209,219,219,219,219,219,219,219,253,278,278],"floor_reached":27,"playtime":656,"items_purged":["Strike_B"],"score":348,"play_id":"a7b50153-ef69-4c35-86b9-f72024245534","local_time":"20190603214015","is_ascension_mode":true,"campfire_choices":[{"data":"Capacitor","floor":7,"key":"SMITH"},{"data":"Zap","floor":11,"key":"SMITH"},{"data":"Doom and Gloom","floor":15,"key":"SMITH"},{"data":"RitualDagger","floor":23,"key":"SMITH"}],"neow_cost":"NONE","seed_source_timestamp":1725414468989075,"circlet_count":0,"master_deck":["Strike_B","Strike_B","Defend_B","Defend_B","Defend_B","Defend_B","Zap+1","Dualcast","Glacier","Capacitor+1","Self Repair","Capacitor","Doom and Gloom+1","Coolheaded+1","RitualDagger+1","Static Discharge+1"],"relics":["Cracked Core","Juzu Bracelet","Vajra","Bottled Tornado","Shuriken","Snecko Eye","Cables","Bag of Marbles"],"potions_floor_usage":[6,16,25],"damage_taken":[{"damage":7,"enemies":"Jaw Worm","floor":1,"turns":3},{"damage":1,"enemies":"Small Slimes","floor":4,"turns":4},{"damage":16,"enemies":"3 Sentries","floor":6,"turns":9},{"damage":18,"enemies":"Lagavulin","floor":8,"turns":10},{"damage":29,"enemies":"Slime Boss","floor":16,"turns":11},{"damage":10,"enemies":"3 Byrds","floor":18,"turns":6},{"damage":50,"enemies":"Book of Stabbing","floor":25,"turns":6},{"damage":34,"enemies":"Slavers","floor":27,"turns":3}],"seed_played":"1718249313419176121","potions_obtained":[{"floor":4,"key":"Fire Potion"},{"floor":8,"key":"Fire Potion"},{"floor":20,"key":"Regen Potion"},{"floor":20,"key":"Ancient Potion"},{"floor":20,"key":"SteroidPotion"},{"floor":25,"key":"GamblersBrew"}],"is_trial":false,"path_per_floor":["M","?","?","M","?","E","R","E","T","?","R","T","$","?","R","B",null,"M","?","?","?","?","R","?","E","T","E"],"character_chosen":"DEFECT","items_purchased":["Capacitor","Doom and Gloom"],"campfire_rested":0,"item_purchase_floors":[13,13],"current_hp_per_floor":[68,57,57,56,56,40,40,22,22,42,42,42,42,42,42,20,67,64,92,92,86,68,68,68,30,30,0],"gold":278,"neow_bonus":"TEN_PERCENT_HP_BONUS","is_prod":false,"is_daily":false,"chose_seed":false,"campfire_upgraded":4,"win_rate":0,"timestamp":1559612415,"path_taken":["M","?","?","?","?","E","R","E","T","?","R","?","?","?","R","BOSS","M","?","?","?","?","R","?","E","T","E"],"build_version":"2019-01-23","purchased_purges":1,"victory":false,"max_hp_per_floor":[82,82,82,82,82,82,82,82,82,82,82,82,82,82,82,82,82,82,92,92,92,97,97,97,97,97,97],"card_choices":[{"not_picked":["Compile Driver","Cold Snap"],"picked":"Glacier","floor":1},{"not_picked":["Streamline","Chill"],"picked":"Capacitor","floor":4},{"not_picked":["BootSequence","Force Field","Compile Driver"],"picked":"SKIP","floor":6},{"not_picked":["Steam","Redo"],"picked":"Self Repair","floor":8},{"not_picked":["Meteor Strike","Multi-Cast"],"picked":"Machine Learning","floor":16},{"not_picked":["Chaos","Lockon"],"picked":"Coolheaded+1","floor":18},{"not_picked":["Self Repair+1","Coolheaded+1"],"picked":"Static Discharge+1","floor":25}],"player_experience":570525,"relics_obtained":[{"floor":6,"key":"Juzu Bracelet"},{"floor":8,"key":"Vajra"},{"floor":9,"key":"Bottled Tornado"},{"floor":12,"key":"Shuriken"},{"floor":25,"key":"Cables"},{"floor":26,"key":"Bag of Marbles"}],"event_choices":[{"damage_healed":0,"gold_gain":75,"player_choice":"Gather Gold","damage_taken":11,"max_hp_gain":0,"max_hp_loss":0,"event_name":"World of Goop","floor":2,"gold_loss":0},{"cards_removed":["Strike_B"],"damage_healed":0,"gold_gain":0,"player_choice":"Card Removal","damage_taken":0,"max_hp_gain":0,"max_hp_loss":0,"event_name":"Wheel of Change","floor":3,"gold_loss":0},{"damage_healed":0,"gold_gain":0,"player_choice":"Ignored","damage_taken":0,"max_hp_gain":0,"max_hp_loss":0,"event_name":"Liars Game","floor":5,"gold_loss":0},{"damage_healed":20,"gold_gain":0,"player_choice":"Healed","damage_taken":0,"max_hp_gain":0,"max_hp_loss":0,"event_name":"The Cleric","floor":10,"gold_loss":35},{"damage_healed":0,"gold_gain":74,"player_choice":"Gained Gold","damage_taken":0,"max_hp_gain":0,"max_hp_loss":0,"event_name":"Golden Wing","floor":14,"gold_loss":0},{"cards_removed":["Machine Learning"],"damage_healed":18,"gold_gain":0,"player_choice":"Offered Rare","damage_taken":0,"max_hp_gain":10,"max_hp_loss":0,"event_name":"Bonfire Elementals","floor":19,"gold_loss":0},{"damage_healed":0,"gold_gain":0,"player_choice":"Got Potions","damage_taken":0,"max_hp_gain":0,"max_hp_loss":0,"event_name":"Lab","floor":20,"gold_loss":0},{"damage_healed":0,"gold_gain":0,"player_choice":"Joined the Cult","damage_taken":6,"max_hp_gain":0,"max_hp_loss":0,"event_name":"Nest","floor":21,"gold_loss":0,"cards_obtained":["RitualDagger"]},{"damage_healed":0,"gold_gain":0,"player_choice":"Shed Blood","damage_taken":23,"max_hp_gain":5,"max_hp_loss":0,"event_name":"Forgotten Altar","floor":22,"gold_loss":0},{"damage_healed":0,"gold_gain":0,"player_choice":"Bought 0 Potions","damage_taken":0,"max_hp_gain":0,"max_hp_loss":0,"event_name":"The Woman in Blue","floor":24,"gold_loss":0}],"is_beta":false,"boss_relics":[{"not_picked":["Inserter","White Beast Statue"],"picked":"Snecko Eye"}],"items_purged_floors":[13],"is_endless":false,"potions_floor_spawned":[4,8,25],"killed_by":"Slavers","ascension_level":8}