{"gold_per_floor":[110,121,138,39,58,58,58,90,169,204,204,232,232,247,247,325,325,353,383,395],"floor_reached":20,"playtime":765,"items_purged":["Strike_B"],"score":369,"play_id":"ee22adc6-e919-4aa1-869e-b244add01791","local_time":"20190817152851","is_ascension_mode":true,"campfire_choices":[{"data":"Barrage","floor":6,"key":"SMITH"},{"floor":11,"key":"REST"},{"floor":15,"key":"REST"}],"neow_cost":"NONE","seed_source_timestamp":317006503166457,"circlet_count":0,"master_deck":["AscendersBane","Strike_B","Strike_B","Strike_B","Defend_B+1","Defend_B","Defend_B+1","Defend_B","Zap+1","Dualcast","FTL","Barrage+1","Ball Lightning","Conserve Battery","Defragment","Cold Snap","Conserve Battery","Biased Cognition","Doubt","Injury","Decay","White Noise"],"relics":["Cracked Core","Torii","Bottled Tornado","War Paint","Blood Vial","Calling Bell","MawBank","Ornamental Fan","StoneCalendar"],"potions_floor_usage":[8],"damage_taken":[{"damage":1,"enemies":"2 Louse","floor":1,"turns":2},{"damage":4,"enemies":"Small Slimes","floor":2,"turns":3},{"damage":7,"enemies":"Jaw Worm","floor":3,"turns":3},{"damage":16,"enemies":"Lots of Slimes","floor":5,"turns":5},{"damage":15,"enemies":"3 Sentries","floor":8,"turns":5},{"damage":19,"enemies":"Lagavulin","floor":10,"turns":6},{"damage":40,"enemies":"Gremlin Nob","floor":12,"turns":5},{"damage":1,"enemies":"Blue Slaver","floor":14,"turns":3},{"damage":2,"enemies":"The Guardian","floor":16,"turns":11},{"damage":23,"enemies":"Shell Parasite","floor":18,"turns":5},{"damage":20,"enemies":"Spheric Guardian","floor":19,"turns":4},{"damage":33,"enemies":"Cultist and Chosen","floor":20,"turns":4}],"seed_played":"-5751471308968350127","potions_obtained":[{"floor":1,"key":"LiquidBronze"},{"floor":2,"key":"Regen Potion"}],"is_trial":false,"path_per_floor":["M","M","M","$","M","R","?","E","T","E","R","E","?","M","R","B",null,"M","M","M"],"character_chosen":"DEFECT","items_purchased":["Conserve Battery"],"campfire_rested":2,"item_purchase_floors":[4],"current_hp_per_floor":[70,66,59,59,43,43,43,42,42,23,46,6,6,7,30,30,66,45,27,0],"gold":395,"neow_bonus":"TEN_PERCENT_HP_BONUS","is_prod":false,"is_daily":false,"chose_seed":false,"campfire_upgraded":1,"win_rate":0,"timestamp":1566073731,"path_taken":["M","M","M","$","M","R","?","E","T","E","R","E","?","M","R","BOSS","M","M","M"],"build_version":"2019-07-17","purchased_purges":1,"victory":false,"max_hp_per_floor":[78,78,78,78,78,78,78,78,78,78,78,78,78,78,78,78,78,78,78,78],"card_choices":[{"not_picked":["Beam Cell","Gash"],"picked":"FTL","floor":1},{"not_picked":["Blizzard","Hello World"],"picked":"Barrage","floor":2},{"not_picked":["Gash","Reinforced Body"],"picked":"Ball Lightning","floor":3},{"not_picked":["Rebound","Rainbow"],"picked":"Defragment","floor":5},{"not_picked":["Reprogram","Amplify"],"picked":"Cold Snap","floor":8},{"not_picked":["Steam","Rebound"],"picked":"Conserve Battery","floor":10},{"not_picked":["Beam Cell","Skim","Scrape"],"picked":"SKIP","floor":12},{"not_picked":["Beam Cell","Gash","Turbo"],"picked":"SKIP","floor":14},{"not_picked":["Echo Form","Creative AI"],"picked":"Biased Cognition","floor":16},{"not_picked":["Turbo","Beam Cell+1","Cold Snap"],"picked":"SKIP","floor":18},{"not_picked":["Cold Snap","Go for the Eyes"],"picked":"White Noise","floor":19}],"player_experience":433778,"relics_obtained":[{"floor":8,"key":"Torii"},{"floor":9,"key":"Bottled Tornado"},{"floor":10,"key":"War Paint"},{"floor":12,"key":"Blood Vial"},{"floor":17,"key":"MawBank"},{"floor":17,"key":"Ornamental Fan"},{"floor":17,"key":"StoneCalendar"}],"event_choices":[{"damage_healed":0,"gold_gain":0,"player_choice":"Grow","damage_taken":0,"max_hp_gain":0,"max_hp_loss":0,"event_name":"Living Wall","floor":7,"gold_loss":0,"cards_upgraded":["Zap"]},{"damage_healed":0,"gold_gain":0,"player_choice":"Searched \u00270\u0027 times","damage_taken":0,"max_hp_gain":0,"max_hp_loss":0,"event_name":"Dead Adventurer","floor":13,"gold_loss":0}],"is_beta":false,"boss_relics":[{"not_picked":["Busted Crown","Runic Dome"],"picked":"Calling Bell"}],"items_purged_floors":[4],"is_endless":false,"potions_floor_spawned":[1,2,5],"killed_by":"Cultist and Chosen","ascension_level":18}