{"path_per_floor":["M","M","M","?","M","E","R","?","T","E","M","$","R","$","R","B",null,"M","?","M","$","?"],"character_chosen":"THE_SILENT","items_purchased":["Panache","Finesse","Prepared"],"gold_per_floor":[117,135,154,154,169,197,197,227,227,262,279,18,18,18,18,114,114,134,134,145,1,1],"floor_reached":23,"campfire_rested":3,"playtime":1409,"current_hp_per_floor":[70,69,69,69,64,33,54,41,41,27,23,23,44,44,65,21,70,45,45,23,23,23],"items_purged":["Strike_G"],"gold":1,"play_id":"b3884351-33c2-41ea-b3ec-2c378a5a90d0","is_prod":false,"is_daily":false,"campfire_rituals":0,"campfire_upgraded":0,"is_hardmode":false,"path_taken":["M","M","M","?","?","E","R","?","T","E","M","?","R","?","R","BOSS","M","?","M","$","?","E"],"build_version":"2018-01-11-PROD2","purchased_purges":1,"victory":false,"master_deck":["Defend_G","Defend_G","Defend_G","Defend_G","Strike_G","Strike_G","Strike_G","Strike_G","Survivor","Neutralize","Deflect","Flying Knee","Dagger Spray","Regret","Outmaneuver","Escape Plan","Flying Knee","Dagger Throw","Dagger Throw","Panache","Die Die Die","Dagger Spray","Predator","Finesse","Prepared","Writhe"],"max_hp_per_floor":[70,70,70,70,70,70,70,70,70,70,70,70,70,70,70,70,70,70,70,70,70,70],"relics":["Ring of the Snake","Mummified Hand","Lantern","Odd Mushroom","Gremlin Horn","Happy Flower","Cursed Key","Dream Catcher"],"campfire_meditates":0,"card_choices":[{"not_picked":["Quick Slash","Prepared"],"picked":"Deflect"},{"not_picked":["Poisoned Stab","PiercingWail"],"picked":"Flying Knee"},{"not_picked":["Leg Sweep","Sucker Punch"],"picked":"Dagger Spray"},{"not_picked":["Dodge and Roll","Blur"],"picked":"Outmaneuver"},{"not_picked":["Riddle With Holes","Flying Knee"],"picked":"Escape Plan"},{"not_picked":["Bouncing Flask","Deadly Poison"],"picked":"Flying Knee"},{"not_picked":["Calculated Gamble","Blade Dance"],"picked":"Dagger Throw"},{"not_picked":["Endless Agony","Venomology"],"picked":"Dagger Throw"},{"not_picked":["Burst","Bullet Time"],"picked":"Die Die Die"},{"not_picked":["Poisoned Stab","Bouncing Flask"],"picked":"Dagger Spray"},{"not_picked":["Bane","Outmaneuver"],"picked":"Predator"}],"player_experience":24506,"potions_floor_usage":[6,10,10,11],"damage_taken":[{"damage":0,"enemies":"Small Slimes","floor":1,"turns":5},{"damage":1,"enemies":"2 Louse","floor":2,"turns":2},{"damage":0,"enemies":"Blue Slaver","floor":3,"turns":5},{"damage":5,"enemies":"Looter","floor":5,"turns":4},{"damage":46,"enemies":"Lagavulin","floor":6,"turns":11},{"damage":13,"enemies":"The Mushroom Lair","floor":8,"turns":4},{"damage":14,"enemies":"3 Sentries","floor":10,"turns":6},{"damage":4,"enemies":"3 Louse","floor":11,"turns":2},{"damage":44,"enemies":"The Guardian","floor":16,"turns":9},{"damage":25,"enemies":"2 Thieves","floor":18,"turns":4},{"damage":22,"enemies":"Spheric Guardian","floor":20,"turns":4},{"damage":25,"enemies":"Slavers","floor":23,"turns":1}],"event_choices":[{"event_name":"Big Fish","player_choice":"Box","floor":4,"damage_taken":0},{"event_name":"Mushrooms","player_choice":"Fought Mushrooms","floor":8,"damage_taken":0},{"event_name":"Drug Dealer","player_choice":"Ignored","floor":19,"damage_taken":0},{"event_name":"The Mausoleum","player_choice":"Yes","floor":22,"damage_taken":0}],"boss_relics":[{"not_picked":["Calling Bell","Orrery"],"picked":"Cursed Key"}],"potions_floor_spawned":[2,3,5,10,18],"seed_played":"-1463845909265207365","killed_by":"Slavers","is_trial":false}