{"gold_per_floor":[111,125,14,14,33,33,58,58,113,143,153,153,172,247,247,348,348,363,363,144,155,171,200,200,212,237,237,237],"floor_reached":28,"playtime":942,"items_purged":["Strike_B","Strike_B"],"score":372,"play_id":"033029ac-a12a-4ee2-b87a-e456911b58d8","local_time":"20190613095838","is_ascension_mode":true,"campfire_choices":[{"data":"Loop","floor":6,"key":"SMITH"},{"data":"Zap","floor":8,"key":"SMITH"},{"data":"Capacitor","floor":12,"key":"SMITH"},{"floor":15,"key":"REST"},{"floor":24,"key":"REST"}],"neow_cost":"NONE","seed_source_timestamp":142642669155088,"circlet_count":0,"master_deck":["AscendersBane","Defend_B","Defend_B","Defend_B","Zap+1","Dualcast","Conserve Battery","Undo","Loop+1","Cold Snap","Capacitor+1","Static Discharge","Conserve Battery","Echo Form","Sweeping Beam+1","Electrodynamics+1","Reboot+1","Coolheaded","Self Repair","Defragment","Buffer"],"relics":["Cracked Core","Bag of Preparation","Centennial Puzzle","Mercury Hourglass","Astrolabe","Molten Egg 2","Ancient Tea Set"],"potions_floor_usage":[11,18,23],"damage_taken":[{"damage":2,"enemies":"Jaw Worm","floor":1,"turns":3},{"damage":1,"enemies":"Cultist","floor":2,"turns":4},{"damage":0,"enemies":"Small Slimes","floor":5,"turns":4},{"damage":23,"enemies":"3 Sentries","floor":7,"turns":9},{"damage":18,"enemies":"Lagavulin","floor":10,"turns":6},{"damage":7,"enemies":"Exordium Thugs","floor":11,"turns":5},{"damage":0,"enemies":"2 Fungi Beasts","floor":13,"turns":2},{"damage":22,"enemies":"Hexaghost","floor":16,"turns":10},{"damage":12,"enemies":"Chosen","floor":18,"turns":4},{"damage":26,"enemies":"Shell Parasite","floor":21,"turns":5},{"damage":5,"enemies":"3 Cultists","floor":22,"turns":3},{"damage":37,"enemies":"Slavers","floor":23,"turns":3},{"damage":23,"enemies":"Snake Plant","floor":25,"turns":5},{"damage":38,"enemies":"Book of Stabbing","floor":28,"turns":6}],"seed_played":"2050084623923372131","potions_obtained":[{"floor":5,"key":"Regen Potion"},{"floor":7,"key":"FocusPotion"},{"floor":13,"key":"Weak Potion"},{"floor":16,"key":"Ancient Potion"},{"floor":18,"key":"SmokeBomb"}],"is_trial":false,"path_per_floor":["M","M","$","?","M","R","E","R","T","E","M","R","M","?","R","B",null,"M","?","$","M","M","E","R","M","T","?","E"],"character_chosen":"DEFECT","items_purchased":["Undo","Coolheaded","Self Repair"],"campfire_rested":2,"item_purchase_floors":[3,20,20],"current_hp_per_floor":[73,72,72,72,72,72,49,49,49,31,38,38,38,27,51,29,69,57,82,82,70,65,28,52,36,36,36,0],"gold":237,"neow_bonus":"TEN_PERCENT_HP_BONUS","is_prod":false,"is_daily":false,"chose_seed":false,"campfire_upgraded":3,"win_rate":0,"timestamp":1560434318,"path_taken":["M","M","$","?","M","R","E","R","T","E","M","R","M","?","R","BOSS","M","?","$","M","M","E","R","M","T","?","E"],"build_version":"2019-01-23","purchased_purges":2,"victory":false,"max_hp_per_floor":[82,82,82,82,82,82,82,82,82,82,82,82,82,82,82,82,82,82,82,82,82,82,82,82,82,82,82,82],"card_choices":[{"not_picked":["Sweeping Beam","Blizzard"],"picked":"Conserve Battery","floor":1},{"not_picked":["Turbo","Compile Driver","Beam Cell"],"picked":"SKIP","floor":2},{"not_picked":["Rip and Tear","Hologram"],"picked":"Loop","floor":5},{"not_picked":["Turbo","Steam Power"],"picked":"Cold Snap","floor":7},{"not_picked":["Force Field","Beam Cell"],"picked":"Capacitor","floor":10},{"not_picked":["Undo","Tempest"],"picked":"Static Discharge","floor":11},{"not_picked":["Rebound","Steam Power"],"picked":"Conserve Battery","floor":13},{"not_picked":["Meteor Strike","Core Surge"],"picked":"Echo Form","floor":16},{"not_picked":["Go for the Eyes+1","Leap+1","Gash"],"picked":"SKIP","floor":18},{"not_picked":["Barrage","Static Discharge"],"picked":"Defragment","floor":21},{"not_picked":["Go for the Eyes","Cold Snap","Redo"],"picked":"SKIP","floor":22},{"not_picked":["Rip and Tear+1","BootSequence"],"picked":"Buffer","floor":23},{"not_picked":["Conserve Battery","Steam","Rebound+1"],"picked":"SKIP","floor":25}],"player_experience":628795,"relics_obtained":[{"floor":7,"key":"Bag of Preparation"},{"floor":9,"key":"Centennial Puzzle"},{"floor":10,"key":"Mercury Hourglass"},{"floor":23,"key":"Molten Egg 2"},{"floor":26,"key":"Ancient Tea Set"}],"event_choices":[{"damage_healed":0,"gold_gain":0,"player_choice":"Ignored","damage_taken":0,"max_hp_gain":0,"max_hp_loss":0,"event_name":"Liars Game","floor":4,"gold_loss":0},{"damage_healed":0,"gold_gain":75,"player_choice":"Gather Gold","damage_taken":11,"max_hp_gain":0,"max_hp_loss":0,"event_name":"World of Goop","floor":14,"gold_loss":0},{"damage_healed":27,"gold_gain":0,"player_choice":"Heal","damage_taken":0,"max_hp_gain":0,"max_hp_loss":0,"event_name":"The Library","floor":19,"gold_loss":0},{"damage_healed":0,"gold_gain":0,"player_choice":"Ignored","damage_taken":0,"max_hp_gain":0,"max_hp_loss":0,"event_name":"Vampires","floor":27,"gold_loss":0}],"is_beta":false,"boss_relics":[{"not_picked":["Lizard Tail","Tiny House"],"picked":"Astrolabe"}],"items_purged_floors":[3,20],"is_endless":false,"potions_floor_spawned":[5,7,13,16,18,22],"killed_by":"Book of Stabbing","ascension_level":10}