{"gold_per_floor":[112,14,14,26,26,57,57,92,92,92,106,6,17,47,47,149,149,163,177,52,69,69,69,69],"floor_reached":24,"playtime":1005,"items_purged":["Strike_B","Strike_B","Defend_B"],"score":252,"play_id":"4b673df8-c5a2-44f5-9e9c-7ae2e67b5028","local_time":"20190801130237","is_ascension_mode":true,"campfire_choices":[{"data":"Dualcast","floor":10,"key":"SMITH"},{"floor":15,"key":"REST"},{"floor":23,"key":"REST"}],"neow_cost":"NONE","seed_source_timestamp":375503748838747,"circlet_count":0,"master_deck":["Strike_B","Defend_B","Defend_B","Zap+1","Dualcast+1","Gash","Gash","Steam","Hologram","Auto Shields","Seek","Redo+1","Beam Cell+1"],"relics":["Cracked Core","NeowsBlessing","Shuriken","Bottled Flame","Matryoshka","Tiny Chest","Meat on the Bone","Cursed Key"],"potions_floor_usage":[8,8,16,16,18],"damage_taken":[{"damage":0,"enemies":"Jaw Worm","floor":1,"turns":1},{"damage":0,"enemies":"Cultist","floor":4,"turns":1},{"damage":0,"enemies":"Lagavulin","floor":6,"turns":1},{"damage":36,"enemies":"Gremlin Nob","floor":8,"turns":4},{"damage":2,"enemies":"Small Slimes","floor":11,"turns":2},{"damage":3,"enemies":"3 Louse","floor":13,"turns":3},{"damage":19,"enemies":"Hexaghost","floor":16,"turns":9},{"damage":20,"enemies":"2 Thieves","floor":18,"turns":4},{"damage":5,"enemies":"Spheric Guardian","floor":19,"turns":4},{"damage":43,"enemies":"3 Cultists","floor":21,"turns":6},{"damage":48,"enemies":"Gremlin Leader","floor":24,"turns":5}],"seed_played":"8044124749097691865","potions_obtained":[{"floor":4,"key":"EntropicBrew"},{"floor":6,"key":"PowerPotion"},{"floor":11,"key":"Swift Potion"},{"floor":18,"key":"Fire Potion"},{"floor":21,"key":"SpeedPotion"}],"is_trial":false,"path_per_floor":["M","$","?","M","$","E","?","E","T","R","M","$","M","T","R","B",null,"M","M","$","M","?","R","E"],"character_chosen":"DEFECT","items_purchased":["Gash"],"campfire_rested":2,"item_purchase_floors":[2],"current_hp_per_floor":[75,75,75,75,75,75,75,39,39,39,37,37,34,34,56,49,75,55,50,50,19,19,41,0],"gold":69,"neow_bonus":"THREE_ENEMY_KILL","is_prod":false,"is_daily":false,"chose_seed":false,"campfire_upgraded":1,"win_rate":0,"timestamp":1564689757,"path_taken":["M","$","?","?","?","E","?","E","T","R","M","$","M","?","R","BOSS","M","M","$","M","?","R","E"],"build_version":"2019-07-17","purchased_purges":3,"victory":false,"max_hp_per_floor":[75,75,75,75,75,75,75,75,75,75,75,75,75,75,75,75,75,75,75,75,75,75,75,75],"card_choices":[{"not_picked":["Streamline","Capacitor"],"picked":"Gash","floor":1},{"not_picked":["Undo","Leap"],"picked":"Steam","floor":4},{"not_picked":["Rebound","Loop","Leap"],"picked":"SKIP","floor":6},{"not_picked":["Undo","Conserve Battery"],"picked":"Hologram","floor":8},{"not_picked":["Sunder","Rip and Tear"],"picked":"Auto Shields","floor":11},{"not_picked":["Barrage","Tempest","Double Energy"],"picked":"SKIP","floor":13},{"not_picked":["Machine Learning","Electrodynamics"],"picked":"Seek","floor":16},{"not_picked":["Sweeping Beam","Static Discharge","Cold Snap+1"],"picked":"SKIP","floor":18},{"not_picked":["Compile Driver","Leap+1"],"picked":"Redo+1","floor":19},{"not_picked":["Hologram","Auto Shields"],"picked":"Beam Cell+1","floor":21}],"player_experience":292653,"relics_obtained":[{"floor":6,"key":"Shuriken"},{"floor":8,"key":"Bottled Flame"},{"floor":9,"key":"Matryoshka"},{"floor":14,"key":"Tiny Chest"},{"floor":14,"key":"Meat on the Bone"}],"event_choices":[{"damage_healed":0,"gold_gain":0,"player_choice":"Forge","damage_taken":0,"max_hp_gain":0,"max_hp_loss":0,"event_name":"Accursed Blacksmith","floor":3,"gold_loss":0,"cards_upgraded":["Zap"]},{"cards_removed":["Defend_B"],"damage_healed":0,"gold_gain":0,"player_choice":"Forget","damage_taken":0,"max_hp_gain":0,"max_hp_loss":0,"event_name":"Living Wall","floor":7,"gold_loss":0},{"cards_removed":["Strike_B"],"damage_healed":0,"gold_gain":0,"player_choice":"Elegance","damage_taken":0,"max_hp_gain":0,"max_hp_loss":0,"event_name":"Back to Basics","floor":22,"gold_loss":0}],"is_beta":false,"boss_relics":[{"not_picked":["Black Star","Sozu"],"picked":"Cursed Key"}],"items_purged_floors":[2,12,20],"is_endless":false,"potions_floor_spawned":[4,6,11,18,21],"killed_by":"Gremlin Leader","ascension_level":2}