{"path_per_floor":["M","M","?","M","M","E","M","R","T","M","$","?","E","M","R"],"character_chosen":"IRONCLAD","items_purchased":[],"gold_per_floor":[119,138,138,158,176,204,224,224,224,234,159,159,184,204,204],"floor_reached":16,"campfire_rested":1,"playtime":1180,"current_hp_per_floor":[79,79,61,63,64,50,56,56,56,53,53,37,12,13,37],"items_purged":["Defend_R"],"gold":204,"play_id":"591f1636-89a9-4609-8e6a-48cef95c09c8","is_prod":false,"is_daily":false,"campfire_rituals":0,"campfire_upgraded":1,"is_hardmode":false,"path_taken":["M","M","?","M","M","E","M","R","T","M","?","?","E","M","R","BOSS"],"build_version":"2018-01-11-PROD2","purchased_purges":1,"victory":false,"master_deck":["Strike_R","Strike_R","Strike_R","Strike_R","Strike_R","Defend_R","Defend_R","Defend_R","Bash","Intimidate","Iron Wave","Pommel Strike","Dropkick","Spot Weakness","Warcry","Pommel Strike","Fire Breathing","Burning Pact"],"max_hp_per_floor":[80,80,80,80,80,80,80,80,80,80,80,80,80,80,80],"relics":["Burning Blood","Happy Flower","Lantern","Bronze Scales","Pen Nib"],"campfire_meditates":0,"card_choices":[{"not_picked":["Blood for Blood","Rupture"],"picked":"Intimidate"},{"not_picked":["Spot Weakness","Perfected Strike"],"picked":"Iron Wave"},{"not_picked":["Power Through","Anger"],"picked":"Pommel Strike"},{"not_picked":["Flame Barrier","Cleave"],"picked":"Dropkick"},{"not_picked":["Feed","Anger"],"picked":"Spot Weakness"},{"not_picked":["Uppercut","True Grit"],"picked":"Warcry"},{"not_picked":["Twin Strike","Cleave"],"picked":"Pommel Strike"},{"not_picked":["Anger","Whirlwind"],"picked":"Fire Breathing"},{"not_picked":["Intimidate","Perfected Strike"],"picked":"Burning Pact"}],"player_experience":8909,"potions_floor_usage":[6,6,16,16],"damage_taken":[{"damage":7,"enemies":"2 Louse","floor":1,"turns":4},{"damage":6,"enemies":"Cultist","floor":2,"turns":4},{"damage":4,"enemies":"Small Slimes","floor":4,"turns":3},{"damage":5,"enemies":"3 Louse","floor":5,"turns":4},{"damage":20,"enemies":"3 Sentries","floor":6,"turns":7},{"damage":0,"enemies":"Large Slime","floor":7,"turns":7},{"damage":9,"enemies":"Exordium Thugs","floor":10,"turns":6},{"damage":31,"enemies":"Lagavulin","floor":13,"turns":5},{"damage":5,"enemies":"Exordium Wildlife","floor":14,"turns":3},{"damage":46,"enemies":"Slime Boss","floor":16,"turns":7}],"event_choices":[{"event_name":"Scrap Ooze","player_choice":"success","floor":3,"damage_taken":18},{"event_name":"Shining Light","player_choice":"Entered Light","floor":12,"damage_taken":0}],"boss_relics":[],"potions_floor_spawned":[1,2,4,10],"seed_played":"8977305512029495199","killed_by":"Slime Boss","is_trial":false}