{"gold_per_floor":[143,158,158,170,182,211,211,226,226,257,268,268,286,311,311,389,389,400,400,400,160,178,209,243,243,243,29,63,78,78,78,78,155,155,171,189,209,227,227],"floor_reached":39,"playtime":2169,"items_purged":["Strike_R"],"score":1037,"play_id":"5543c6b7-bb34-4e9d-8003-bd6af23d69ca","local_time":"20190702174606","is_ascension_mode":true,"campfire_choices":[{"data":"Armaments","floor":7.0,"key":"SMITH"},{"data":"Feel No Pain","floor":12.0,"key":"SMITH"},{"data":"Demon Form","floor":15.0,"key":"SMITH"},{"floor":30.0,"key":"REST"},{"floor":32.0,"key":"REST"}],"neow_cost":"NONE","seed_source_timestamp":0,"circlet_count":0,"master_deck":["AscendersBane","Strike_R","Strike_R","Defend_R","Defend_R","Defend_R","Defend_R","Bash","Wild Strike","Inflame","Fire Breathing","Armaments+1","Shrug It Off+1","Feel No Pain+1","Burning Pact","Demon Form+1","Heavy Blade","Infernal Blade+1","Offering","Uppercut","Writhe","Decay","Corruption","Shockwave","Clumsy","Limit Break","Sword Boomerang","Impervious","Impervious","Regret","Writhe","Clumsy","True Grit+1","Entrench"],"special_seed":0,"relics":["Burning Blood","Tiny Chest","Dead Branch","Matryoshka","Kunai","Blue Candle","Cursed Key","Charon\u0027s Ashes","Bottled Tornado","Red Mask","Calipers","War Paint","Paper Frog","Dodecahedron","Calling Bell","Happy Flower","Singing Bowl","Magic Flower"],"potions_floor_usage":[],"damage_taken":[{"damage":0.0,"enemies":"Small Slimes","floor":1.0,"turns":5.0},{"damage":1.0,"enemies":"Cultist","floor":2.0,"turns":4.0},{"damage":1.0,"enemies":"2 Louse","floor":4.0,"turns":2.0},{"damage":7.0,"enemies":"Looter","floor":5.0,"turns":4.0},{"damage":13.0,"enemies":"Lagavulin","floor":6.0,"turns":7.0},{"damage":7.0,"enemies":"3 Louse","floor":8.0,"turns":4.0},{"damage":17.0,"enemies":"3 Sentries","floor":10.0,"turns":7.0},{"damage":4.0,"enemies":"2 Fungi Beasts","floor":11.0,"turns":4.0},{"damage":24.0,"enemies":"Lots of Slimes","floor":13.0,"turns":4.0},{"damage":16.0,"enemies":"Gremlin Nob","floor":14.0,"turns":4.0},{"damage":23.0,"enemies":"Hexaghost","floor":16.0,"turns":11.0},{"damage":6.0,"enemies":"Spheric Guardian","floor":18.0,"turns":2.0},{"damage":19.0,"enemies":"3 Byrds","floor":22.0,"turns":2.0},{"damage":9.0,"enemies":"Masked Bandits","floor":23.0,"turns":3.0},{"damage":20.0,"enemies":"Slavers","floor":24.0,"turns":2.0},{"damage":10.0,"enemies":"Book of Stabbing","floor":28.0,"turns":1.0},{"damage":16.0,"enemies":"Snake Plant","floor":29.0,"turns":4.0},{"damage":10.0,"enemies":"Automaton","floor":33.0,"turns":4.0},{"damage":11,"enemies":"Orb Walker","floor":35,"turns":2},{"damage":5,"enemies":"3 Shapes","floor":36,"turns":3},{"damage":23,"enemies":"Writhing Mass","floor":37,"turns":4},{"damage":50,"enemies":"3 Darklings","floor":38,"turns":4},{"damage":28,"enemies":"Spire Growth","floor":39,"turns":3}],"seed_played":"-6580786131982644915","potions_obtained":[{"floor":2.0,"key":"Dexterity Potion"},{"floor":8.0,"key":"Regen Potion"},{"floor":10.0,"key":"Poison Potion"},{"floor":11.0,"key":"FearPotion"},{"floor":16.0,"key":"Regen Potion"},{"floor":22.0,"key":"Fire Potion"},{"floor":23.0,"key":"LiquidBronze"},{"floor":24.0,"key":"Regen Potion"},{"floor":35,"key":"Energy Potion"},{"floor":36,"key":"Ancient Potion"}],"is_trial":false,"path_per_floor":["M","M","?","M","M","E","R","M","T","E","M","R","M","E","R","B",null,"M","?","?","$","M","?","E","?","T","$","E","M","R","$","R","B",null,"M","M","M","M","M"],"character_chosen":"IRONCLAD","items_purchased":["Bottled Tornado","Limit Break"],"campfire_rested":2,"item_purchase_floors":[21,27],"current_hp_per_floor":[78,80,80,80,79,72,72,71,71,74,76,76,58,48,48,31,68,68,68,68,68,55,52,38,38,38,38,34,24,48,48,72,68,77,75,79,67,28,0],"gold":227,"neow_bonus":"RANDOM_COMMON_RELIC","is_prod":false,"is_daily":false,"chose_seed":false,"campfire_upgraded":3,"win_rate":0,"timestamp":1562107566,"path_taken":["M","M","?","M","M","E","R","?","T","E","M","R","M","E","R","BOSS","M","?","?","$","M","?","E","?","T","$","E","M","R","$","R","BOSS","M","M","M","?","M"],"build_version":"2019-07-01","purchased_purges":1,"victory":false,"max_hp_per_floor":[80,80,80,80,80,80,80,80,80,80,80,80,80,80,80,80,80,80,80,80,80,80,80,80,80,80,80,80,80,80,80,80,80,80,80,80,82,84,84],"card_choices":[{"not_picked":["Cleave","Rupture"],"picked":"Wild Strike","floor":1.0},{"not_picked":["Flex","Iron Wave"],"picked":"Inflame","floor":2.0},{"not_picked":["Burning Pact","Sword Boomerang"],"picked":"Armaments","floor":4.0},{"not_picked":["True Grit","Warcry"],"picked":"Shrug It Off","floor":5.0},{"not_picked":["Intimidate","Combust"],"picked":"Feel No Pain","floor":6.0},{"not_picked":["Flex","Anger"],"picked":"Burning Pact","floor":8.0},{"not_picked":["Clash","Feel No Pain"],"picked":"Demon Form","floor":10.0},{"not_picked":["Iron Wave","Burning Pact"],"picked":"Heavy Blade","floor":11.0},{"not_picked":["Headbutt","Havoc"],"picked":"Infernal Blade","floor":13.0},{"not_picked":["Dropkick","Twin Strike","Clash"],"picked":"SKIP","floor":14.0},{"not_picked":["Brutality","Barricade"],"picked":"Offering","floor":16.0},{"not_picked":["Shrug It Off","Armaments"],"picked":"Uppercut","floor":18.0},{"not_picked":["Clothesline","Anger+1"],"picked":"Corruption","floor":22.0},{"not_picked":["Ghostly Armor","Iron Wave"],"picked":"Shockwave","floor":23.0},{"not_picked":["Searing Blow","Flex+1","Thunderclap+1"],"picked":"SKIP","floor":24.0},{"not_picked":["Searing Blow","Clash"],"picked":"Sword Boomerang","floor":28.0},{"not_picked":["Burning Pact","Combust"],"picked":"Impervious","floor":29.0},{"not_picked":["Brutality","Barricade"],"picked":"Impervious","floor":33.0},{"not_picked":["Shrug It Off","Sword Boomerang"],"picked":"True Grit+1","floor":35},{"not_picked":["Shockwave+1","Clash+1"],"picked":"Entrench","floor":36},{"not_picked":["Sword Boomerang","Wild Strike","Shrug It Off+1"],"picked":"Singing Bowl","floor":37},{"not_picked":["Twin Strike","Flex+1","Iron Wave+1"],"picked":"Singing Bowl","floor":38}],"player_experience":323130,"relics_obtained":[{"floor":6.0,"key":"Dead Branch"},{"floor":9.0,"key":"Matryoshka"},{"floor":10.0,"key":"Kunai"},{"floor":14.0,"key":"Blue Candle"},{"floor":23.0,"key":"Red Mask"},{"floor":24.0,"key":"Calipers"},{"floor":26.0,"key":"War Paint"},{"floor":26.0,"key":"Paper Frog"},{"floor":28.0,"key":"Dodecahedron"},{"floor":34,"key":"Happy Flower"},{"floor":34,"key":"Singing Bowl"},{"floor":34,"key":"Magic Flower"}],"event_choices":[{"damage_healed":0.0,"max_hp_gain":0.0,"max_hp_loss":0.0,"gold_gain":0.0,"cards_transformed":["Strike_R"],"event_name":"Transmorgrifier","player_choice":"Transformed","floor":3.0,"gold_loss":0.0,"damage_taken":0.0,"cards_obtained":["Fire Breathing"]},{"damage_healed":0.0,"max_hp_gain":0.0,"max_hp_loss":0.0,"gold_gain":0.0,"event_name":"The Mausoleum","player_choice":"Opened","floor":19.0,"gold_loss":0.0,"damage_taken":0.0,"relics_obtained":["Charon\u0027s Ashes"],"cards_obtained":["Writhe"]},{"damage_healed":0.0,"max_hp_gain":0.0,"max_hp_loss":0.0,"gold_gain":0.0,"event_name":"Forgotten Altar","player_choice":"Smashed Altar","floor":20.0,"gold_loss":0.0,"damage_taken":0.0,"cards_obtained":["Decay"]},{"damage_healed":0.0,"max_hp_gain":0.0,"max_hp_loss":0.0,"gold_gain":0.0,"event_name":"Masked Bandits","player_choice":"Fought Bandits","floor":23.0,"gold_loss":0.0,"damage_taken":0.0},{"cards_removed":["Strike_R"],"damage_healed":0.0,"max_hp_gain":0.0,"max_hp_loss":0.0,"gold_gain":0.0,"event_name":"Bonfire Elementals","player_choice":"Offered Basic","floor":25.0,"gold_loss":0.0,"damage_taken":0.0}],"is_beta":false,"boss_relics":[{"not_picked":["White Beast Statue","Empty Cage"],"picked":"Cursed Key"},{"not_picked":["Runic Pyramid","Velvet Choker"],"picked":"Calling Bell"}],"items_purged_floors":[27],"is_endless":false,"potions_floor_spawned":[2,8,10,11,16,22,23,24,35,36],"killed_by":"Spire Growth","ascension_level":13}