{"gold_per_floor":[115,128,146,146,164,189,189,206,206,206,235,246,264,264,264,342,342,329,341,341,354,35,35,65,65],"floor_reached":25,"playtime":1103,"items_purged":["Strike_G"],"score":436,"play_id":"906e69a6-655b-4fb0-8bb3-dcc3f55ec130","local_time":"20190723234414","is_ascension_mode":true,"campfire_choices":[{"data":"Footwork","floor":7,"key":"SMITH"},{"data":"Prepared","floor":10,"key":"SMITH"},{"floor":15,"key":"REST"},{"floor":23,"key":"REST"}],"neow_cost":"NONE","seed_source_timestamp":206879724779476,"circlet_count":0,"master_deck":["AscendersBane","Strike_G","Strike_G","Strike_G","Defend_G","Defend_G","Defend_G","Defend_G","Defend_G","Survivor","Neutralize","Footwork+1","Poisoned Stab","Noxious Fumes","Prepared+1","Blur","Blur","Infinite Blades","PiercingWail","Bouncing Flask","Glass Knife","Blade Dance","Blade Dance","Acrobatics"],"relics":["Ring of the Snake","Mango","Shuriken","Fusion Hammer","Nloth\u0027s Gift","Paper Crane","Tough Bandages"],"potions_floor_usage":[11,21,21,24,25],"damage_taken":[{"damage":2,"enemies":"Small Slimes","floor":1,"turns":5},{"damage":7,"enemies":"Cultist","floor":2,"turns":6},{"damage":0,"enemies":"2 Louse","floor":3,"turns":4},{"damage":4,"enemies":"2 Fungi Beasts","floor":5,"turns":5},{"damage":13,"enemies":"3 Sentries","floor":6,"turns":9},{"damage":3,"enemies":"Exordium Thugs","floor":8,"turns":7},{"damage":32,"enemies":"Gremlin Nob","floor":11,"turns":6},{"damage":2,"enemies":"Looter","floor":12,"turns":4},{"damage":0,"enemies":"Blue Slaver","floor":13,"turns":5},{"damage":23,"enemies":"Slime Boss","floor":16,"turns":11},{"damage":8,"enemies":"2 Thieves","floor":18,"turns":4},{"damage":28,"enemies":"3 Byrds","floor":19,"turns":6},{"damage":31,"enemies":"Shelled Parasite and Fungi","floor":21,"turns":6},{"damage":27,"enemies":"Book of Stabbing","floor":24,"turns":7},{"damage":10,"enemies":"Sentry and Sphere","floor":25,"turns":3}],"seed_played":"-6289926685506118533","potions_obtained":[{"floor":1,"key":"FearPotion"},{"floor":2,"key":"Energy Potion"},{"floor":12,"key":"FairyPotion"},{"floor":13,"key":"Fire Potion"},{"floor":21,"key":"LiquidBronze"},{"floor":24,"key":"PowerPotion"}],"is_trial":false,"path_per_floor":["M","M","M","?","M","E","R","M","T","R","E","M","M","?","R","B",null,"M","M","?","M","$","R","E","M"],"character_chosen":"THE_SILENT","items_purchased":["Paper Crane"],"campfire_rested":2,"item_purchase_floors":[22],"current_hp_per_floor":[63,56,56,56,52,53,53,50,50,50,18,16,16,21,48,25,75,67,39,39,8,8,35,8,0],"gold":65,"neow_bonus":"TEN_PERCENT_HP_BONUS","is_prod":false,"is_daily":false,"chose_seed":false,"campfire_upgraded":2,"win_rate":0,"timestamp":1563939854,"path_taken":["M","M","M","?","M","E","R","M","T","R","E","M","?","?","R","BOSS","M","M","?","M","?","R","E","M"],"build_version":"2019-07-17","purchased_purges":1,"victory":false,"max_hp_per_floor":[72,72,72,72,72,86,86,86,86,86,86,86,86,91,91,91,91,91,91,91,91,91,91,91,91],"card_choices":[{"not_picked":["Concentrate","Distraction"],"picked":"Footwork","floor":1},{"not_picked":["Infinite Blades","Dodge and Roll"],"picked":"Poisoned Stab","floor":2},{"not_picked":["Cloak And Dagger","Skewer"],"picked":"Noxious Fumes","floor":3},{"not_picked":["Blade Dance","Sucker Punch","Deflect"],"picked":"SKIP","floor":5},{"not_picked":["Outmaneuver","Deflect"],"picked":"Blur","floor":6},{"not_picked":["Masterful Stab","Prepared"],"picked":"Blur","floor":8},{"not_picked":["Masterful Stab","Backflip"],"picked":"Infinite Blades","floor":11},{"not_picked":["Terror","Glass Knife"],"picked":"PiercingWail","floor":12},{"not_picked":["Reflex","Bane"],"picked":"Bouncing Flask","floor":13},{"not_picked":["Bullet Time","Envenom"],"picked":"Glass Knife","floor":16},{"not_picked":["Predator","Skewer"],"picked":"Blade Dance","floor":18},{"not_picked":["Slice","Outmaneuver"],"picked":"Blade Dance","floor":19},{"not_picked":["Riddle With Holes","Outmaneuver","Reflex"],"picked":"SKIP","floor":21},{"not_picked":["Quick Slash","Predator"],"picked":"Acrobatics","floor":24}],"player_experience":720866,"relics_obtained":[{"floor":6,"key":"Mango"},{"floor":9,"key":"Torii"},{"floor":11,"key":"Shuriken"},{"floor":24,"key":"Tough Bandages"}],"event_choices":[{"damage_healed":0,"gold_gain":0,"cards_transformed":["Strike_G"],"player_choice":"Transformed","damage_taken":0,"max_hp_gain":0,"max_hp_loss":0,"event_name":"Transmorgrifier","floor":4,"gold_loss":0,"cards_obtained":["Prepared"]},{"damage_healed":0,"gold_gain":0,"player_choice":"Donut","damage_taken":0,"max_hp_gain":5,"max_hp_loss":0,"event_name":"Big Fish","floor":14,"gold_loss":0},{"damage_healed":0,"gold_gain":0,"player_choice":"Traded Relic","damage_taken":0,"relics_obtained":["Nloth\u0027s Gift"],"max_hp_gain":0,"max_hp_loss":0,"event_name":"N\u0027loth","floor":20,"relics_lost":["Torii"],"gold_loss":0}],"is_beta":false,"boss_relics":[{"not_picked":["Calling Bell","Philosopher\u0027s Stone"],"picked":"Fusion Hammer"}],"items_purged_floors":[22],"is_endless":false,"potions_floor_spawned":[1,2,5,12,13,19,21,24],"killed_by":"Sentry and Sphere","ascension_level":15}