{"gold_per_floor":[219,239,239,254,179,179,193,93,142,142,155,155,188,188,188,284,284,298,313,326,44,44,44,75,75,75,75,92,120,120,35,35,35],"floor_reached":33,"playtime":1325,"items_purged":["Defend_G","Strike_G","Strike_G"],"score":340,"play_id":"761d131f-dd0d-4788-a433-749b493dcd7f","local_time":"20190816115720","is_ascension_mode":true,"campfire_choices":[{"data":"Neutralize","floor":6,"key":"SMITH"},{"data":"Noxious Fumes","floor":10,"key":"SMITH"},{"data":"Deadly Poison","floor":12,"key":"SMITH"},{"data":"Backflip","floor":15,"key":"SMITH"},{"floor":23,"key":"REST"},{"floor":25,"key":"REST"},{"data":"Bouncing Flask","floor":27,"key":"SMITH"},{"floor":30,"key":"REST"},{"floor":32,"key":"REST"}],"neow_cost":"NONE","seed_source_timestamp":10060718124270,"circlet_count":0,"master_deck":["Strike_G","Defend_G","Defend_G","Defend_G","Survivor","Neutralize+1","Deadly Poison+1","Corpse Explosion","Deflect","Noxious Fumes+1","Slice","Backflip+1","Poisoned Stab","Bouncing Flask+1","Footwork","Dodge and Roll","Riddle With Holes","Backflip+1","Adrenaline","Crippling Poison+1"],"relics":["Ring of the Snake","Oddly Smooth Stone","Anchor","Bottled Lightning","White Beast Statue","PreservedInsect","Du-Vu Doll","Matryoshka","Toxic Egg 2","Meat on the Bone"],"potions_floor_usage":[16,19,24,29,33,33],"damage_taken":[{"damage":0,"enemies":"2 Louse","floor":1,"turns":3},{"damage":0,"enemies":"Jaw Worm","floor":2,"turns":4},{"damage":0,"enemies":"Small Slimes","floor":4,"turns":3},{"damage":3,"enemies":"Blue Slaver","floor":7,"turns":4},{"damage":2,"enemies":"Looter","floor":11,"turns":4},{"damage":24,"enemies":"Gremlin Nob","floor":13,"turns":5},{"damage":24,"enemies":"The Guardian","floor":16,"turns":8},{"damage":0,"enemies":"Chosen","floor":18,"turns":5},{"damage":24,"enemies":"3 Byrds","floor":19,"turns":3},{"damage":12,"enemies":"Snake Plant","floor":20,"turns":4},{"damage":11,"enemies":"Gremlin Leader","floor":24,"turns":5},{"damage":31,"enemies":"Shelled Parasite and Fungi","floor":28,"turns":6},{"damage":28,"enemies":"Slavers","floor":29,"turns":5},{"damage":58,"enemies":"Automaton","floor":33,"turns":6}],"seed_played":"3488688483045932561","potions_obtained":[{"floor":1,"key":"Block Potion"},{"floor":4,"key":"EssenceOfSteel"},{"floor":13,"key":"SpeedPotion"},{"floor":16,"key":"AttackPotion"},{"floor":19,"key":"SpeedPotion"},{"floor":20,"key":"Strength Potion"},{"floor":24,"key":"GamblersBrew"},{"floor":28,"key":"EssenceOfSteel"},{"floor":29,"key":"SteroidPotion"}],"is_trial":false,"path_per_floor":["M","M","?","M","$","R","M","$","T","R","M","R","E","T","R","B",null,"M","M","M","$","?","R","E","R","T","R","M","E","R","?","R","B"],"character_chosen":"THE_SILENT","items_purchased":["PreservedInsect"],"campfire_rested":4,"item_purchase_floors":[21],"current_hp_per_floor":[70,70,70,70,70,70,67,67,67,67,65,65,41,41,41,17,70,70,46,34,34,34,55,44,65,65,65,34,6,27,27,48,0],"gold":35,"neow_bonus":"HUNDRED_GOLD","is_prod":false,"is_daily":false,"chose_seed":false,"campfire_upgraded":5,"win_rate":0,"timestamp":1565981840,"path_taken":["M","M","?","M","$","R","M","$","T","R","M","R","E","?","R","BOSS","M","M","M","$","?","R","E","R","T","R","M","E","R","?","R","BOSS"],"build_version":"2019-07-17","purchased_purges":3,"victory":false,"max_hp_per_floor":[70,70,70,70,70,70,70,70,70,70,70,70,70,70,70,70,70,70,70,70,70,70,70,70,70,70,70,70,70,70,70,70,70],"card_choices":[{"not_picked":["Riddle With Holes","Expertise"],"picked":"Deadly Poison","floor":1},{"not_picked":["Outmaneuver","Sucker Punch"],"picked":"Corpse Explosion","floor":2},{"not_picked":["Dagger Throw","Acrobatics"],"picked":"Deflect","floor":4},{"not_picked":["Skewer","Blade Dance"],"picked":"Noxious Fumes","floor":7},{"not_picked":["Dagger Spray","Heel Hook"],"picked":"Slice","floor":11},{"not_picked":["Underhanded Strike","Outmaneuver"],"picked":"Backflip","floor":13},{"not_picked":["Endless Agony","Prepared+1"],"picked":"Poisoned Stab","floor":18},{"not_picked":["Masterful Stab","Deadly Poison"],"picked":"Bouncing Flask","floor":19},{"not_picked":["Flechettes","Bane+1"],"picked":"Footwork","floor":20},{"not_picked":["Dagger Throw+1","Dagger Spray"],"picked":"Backflip+1","floor":24},{"not_picked":["Blade Dance","Quick Slash"],"picked":"Adrenaline","floor":28},{"not_picked":["Poisoned Stab","Sucker Punch"],"picked":"Crippling Poison+1","floor":29}],"player_experience":399597,"relics_obtained":[{"floor":9,"key":"Oddly Smooth Stone"},{"floor":13,"key":"Anchor"},{"floor":14,"key":"Bottled Lightning"},{"floor":24,"key":"Du-Vu Doll"},{"floor":26,"key":"Matryoshka"},{"floor":29,"key":"Toxic Egg 2"}],"event_choices":[{"cards_removed":["Strike_G"],"damage_healed":0,"gold_gain":0,"player_choice":"Forget","damage_taken":0,"max_hp_gain":0,"max_hp_loss":0,"event_name":"Living Wall","floor":3,"gold_loss":0},{"damage_healed":0,"gold_gain":0,"cards_transformed":["Defend_G","Strike_G"],"player_choice":"Became Test Subject","damage_taken":0,"max_hp_gain":0,"max_hp_loss":0,"event_name":"Drug Dealer","floor":22,"gold_loss":0,"cards_obtained":["Dodge and Roll","Riddle With Holes"]},{"damage_healed":0,"gold_gain":0,"player_choice":"Obtained Relic","damage_taken":0,"relics_obtained":["Meat on the Bone"],"max_hp_gain":0,"max_hp_loss":0,"event_name":"Addict","floor":31,"gold_loss":85}],"is_beta":false,"boss_relics":[{"not_picked":["Lizard Tail","WristBlade"],"picked":"White Beast Statue"}],"items_purged_floors":[5,8,21],"is_endless":false,"potions_floor_spawned":[1,4,13,16,18,19,20,24,28,29],"killed_by":"Automaton","ascension_level":4}