{"gold_per_floor":[116,131,131,90,102,136,136,146,172,200,200,234,249,249,249,326,326,341,111,128,139,85,113,113,28,106,133,143,242,90,108,108,108],"floor_reached":33,"playtime":1464,"items_purged":["Strike_R"],"score":503,"play_id":"ddef51b9-0a9f-410e-8f80-b57f68696635","local_time":"20190703172540","is_ascension_mode":true,"campfire_choices":[{"data":"Uppercut","floor":7.0,"key":"SMITH"},{"floor":11.0,"key":"REST"},{"data":"Inflame","floor":15.0,"key":"SMITH"},{"floor":24.0,"key":"REST"},{"floor":32.0,"key":"REST"}],"neow_cost":"NONE","seed_source_timestamp":1111690525875832,"circlet_count":0,"master_deck":["AscendersBane","Strike_R","Strike_R","Strike_R","Strike_R","Defend_R","Defend_R","Defend_R","Defend_R","Bash","Combust","Shrug It Off","Headbutt","Blood for Blood","Uppercut+1","Inflame+1","Intimidate+1","Dropkick","Rampage","Demon Form","Rupture","Shrug It Off+1","Heavy Blade+1","Armaments","Body Slam","Pummel","Juggernaut"],"special_seed":0,"relics":["Burning Blood","Strawberry","Centennial Puzzle","Blood Vial","Lantern","Bottled Lightning","Velvet Choker","Bag of Marbles","Calipers","Kunai","Bottled Flame","Omamori","Red Skull"],"potions_floor_usage":[33,33],"damage_taken":[{"damage":13.0,"enemies":"Small Slimes","floor":1.0,"turns":3.0},{"damage":3.0,"enemies":"2 Louse","floor":2.0,"turns":3.0},{"damage":14.0,"enemies":"Jaw Worm","floor":5.0,"turns":4.0},{"damage":22.0,"enemies":"Gremlin Nob","floor":6.0,"turns":4.0},{"damage":21.0,"enemies":"Large Slime","floor":8.0,"turns":4.0},{"damage":19.0,"enemies":"3 Sentries","floor":10.0,"turns":5.0},{"damage":10.0,"enemies":"Gremlin Nob","floor":12.0,"turns":3.0},{"damage":20.0,"enemies":"Exordium Wildlife","floor":13.0,"turns":4.0},{"damage":22.0,"enemies":"Hexaghost","floor":16.0,"turns":8.0},{"damage":3.0,"enemies":"3 Byrds","floor":18.0,"turns":4.0},{"damage":23.0,"enemies":"Shell Parasite","floor":20.0,"turns":4.0},{"damage":18.0,"enemies":"Snake Plant","floor":21.0,"turns":4.0},{"damage":28.0,"enemies":"Gremlin Leader","floor":23.0,"turns":7.0},{"damage":13.0,"enemies":"Slavers","floor":27.0,"turns":6.0},{"damage":19.0,"enemies":"Centurion and Healer","floor":28.0,"turns":6.0},{"damage":8.0,"enemies":"Snecko","floor":31.0,"turns":3.0},{"damage":77,"enemies":"Collector","floor":33,"turns":6}],"seed_played":"-6552149279610200472","potions_obtained":[{"floor":1.0,"key":"Explosive Potion"},{"floor":5.0,"key":"Block Potion"},{"floor":8.0,"key":"Swift Potion"},{"floor":10.0,"key":"Explosive Potion"},{"floor":18.0,"key":"SpeedPotion"},{"floor":31.0,"key":"LiquidBronze"}],"is_trial":false,"path_per_floor":["M","M","?","$","M","E","R","M","T","E","R","E","M","?","R","B",null,"M","$","M","M","$","E","R","?","T","E","M","?","$","M","R","B"],"character_chosen":"IRONCLAD","items_purchased":["Blood for Blood","Bag of Marbles","Armaments","Red Skull"],"campfire_rested":3,"item_purchase_floors":[4,19,22,30],"current_hp_per_floor":[65,68,68,68,60,44,44,29,29,18,44,42,30,30,30,16,69,74,74,59,49,49,29,55,55,55,50,39,39,39,39,65,0],"gold":108,"neow_bonus":"THREE_CARDS","is_prod":false,"is_daily":false,"chose_seed":false,"campfire_upgraded":2,"win_rate":0,"timestamp":1562192740,"path_taken":["M","M","?","$","M","E","R","M","T","E","R","E","M","?","R","BOSS","M","$","M","M","$","E","R","?","T","E","M","?","?","?","R","BOSS"],"build_version":"2019-07-01","purchased_purges":1,"victory":false,"max_hp_per_floor":[80,80,87,87,87,87,87,87,87,87,87,87,87,87,87,87,87,87,87,87,87,87,87,87,87,87,87,87,87,87,87,87,87],"card_choices":[{"not_picked":["Rupture","Warcry"],"picked":"Combust","floor":0.0},{"not_picked":["Metallicize","Feel No Pain"],"picked":"Shrug It Off","floor":1.0},{"not_picked":["Cleave","Combust"],"picked":"Headbutt","floor":2.0},{"not_picked":["Seeing Red","Headbutt"],"picked":"Uppercut","floor":5.0},{"not_picked":["Pommel Strike","Twin Strike"],"picked":"Inflame","floor":6.0},{"not_picked":["Sword Boomerang","Bludgeon"],"picked":"Intimidate","floor":8.0},{"not_picked":["Sever Soul","Shrug It Off"],"picked":"Dropkick","floor":10.0},{"not_picked":["Inflame","Anger"],"picked":"Rampage","floor":12.0},{"not_picked":["Second Wind","Entrench","Pommel Strike"],"picked":"SKIP","floor":13.0},{"not_picked":["Exhume","Dark Embrace"],"picked":"Demon Form","floor":16.0},{"not_picked":["Shrug It Off","Intimidate"],"picked":"Rupture","floor":18.0},{"not_picked":["Clothesline","Combust"],"picked":"Shrug It Off+1","floor":20.0},{"not_picked":["Cleave+1","Inflame"],"picked":"Heavy Blade+1","floor":21.0},{"not_picked":["Heavy Blade","Shrug It Off","Sword Boomerang"],"picked":"SKIP","floor":23.0},{"not_picked":["Heavy Blade","Pommel Strike"],"picked":"Body Slam","floor":27.0},{"not_picked":["Clash","Second Wind"],"picked":"Pummel","floor":28.0},{"not_picked":["Heavy Blade+1","Corruption"],"picked":"Juggernaut","floor":31.0}],"player_experience":326285,"relics_obtained":[{"floor":6.0,"key":"Centennial Puzzle"},{"floor":9.0,"key":"Blood Vial"},{"floor":10.0,"key":"Lantern"},{"floor":12.0,"key":"Bottled Lightning"},{"floor":23.0,"key":"Calipers"},{"floor":26.0,"key":"Bottled Flame"},{"floor":27.0,"key":"Omamori"}],"event_choices":[{"damage_healed":0.0,"max_hp_gain":0.0,"max_hp_loss":0.0,"gold_gain":0.0,"event_name":"Scrap Ooze","player_choice":"Success","floor":3.0,"gold_loss":0.0,"damage_taken":7.0,"relics_obtained":["Strawberry"]},{"damage_healed":0.0,"max_hp_gain":0.0,"max_hp_loss":0.0,"gold_gain":0.0,"event_name":"Living Wall","player_choice":"Grow","floor":14.0,"gold_loss":0.0,"damage_taken":0.0,"cards_upgraded":["Intimidate"]},{"damage_healed":0.0,"max_hp_gain":0.0,"max_hp_loss":0.0,"gold_gain":0.0,"event_name":"Addict","player_choice":"Obtained Relic","floor":25.0,"gold_loss":85.0,"damage_taken":0.0,"relics_obtained":["Kunai"]},{"damage_healed":0.0,"max_hp_gain":0.0,"max_hp_loss":0.0,"gold_gain":99.0,"event_name":"Nest","player_choice":"Stole From Cult","floor":29.0,"gold_loss":0.0,"damage_taken":0.0}],"is_beta":false,"boss_relics":[{"not_picked":["Philosopher\u0027s Stone","Orrery"],"picked":"Velvet Choker"}],"items_purged_floors":[19],"is_endless":false,"potions_floor_spawned":[1,5,8,10,18,23,31],"killed_by":"Collector","ascension_level":13}