{"gold_per_floor":[113,113,113,128,128,162,162,187,187,187,33,50,76,76,76,155,155,172,222,242,254,267,293,293,322,322,352,366,384,384,409,409,485,485,504,21,32,32,44,71,105,105,105,123,156,156,186,199,199,199,199,199,0,25,25],"floor_reached":56,"playtime":2638,"items_purged":["Strike_R"],"score":2235,"play_id":"2f6f5366-ff4c-4f33-98c4-7706c6ff391d","local_time":"20190721222845","is_ascension_mode":true,"campfire_choices":[{"floor":7,"key":"REST"},{"data":"Whirlwind","floor":10,"key":"SMITH"},{"data":"Inflame","floor":15,"key":"SMITH"},{"data":"Disarm","floor":24,"key":"SMITH"},{"data":"Shockwave","floor":30,"key":"SMITH"},{"data":"Spot Weakness","floor":32,"key":"SMITH"},{"data":"Limit Break","floor":42,"key":"SMITH"},{"data":"Double Tap","floor":46,"key":"SMITH"},{"floor":49,"key":"RECALL"},{"data":"Offering","floor":52,"key":"SMITH"}],"neow_cost":"PERCENT_DAMAGE","seed_source_timestamp":27991604502737,"circlet_count":0,"master_deck":["AscendersBane","Defend_R","Defend_R+1","Defend_R","Defend_R","Bash+1","Shrug It Off+1","Whirlwind+1","Spot Weakness+1","Shockwave+1","Immolate","Metallicize","Inflame+1","Reaper","Disarm+1","Shrug It Off","Reaper","Metallicize+1","Clothesline","True Grit+1","Double Tap+1","Limit Break","Metallicize+1","Offering+1","Limit Break+1","Heavy Blade","Corruption+1","Demon Form+1","Reaper","Flame Barrier"],"relics":["Burning Blood","FossilizedHelix","Letter Opener","Pantograph","War Paint","Meat on the Bone","Bottled Lightning","Snecko Eye","Du-Vu Doll","Frozen Egg 2","Sundial","WingedGreaves","Smiling Mask","Empty Cage","Mummified Hand","Oddly Smooth Stone","Shuriken","Bottled Tornado","Pocketwatch","Centennial Puzzle","Strawberry"],"potions_floor_usage":[6,18,50,54],"damage_taken":[{"damage":9,"enemies":"2 Louse","floor":1,"turns":3},{"damage":0,"enemies":"Jaw Worm","floor":4,"turns":4},{"damage":37,"enemies":"Lagavulin","floor":6,"turns":8},{"damage":15,"enemies":"Gremlin Nob","floor":8,"turns":4},{"damage":0,"enemies":"Cultist","floor":12,"turns":3},{"damage":4,"enemies":"3 Sentries","floor":13,"turns":3},{"damage":39,"enemies":"The Guardian","floor":16,"turns":11},{"damage":0,"enemies":"Shell Parasite","floor":18,"turns":4},{"damage":28,"enemies":"2 Thieves","floor":20,"turns":3},{"damage":31,"enemies":"Shelled Parasite and Fungi","floor":21,"turns":4},{"damage":41,"enemies":"Snecko","floor":22,"turns":8},{"damage":18,"enemies":"Gremlin Leader","floor":23,"turns":6},{"damage":70,"enemies":"Book of Stabbing","floor":25,"turns":8},{"damage":2,"enemies":"Gremlin Leader","floor":27,"turns":5},{"damage":0,"enemies":"3 Cultists","floor":28,"turns":3},{"damage":0,"enemies":"Centurion and Healer","floor":29,"turns":4},{"damage":12,"enemies":"Slavers","floor":31,"turns":2},{"damage":25,"enemies":"Collector","floor":33,"turns":9},{"damage":12,"enemies":"Orb Walker","floor":35,"turns":4},{"damage":5,"enemies":"3 Darklings","floor":37,"turns":3},{"damage":0,"enemies":"Maw","floor":39,"turns":6},{"damage":0,"enemies":"Giant Head","floor":40,"turns":5},{"damage":8,"enemies":"Nemesis","floor":41,"turns":7},{"damage":13,"enemies":"4 Shapes","floor":44,"turns":6},{"damage":0,"enemies":"Reptomancer","floor":45,"turns":3},{"damage":6,"enemies":"Giant Head","floor":47,"turns":5},{"damage":14,"enemies":"Spire Growth","floor":48,"turns":5},{"damage":39,"enemies":"Donu and Deca","floor":50,"turns":5},{"damage":68,"enemies":"Shield and Spear","floor":54,"turns":4},{"damage":69,"enemies":"The Heart","floor":55,"turns":8}],"seed_played":"8851047577490226500","potions_obtained":[{"floor":1,"key":"Block Potion"},{"floor":16,"key":"EssenceOfSteel"},{"floor":18,"key":"BloodPotion"},{"floor":25,"key":"SteroidPotion"},{"floor":39,"key":"Block Potion"}],"is_trial":false,"path_per_floor":["M","?","?","M","?","E","R","E","T","R","$","M","E","?","R","B",null,"M","?","M","M","M","E","R","E","T","E","M","M","R","E","R","B",null,"M","$","M","?","M","E","E","R","T","M","E","R","E","M","R","B",null,"R","$","E","B",null],"character_chosen":"IRONCLAD","items_purchased":["Immolate","Mummified Hand","Metallicize+1","Offering","Centennial Puzzle"],"campfire_rested":1,"item_purchase_floors":[11,36,36,36,53],"current_hp_per_floor":[47,40,40,46,43,12,34,25,25,25,25,43,45,45,45,49,69,75,75,64,49,50,75,75,37,37,75,75,75,75,75,75,75,75,75,75,75,75,75,75,75,75,75,75,75,75,75,75,75,75,75,75,75,50,82],"gold":25,"neow_bonus":"ONE_RARE_RELIC","is_prod":false,"is_daily":false,"chose_seed":false,"campfire_upgraded":8,"win_rate":0,"timestamp":1563762525,"path_taken":["M","?","?","M","?","E","R","E","T","R","?","?","E","?","R","BOSS","M","?","?","M","M","E","R","E","T","E","?","M","R","E","R","BOSS","M","$","M","?","M","E","E","R","T","?","E","R","E","M","R","BOSS","R","$","E","BOSS"],"build_version":"2019-07-17","purchased_purges":1,"victory":true,"max_hp_per_floor":[75,75,75,75,75,75,75,75,75,75,75,75,75,75,75,75,75,75,75,75,75,75,75,75,75,75,75,75,75,75,75,75,75,75,75,75,75,75,75,75,75,75,75,75,75,75,75,75,75,75,75,75,75,82,82],"card_choices":[{"not_picked":["Fire Breathing","Thunderclap"],"picked":"Shrug It Off","floor":1},{"not_picked":["Perfected Strike","Clothesline"],"picked":"Whirlwind","floor":4},{"not_picked":["True Grit","Juggernaut"],"picked":"Spot Weakness","floor":6},{"not_picked":["Body Slam","Pummel"],"picked":"Shockwave","floor":8},{"not_picked":["Second Wind","Reckless Charge"],"picked":"Metallicize","floor":12},{"not_picked":["Havoc","Sever Soul"],"picked":"Inflame","floor":13},{"not_picked":["Juggernaut","Fiend Fire"],"picked":"Reaper","floor":16},{"not_picked":["Headbutt","Iron Wave","Twin Strike"],"picked":"SKIP","floor":18},{"not_picked":["Pommel Strike","Pummel"],"picked":"Disarm","floor":20},{"not_picked":["Thunderclap+1","Anger"],"picked":"Shrug It Off","floor":21},{"not_picked":["Dual Wield","Twin Strike"],"picked":"Reaper","floor":22},{"not_picked":["Dropkick","Thunderclap","Havoc"],"picked":"SKIP","floor":23},{"not_picked":["Heavy Blade","Twin Strike"],"picked":"Metallicize","floor":25},{"not_picked":["Shrug It Off","Battle Trance"],"picked":"Clothesline","floor":27},{"not_picked":["Evolve+1","Twin Strike+1"],"picked":"True Grit+1","floor":28},{"not_picked":["Wild Strike+1","Pommel Strike","Thunderclap"],"picked":"SKIP","floor":29},{"not_picked":["Anger","Havoc"],"picked":"Double Tap","floor":31},{"not_picked":["Barricade+1","Fiend Fire"],"picked":"Limit Break","floor":33},{"not_picked":["Thunderclap","Body Slam+1","Rampage"],"picked":"SKIP","floor":35},{"not_picked":["Pommel Strike+1","Body Slam","True Grit"],"picked":"SKIP","floor":37},{"not_picked":["Clothesline","Thunderclap+1","Havoc"],"picked":"SKIP","floor":39},{"not_picked":["Heavy Blade","Intimidate","Headbutt"],"picked":"SKIP","floor":40},{"not_picked":["Intimidate","Headbutt"],"picked":"Heavy Blade","floor":40},{"not_picked":["Searing Blow","Cleave","Blood for Blood"],"picked":"SKIP","floor":41},{"not_picked":["Headbutt","Thunderclap"],"picked":"Corruption+1","floor":44},{"not_picked":["Pommel Strike+1","Searing Blow"],"picked":"Demon Form+1","floor":45},{"not_picked":["Inflame+1","Twin Strike+1"],"picked":"Reaper","floor":47},{"not_picked":["Cleave+1","Blood for Blood","Anger"],"picked":"SKIP","floor":48},{"not_picked":["Rage","Pommel Strike"],"picked":"Flame Barrier","floor":54}],"player_experience":712345,"relics_obtained":[{"floor":6,"key":"Pantograph"},{"floor":8,"key":"War Paint"},{"floor":9,"key":"Meat on the Bone"},{"floor":13,"key":"Bottled Lightning"},{"floor":23,"key":"Du-Vu Doll"},{"floor":25,"key":"Frozen Egg 2"},{"floor":26,"key":"Sundial"},{"floor":27,"key":"WingedGreaves"},{"floor":31,"key":"Smiling Mask"},{"floor":40,"key":"Oddly Smooth Stone"},{"floor":41,"key":"Shuriken"},{"floor":45,"key":"Bottled Tornado"},{"floor":47,"key":"Pocketwatch"},{"floor":54,"key":"Strawberry"}],"event_choices":[{"cards_removed":["Strike_R"],"damage_healed":0,"gold_gain":0,"player_choice":"Card Removal","damage_taken":7,"max_hp_gain":0,"max_hp_loss":0,"event_name":"Golden Wing","floor":2,"gold_loss":0},{"damage_healed":0,"gold_gain":0,"player_choice":"Grow","damage_taken":0,"max_hp_gain":0,"max_hp_loss":0,"event_name":"Living Wall","floor":3,"gold_loss":0,"cards_upgraded":["Bash"]},{"damage_healed":0,"gold_gain":0,"player_choice":"Success","damage_taken":3,"relics_obtained":["Letter Opener"],"max_hp_gain":0,"max_hp_loss":0,"event_name":"Scrap Ooze","floor":5,"gold_loss":0},{"cards_removed":["Strike_R"],"damage_healed":0,"gold_gain":0,"player_choice":"Offered Basic","damage_taken":0,"max_hp_gain":0,"max_hp_loss":0,"event_name":"Bonfire Elementals","floor":14,"gold_loss":0},{"damage_healed":0,"gold_gain":100,"player_choice":"Bet on Murderer","damage_taken":0,"max_hp_gain":0,"max_hp_loss":0,"event_name":"The Joust","floor":19,"gold_loss":50},{"damage_healed":0,"gold_gain":0,"player_choice":"Copied","damage_taken":0,"max_hp_gain":0,"max_hp_loss":0,"event_name":"Duplicator","floor":38,"gold_loss":0,"cards_obtained":["Limit Break"]}],"is_beta":false,"boss_relics":[{"not_picked":["Fusion Hammer","White Beast Statue"],"picked":"Snecko Eye"},{"not_picked":["Pandora\u0027s Box","Runic Dome"],"picked":"Empty Cage"}],"items_purged_floors":[53],"is_endless":false,"potions_floor_spawned":[1,16,18,25,27,29,39,41,44,48],"ascension_level":14}