{"gold_per_floor":[109,259,46,66,82,82,107,71,98,11,31,44,55,90,90,166,166,145,159,84,58,58],"floor_reached":22,"playtime":1063,"items_purged":["Doubt"],"score":392,"play_id":"4fed5a3d-e21b-44a5-92c0-f04097bbe403","local_time":"20190818184638","is_ascension_mode":true,"campfire_choices":[{"data":"Blade Dance","floor":6.0,"key":"SMITH"},{"floor":15.0,"key":"REST"}],"neow_cost":"CURSE","seed_source_timestamp":144880777228300,"circlet_count":0,"master_deck":["AscendersBane","Strike_G","Strike_G","Strike_G","Strike_G","Defend_G","Defend_G","Defend_G","Defend_G","Survivor","Neutralize","Blade Dance+1","Skewer","Heel Hook","Panache","Flying Knee","Cloak And Dagger","Riddle With Holes","Infinite Blades","Footwork","Tools of the Trade","Finisher","Sucker Punch","Night Terror","Dodge and Roll"],"special_seed":0,"relics":["Ring of the Snake","Vajra","Smiling Mask","Shuriken","Black Star"],"potions_floor_usage":[],"damage_taken":[{"damage":0.0,"enemies":"2 Louse","floor":1.0,"turns":3.0},{"damage":5.0,"enemies":"Jaw Worm","floor":4.0,"turns":5.0},{"damage":0.0,"enemies":"Small Slimes","floor":5.0,"turns":3.0},{"damage":17.0,"enemies":"Lagavulin","floor":7.0,"turns":6.0},{"damage":0.0,"enemies":"2 Fungi Beasts","floor":11.0,"turns":3.0},{"damage":28.0,"enemies":"Lots of Slimes","floor":12.0,"turns":6.0},{"damage":0.0,"enemies":"3 Louse","floor":13.0,"turns":6.0},{"damage":30.0,"enemies":"Gremlin Nob","floor":14.0,"turns":4.0},{"damage":7.0,"enemies":"The Guardian","floor":16.0,"turns":10.0},{"damage":20.0,"enemies":"2 Thieves","floor":18.0,"turns":4.0},{"damage":22,"enemies":"Shell Parasite","floor":19,"turns":3},{"damage":21,"enemies":"Cultist and Chosen","floor":22,"turns":3}],"seed_played":"-2833210322599410701","potions_obtained":[{"floor":4.0,"key":"GamblersBrew"},{"floor":11.0,"key":"Regen Potion"},{"floor":12.0,"key":"Regen Potion"},{"floor":13.0,"key":"Dexterity Potion"}],"is_trial":false,"path_per_floor":["M","?","$","M","M","R","E","$","T","$","M","M","M","E","R","B",null,"M","M","?","$","M"],"character_chosen":"THE_SILENT","items_purchased":["Panache","Infinite Blades","Footwork","Dodge and Roll"],"campfire_rested":1,"item_purchase_floors":[3,8,10,21],"current_hp_per_floor":[59,59,59,54,54,54,37,37,37,37,37,24,39,9,28,21,55,35,13,13,13,0],"gold":58,"neow_bonus":"TRANSFORM_TWO_CARDS","is_prod":false,"is_daily":false,"chose_seed":false,"campfire_upgraded":1,"win_rate":0,"timestamp":1566146798,"path_taken":["M","?","$","M","M","R","E","$","T","?","M","M","M","E","R","BOSS","M","M","?","$","M"],"build_version":"2019-07-17","purchased_purges":1,"victory":false,"max_hp_per_floor":[66,66,66,66,66,66,66,66,66,66,66,66,66,66,66,66,66,66,66,66,66,66],"card_choices":[{"not_picked":["Bane","Riddle With Holes"],"picked":"Heel Hook","floor":1.0},{"not_picked":["Poisoned Stab","Slice"],"picked":"Flying Knee","floor":4.0},{"not_picked":["Deadly Poison","Backflip"],"picked":"Cloak And Dagger","floor":5.0},{"not_picked":["Riddle With Holes","Deflect","Acrobatics"],"picked":"SKIP","floor":7.0},{"not_picked":["Deflect","Acrobatics"],"picked":"Riddle With Holes","floor":7.0},{"not_picked":["Slice","Deflect","Heel Hook"],"picked":"SKIP","floor":11.0},{"not_picked":["Predator","Reflex"],"picked":"Tools of the Trade","floor":12.0},{"not_picked":["Cloak And Dagger","Underhanded Strike"],"picked":"Finisher","floor":13.0},{"not_picked":["Bane","Bouncing Flask"],"picked":"Sucker Punch","floor":14.0},{"not_picked":["Die Die Die","Adrenaline"],"picked":"Night Terror","floor":16.0},{"not_picked":["Deadly Poison","Prepared","Masterful Stab+1"],"picked":"SKIP","floor":18.0},{"not_picked":["Underhanded Strike+1","Quick Slash","Flying Knee"],"picked":"SKIP","floor":19}],"player_experience":1133045,"relics_obtained":[{"floor":7.0,"key":"Vajra"},{"floor":9.0,"key":"Smiling Mask"},{"floor":14.0,"key":"Shuriken"}],"event_choices":[{"damage_healed":0.0,"max_hp_gain":0.0,"max_hp_loss":0.0,"gold_gain":150.0,"event_name":"Liars Game","player_choice":"AGREE","floor":2.0,"gold_loss":0.0,"damage_taken":0.0,"cards_obtained":["Doubt"]},{"cards_removed":["Decay"],"damage_healed":0,"gold_gain":0,"player_choice":"Gave Gold","damage_taken":0,"max_hp_gain":0,"max_hp_loss":0,"event_name":"Beggar","floor":20,"gold_loss":75}],"is_beta":false,"boss_relics":[{"not_picked":["Coffee Dripper","Tiny House"],"picked":"Black Star"}],"items_purged_floors":[10],"is_endless":false,"potions_floor_spawned":[4,11,12,13],"killed_by":"Cultist and Chosen","ascension_level":20}