{"gold_per_floor":[116,41,116,134,134,134,134,134,134,159,59,76,87,98,98,98],"floor_reached":16,"playtime":823,"items_purged":["Strike_B","Strike_B"],"score":110,"play_id":"2045c46a-584e-494c-b72f-98f518f671ef","local_time":"20190801132823","is_ascension_mode":true,"campfire_choices":[{"data":"Zap","floor":6,"key":"SMITH"},{"data":"Dualcast","floor":8,"key":"SMITH"},{"data":"Coolheaded","floor":15,"key":"SMITH"}],"neow_cost":"NONE","seed_source_timestamp":377318991203786,"circlet_count":0,"master_deck":["Strike_B","Strike_B","Defend_B","Defend_B","Defend_B","Zap+1","Dualcast+1","Rebound","Glacier","Coolheaded+1","Self Repair"],"relics":["Cracked Core","Omamori","Torii"],"potions_floor_usage":[16,16],"damage_taken":[{"damage":6,"enemies":"2 Louse","floor":1,"turns":2},{"damage":2,"enemies":"Jaw Worm","floor":4,"turns":3},{"damage":19,"enemies":"Lagavulin","floor":10,"turns":7},{"damage":0,"enemies":"Cultist","floor":12,"turns":4},{"damage":0,"enemies":"2 Fungi Beasts","floor":13,"turns":3},{"damage":9,"enemies":"Exordium Thugs","floor":14,"turns":4},{"damage":46,"enemies":"Hexaghost","floor":16,"turns":16}],"seed_played":"855047428135033934","potions_obtained":[{"floor":10,"key":"Fire Potion"},{"floor":12,"key":"Ancient Potion"},{"floor":13,"key":"Fire Potion"},{"floor":14,"key":"SkillPotion"}],"is_trial":false,"path_per_floor":["M","$","?","M","?","R","?","R","T","E","$","M","M","M","R","B"],"character_chosen":"DEFECT","items_purchased":[],"campfire_rested":0,"item_purchase_floors":[],"current_hp_per_floor":[76,76,65,63,63,63,63,63,63,44,44,44,44,42,42,0],"gold":98,"neow_bonus":"TEN_PERCENT_HP_BONUS","is_prod":false,"is_daily":false,"chose_seed":false,"campfire_upgraded":3,"win_rate":0,"timestamp":1564691303,"path_taken":["M","$","?","M","?","R","?","R","T","E","$","M","?","M","R","BOSS"],"build_version":"2019-07-17","purchased_purges":2,"victory":false,"max_hp_per_floor":[82,82,82,82,82,82,82,82,82,82,82,82,82,82,82,82],"card_choices":[{"not_picked":["Barrage","Blizzard"],"picked":"Rebound","floor":1},{"not_picked":["Redo","Rebound"],"picked":"Glacier","floor":4},{"not_picked":["Consume","Redo"],"picked":"Coolheaded","floor":10},{"not_picked":["Stack","Reinforced Body","Rip and Tear"],"picked":"SKIP","floor":12},{"not_picked":["Barrage","Consume"],"picked":"Self Repair","floor":13},{"not_picked":["Doom and Gloom","Fusion","Cold Snap"],"picked":"SKIP","floor":14}],"player_experience":293658,"relics_obtained":[{"floor":9,"key":"Omamori"},{"floor":10,"key":"Torii"}],"event_choices":[{"damage_healed":0,"gold_gain":75,"player_choice":"Gather Gold","damage_taken":11,"max_hp_gain":0,"max_hp_loss":0,"event_name":"World of Goop","floor":3,"gold_loss":0},{"cards_removed":["Defend_B"],"damage_healed":0,"gold_gain":0,"player_choice":"Forget","damage_taken":0,"max_hp_gain":0,"max_hp_loss":0,"event_name":"Living Wall","floor":5,"gold_loss":0},{"damage_healed":0,"gold_gain":0,"player_choice":"Ignored","damage_taken":0,"max_hp_gain":0,"max_hp_loss":0,"event_name":"Liars Game","floor":7,"gold_loss":0}],"is_beta":false,"boss_relics":[],"items_purged_floors":[2,11],"is_endless":false,"potions_floor_spawned":[10,12,13,14],"killed_by":"Hexaghost","ascension_level":2}