{"gold_per_floor":[109,109,209,20,32,32,63,76,76,87,97,159,176,190,190,294,294,305,355,105,125,50,75,75,75],"floor_reached":25,"playtime":1316,"items_purged":["Strike_R","Strike_R"],"score":350,"play_id":"a3d7227e-3ade-4f50-8873-5fbf7b061105","local_time":"20190522184208","is_ascension_mode":true,"campfire_choices":[{"data":"Disarm","floor":6,"key":"SMITH"},{"floor":15,"key":"REST"},{"data":"Armaments","floor":24,"key":"SMITH"}],"neow_cost":"NONE","seed_source_timestamp":677256048945257,"circlet_count":0,"master_deck":["AscendersBane","Strike_R","Strike_R","Strike_R","Defend_R","Defend_R","Defend_R","Defend_R","Bash","Armaments","Flame Barrier","Clothesline","Disarm+1","Clothesline","True Grit","Disarm","Headbutt","Shrug It Off","Reaper","Shrug It Off","Shrug It Off","Metallicize","Armaments+1","Cleave","Reaper","Impervious"],"relics":["Burning Blood","Shuriken","Darkstone Periapt","Oddly Smooth Stone","Tiny Chest","Mark of Pain","Bag of Preparation"],"potions_floor_usage":[16,16],"damage_taken":[{"damage":1,"enemies":"Cultist","floor":1,"turns":4},{"damage":6,"enemies":"Small Slimes","floor":5,"turns":5},{"damage":53,"enemies":"Gremlin Nob","floor":7,"turns":6},{"damage":1,"enemies":"Jaw Worm","floor":8,"turns":5},{"damage":4,"enemies":"Exordium Wildlife","floor":10,"turns":6},{"damage":11,"enemies":"Blue Slaver","floor":11,"turns":5},{"damage":21,"enemies":"Lagavulin","floor":12,"turns":14},{"damage":5,"enemies":"Looter","floor":13,"turns":5},{"damage":6,"enemies":"Exordium Thugs","floor":14,"turns":8},{"damage":16,"enemies":"The Guardian","floor":16,"turns":19},{"damage":51,"enemies":"3 Byrds","floor":18,"turns":8},{"damage":5,"enemies":"Spheric Guardian","floor":21,"turns":10},{"damage":16,"enemies":"Book of Stabbing","floor":23,"turns":9},{"damage":42,"enemies":"3 Cultists","floor":25,"turns":6}],"seed_played":"-6430774903747139372","potions_obtained":[{"floor":5,"key":"Energy Potion"},{"floor":7,"key":"Dexterity Potion"},{"floor":12,"key":"Poison Potion"},{"floor":16,"key":"GamblersBrew"}],"is_trial":false,"path_per_floor":["M","?","?","$","M","R","E","M","T","M","M","E","M","M","R","B",null,"M","?","$","M","$","E","R","M"],"character_chosen":"IRONCLAD","items_purchased":["Flame Barrier","Clothesline","Shrug It Off","Metallicize","Armaments","Reaper"],"campfire_rested":1,"item_purchase_floors":[4,4,20,20,20,22],"current_hp_per_floor":[77,74,74,74,74,74,27,32,32,34,29,14,15,15,39,29,67,28,28,28,29,29,22,22,4],"gold":75,"neow_bonus":"THREE_CARDS","is_prod":false,"is_daily":false,"chose_seed":false,"campfire_upgraded":2,"win_rate":0,"timestamp":1558564928,"path_taken":["M","?","?","$","M","R","E","?","T","M","?","E","M","M","R","BOSS","M","?","$","M","$","E","R","M"],"build_version":"2019-01-23","purchased_purges":2,"victory":false,"max_hp_per_floor":[80,80,80,80,80,80,80,80,80,80,80,80,80,80,80,80,80,80,80,80,80,80,80,80,80],"card_choices":[{"not_picked":["Combust","True Grit"],"picked":"Armaments","floor":0},{"not_picked":["Pommel Strike","Armaments","Intimidate"],"picked":"SKIP","floor":1},{"not_picked":["Iron Wave","Headbutt"],"picked":"Disarm","floor":5},{"not_picked":["Feel No Pain","Clash","Bloodletting"],"picked":"SKIP","floor":7},{"not_picked":["Dual Wield","Sever Soul"],"picked":"Clothesline","floor":8},{"not_picked":["Sword Boomerang","Feel No Pain"],"picked":"True Grit","floor":10},{"not_picked":["Cleave","Shockwave"],"picked":"Disarm","floor":11},{"not_picked":["True Grit","Pummel"],"picked":"Headbutt","floor":12},{"not_picked":["Thunderclap","Wild Strike"],"picked":"Shrug It Off","floor":13},{"not_picked":["Flex","Twin Strike","Wild Strike"],"picked":"SKIP","floor":14},{"not_picked":["Double Tap","Limit Break"],"picked":"Reaper","floor":16},{"not_picked":["Rage","Evolve+1"],"picked":"Shrug It Off","floor":18},{"not_picked":["Sword Boomerang","Fire Breathing"],"picked":"Cleave","floor":21},{"not_picked":["Heavy Blade","Body Slam"],"picked":"Impervious","floor":23}],"player_experience":406815,"relics_obtained":[{"floor":7,"key":"Darkstone Periapt"},{"floor":9,"key":"Oddly Smooth Stone"},{"floor":12,"key":"Tiny Chest"},{"floor":23,"key":"Bag of Preparation"}],"event_choices":[{"damage_healed":0,"gold_gain":0,"player_choice":"Success","damage_taken":3,"relics_obtained":["Shuriken"],"max_hp_gain":0,"max_hp_loss":0,"event_name":"Scrap Ooze","floor":2,"gold_loss":0},{"damage_healed":0,"gold_gain":100,"player_choice":"Gold","damage_taken":0,"max_hp_gain":0,"max_hp_loss":0,"event_name":"Wheel of Change","floor":3,"gold_loss":0},{"damage_healed":0,"gold_gain":100,"player_choice":"Bet on Murderer","damage_taken":0,"max_hp_gain":0,"max_hp_loss":0,"event_name":"The Joust","floor":19,"gold_loss":50}],"is_beta":false,"boss_relics":[{"not_picked":["Black Blood","Astrolabe"],"picked":"Mark of Pain"}],"items_purged_floors":[4,20],"is_endless":false,"potions_floor_spawned":[5,7,12,16],"killed_by":"3 Cultists","ascension_level":10}