{"gold_per_floor":[113,113,139,161,173,185,222,262,274,286,315,327,350,382,394,406],"floor_reached":16,"playtime":594,"items_purged":[],"score":204,"play_id":"6a2db3bf-36d4-4cfe-a266-413e412cd510","local_time":"20190818201258","is_ascension_mode":true,"campfire_choices":[{"data":"Infinite Blades","floor":6.0,"key":"SMITH"},{"floor":12.0,"key":"REST"},{"floor":15.0,"key":"REST"}],"neow_cost":"NONE","seed_source_timestamp":150815326856800,"circlet_count":0,"master_deck":["AscendersBane","Strike_G","Strike_G","Strike_G","Strike_G","Defend_G","Defend_G","Defend_G","Defend_G","Defend_G","Survivor","Neutralize","Cloak And Dagger","Infinite Blades+1","Malaise","Heel Hook","Cloak And Dagger"],"special_seed":0,"relics":["Ring of the Snake","Bag of Marbles","MawBank","Ninja Scroll","Odd Mushroom","Paper Crane"],"potions_floor_usage":[16],"damage_taken":[{"damage":0.0,"enemies":"2 Louse","floor":1.0,"turns":3.0},{"damage":0.0,"enemies":"Cultist","floor":3.0,"turns":4.0},{"damage":0.0,"enemies":"Small Slimes","floor":4.0,"turns":5.0},{"damage":51.0,"enemies":"Gremlin Nob","floor":7.0,"turns":5.0},{"damage":6.0,"enemies":"The Mushroom Lair","floor":8.0,"turns":5.0},{"damage":3.0,"enemies":"Exordium Wildlife","floor":11.0,"turns":3.0},{"damage":3.0,"enemies":"Blue Slaver","floor":13.0,"turns":4.0},{"damage":0.0,"enemies":"2 Fungi Beasts","floor":14.0,"turns":2.0},{"damage":47,"enemies":"Hexaghost","floor":16,"turns":14}],"seed_played":"8086725419977381901","potions_obtained":[{"floor":1.0,"key":"EssenceOfSteel"},{"floor":3.0,"key":"Regen Potion"},{"floor":8.0,"key":"SkillPotion"}],"is_trial":false,"path_per_floor":["M","?","M","M","?","R","E","?","T","$","M","R","M","M","R","B"],"character_chosen":"THE_SILENT","items_purchased":[],"campfire_rested":2,"item_purchase_floors":[],"current_hp_per_floor":[59,59,59,59,52,52,15,9,9,9,6,25,22,22,41,0],"gold":406,"neow_bonus":"RANDOM_COMMON_RELIC","is_prod":false,"is_daily":false,"chose_seed":false,"campfire_upgraded":1,"win_rate":0,"timestamp":1566151978,"path_taken":["M","?","?","M","?","R","E","?","T","?","M","R","M","M","R","BOSS"],"build_version":"2019-07-17","purchased_purges":0,"victory":false,"max_hp_per_floor":[66,66,66,66,66,66,66,66,66,66,66,66,66,66,66,66],"card_choices":[{"not_picked":["Bane","Poisoned Stab"],"picked":"Well Laid Plans","floor":1.0},{"not_picked":["Acrobatics","Tactician"],"picked":"Cloak And Dagger","floor":3.0},{"not_picked":["Prepared","Blade Dance"],"picked":"Infinite Blades","floor":4.0},{"not_picked":["Expertise","Outmaneuver"],"picked":"Malaise","floor":7.0},{"not_picked":["Prepared","Quick Slash"],"picked":"Heel Hook","floor":8.0},{"not_picked":["Malaise","Bane","Poisoned Stab"],"picked":"SKIP","floor":11.0},{"not_picked":["Acrobatics","Prepared"],"picked":"Cloak And Dagger","floor":13.0},{"not_picked":["Poisoned Stab","Slice","Deflect"],"picked":"SKIP","floor":14.0}],"player_experience":1137056,"relics_obtained":[{"floor":7.0,"key":"Ninja Scroll"},{"floor":8.0,"key":"Odd Mushroom"},{"floor":9.0,"key":"Paper Crane"}],"event_choices":[{"cards_removed":["Well Laid Plans"],"damage_healed":0.0,"max_hp_gain":0.0,"max_hp_loss":0.0,"gold_gain":0.0,"event_name":"WeMeetAgain","player_choice":"Gave Card","floor":2.0,"gold_loss":0.0,"damage_taken":0.0,"relics_obtained":["MawBank"]},{"cards_removed":["Strike_G"],"damage_healed":0.0,"max_hp_gain":0.0,"max_hp_loss":0.0,"gold_gain":0.0,"event_name":"Golden Wing","player_choice":"Card Removal","floor":5.0,"gold_loss":0.0,"damage_taken":7.0},{"damage_healed":0.0,"max_hp_gain":0.0,"max_hp_loss":0.0,"gold_gain":0.0,"event_name":"Mushrooms","player_choice":"Fought Mushrooms","floor":8.0,"gold_loss":0.0,"damage_taken":0.0}],"is_beta":false,"boss_relics":[],"items_purged_floors":[],"is_endless":false,"potions_floor_spawned":[1,3,4,8],"killed_by":"Hexaghost","ascension_level":20}