{"gold_per_floor":[109,129,146,78,78,112,112,146,195,195,228,290,290,290,290,394,394,376,394,407,407,422,422,478,65,65,65,65,65,90,101,101,199,199,212,212,225,49,62,62],"floor_reached":40,"playtime":2015,"items_purged":["Pain","Strike_B"],"score":508,"play_id":"ac8ba23f-bb76-4681-ac9a-6a5d1f42bcc2","local_time":"20190307235935","is_ascension_mode":true,"campfire_choices":[{"data":"Zap","floor":7,"key":"SMITH"},{"floor":10,"key":"REST"},{"data":"Machine Learning","floor":13,"key":"SMITH"},{"data":"Conserve Battery","floor":15,"key":"SMITH"},{"floor":23,"key":"REST"},{"floor":27,"key":"REST"},{"floor":29,"key":"REST"},{"floor":32,"key":"REST"}],"neow_cost":"NONE","seed_source_timestamp":595053008546337,"circlet_count":0,"master_deck":["Strike_B+1","Strike_B","Strike_B","Defend_B","Defend_B+1","Defend_B+1","Defend_B","Zap+1","Dualcast","Ball Lightning","Ball Lightning+1","Hello World","Machine Learning+1","Steam","Conserve Battery+1","Seek","Hologram+1","Echo Form","Glacier","Stack+1","Storm","Darkness","Capacitor","Thunder Strike+1","Loop+1","Tempest","Defragment","Leap+1"],"relics":["Cracked Core","Matryoshka","Whetstone","Pen Nib","Bag of Preparation","Oddly Smooth Stone","WarpedTongs","Snecko Eye","War Paint","Tiny Chest","Shuriken","Bronze Scales","Molten Egg 2","Du-Vu Doll","Nuclear Battery"],"potions_floor_usage":[6,11,16,20,24,33,33],"damage_taken":[{"damage":1,"enemies":"Cultist","floor":1,"turns":3},{"damage":2,"enemies":"2 Louse","floor":2,"turns":2},{"damage":0,"enemies":"Small Slimes","floor":3,"turns":2},{"damage":20,"enemies":"3 Sentries","floor":6,"turns":4},{"damage":28,"enemies":"Gremlin Nob","floor":8,"turns":4},{"damage":4,"enemies":"3 Sentries","floor":11,"turns":4},{"damage":26,"enemies":"The Guardian","floor":16,"turns":10},{"damage":19,"enemies":"2 Thieves","floor":18,"turns":4},{"damage":10,"enemies":"Chosen","floor":19,"turns":6},{"damage":24,"enemies":"Snake Plant","floor":20,"turns":4},{"damage":26,"enemies":"Shelled Parasite and Fungi","floor":22,"turns":4},{"damage":7,"enemies":"Slavers","floor":24,"turns":4},{"damage":14,"enemies":"Book of Stabbing","floor":30,"turns":7},{"damage":27,"enemies":"Centurion and Healer","floor":31,"turns":4},{"damage":18,"enemies":"Champ","floor":33,"turns":9},{"damage":7,"enemies":"Orb Walker","floor":35,"turns":3},{"damage":11,"enemies":"3 Darklings","floor":37,"turns":6},{"damage":33,"enemies":"Jaw Worm Horde","floor":39,"turns":5},{"damage":28,"enemies":"Nemesis","floor":40,"turns":12}],"seed_played":"7285110006420461247","potions_obtained":[{"floor":0,"key":"GamblersBrew"},{"floor":0,"key":"Block Potion"},{"floor":0,"key":"SmokeBomb"},{"floor":1,"key":"Strength Potion"},{"floor":2,"key":"Fire Potion"},{"floor":11,"key":"AttackPotion"},{"floor":18,"key":"Weak Potion"},{"floor":22,"key":"AttackPotion"},{"floor":30,"key":"Poison Potion"},{"floor":31,"key":"EssenceOfSteel"}],"is_trial":false,"path_per_floor":["M","M","M","$","?","E","R","E","T","R","E","?","R","?","R","B",null,"M","M","M","?","M","R","E","$","T","R","$","R","E","M","R","B",null,"M","?","M","$","M","E"],"character_chosen":"DEFECT","items_purchased":["Hello World","Storm","Shuriken","Defragment"],"campfire_rested":5,"item_purchase_floors":[4,25,25,38],"current_hp_per_floor":[74,72,72,72,77,57,57,29,29,53,49,49,49,49,49,23,80,61,51,27,27,1,25,18,18,18,42,42,66,52,25,49,31,80,73,73,62,62,29,1],"gold":62,"neow_bonus":"THREE_SMALL_POTIONS","is_prod":false,"is_daily":false,"chose_seed":false,"campfire_upgraded":3,"win_rate":0,"timestamp":1552021175,"path_taken":["M","M","?","$","?","E","R","E","T","R","E","?","R","?","R","BOSS","M","?","M","?","M","R","E","$","T","R","?","R","E","M","R","BOSS","M","?","M","$","M","E"],"build_version":"2019-01-23","purchased_purges":2,"victory":false,"max_hp_per_floor":[75,75,75,75,80,80,80,80,80,80,80,80,80,80,80,80,80,80,80,80,80,80,80,80,80,80,80,80,80,80,80,80,80,80,80,76,76,76,76,76],"card_choices":[{"not_picked":["Coolheaded","Cold Snap"],"picked":"Ball Lightning","floor":1},{"not_picked":["Gash","Auto Shields"],"picked":"Ball Lightning","floor":2},{"not_picked":["Redo","Double Energy","Reprogram"],"picked":"SKIP","floor":3},{"not_picked":["Amplify","Self Repair"],"picked":"Machine Learning","floor":6},{"not_picked":["Turbo","Consume"],"picked":"Steam","floor":8},{"not_picked":["Sweeping Beam","Stack"],"picked":"Conserve Battery","floor":11},{"not_picked":["Core Surge","Meteor Strike"],"picked":"Seek","floor":16},{"not_picked":["Stack","Reprogram","Darkness"],"picked":"SKIP","floor":18},{"not_picked":["Sweeping Beam+1","Stack"],"picked":"Hologram+1","floor":19},{"not_picked":["Skim","Compile Driver"],"picked":"Echo Form","floor":20},{"not_picked":["Skim","Conserve Battery"],"picked":"Glacier","floor":22},{"not_picked":["Sweeping Beam","Ball Lightning"],"picked":"Stack+1","floor":24},{"not_picked":["Core Surge+1","Steam"],"picked":"Darkness","floor":30},{"not_picked":["Leap","Genetic Algorithm"],"picked":"Capacitor","floor":31},{"not_picked":["Reboot","Hyperbeam+1"],"picked":"Thunder Strike+1","floor":33},{"not_picked":["BootSequence+1","Leap+1"],"picked":"Loop+1","floor":35},{"not_picked":["Conserve Battery+1","Sweeping Beam+1"],"picked":"Tempest","floor":37},{"not_picked":["Streamline+1","Go for the Eyes+1"],"picked":"Leap+1","floor":39}],"player_experience":310681,"relics_obtained":[{"floor":6,"key":"Matryoshka"},{"floor":8,"key":"Whetstone"},{"floor":9,"key":"Pen Nib"},{"floor":9,"key":"Bag of Preparation"},{"floor":11,"key":"Oddly Smooth Stone"},{"floor":24,"key":"Tiny Chest"},{"floor":26,"key":"Bronze Scales"},{"floor":26,"key":"Molten Egg 2"},{"floor":30,"key":"Du-Vu Doll"}],"event_choices":[{"damage_healed":0,"gold_gain":0,"player_choice":"Donut","damage_taken":0,"max_hp_gain":5,"max_hp_loss":0,"event_name":"Big Fish","floor":5,"gold_loss":0},{"damage_healed":0,"gold_gain":62,"player_choice":"Gained Gold","damage_taken":0,"max_hp_gain":0,"max_hp_loss":0,"event_name":"Golden Wing","floor":12,"gold_loss":0},{"damage_healed":0,"gold_gain":0,"player_choice":"Rummage","damage_taken":0,"relics_obtained":["WarpedTongs"],"max_hp_gain":0,"max_hp_loss":0,"event_name":"Accursed Blacksmith","floor":14,"gold_loss":0,"cards_obtained":["Pain"]},{"damage_healed":0,"gold_gain":0,"player_choice":"Gave Potion","damage_taken":0,"relics_obtained":["War Paint"],"max_hp_gain":0,"max_hp_loss":0,"event_name":"WeMeetAgain","floor":21,"gold_loss":0},{"damage_healed":0,"gold_gain":0,"player_choice":"Max HP","damage_taken":0,"max_hp_gain":0,"max_hp_loss":4,"event_name":"Winding Halls","floor":36,"gold_loss":0}],"is_beta":false,"boss_relics":[{"not_picked":["Eternal Feather","Runic Dome"],"picked":"Snecko Eye"},{"not_picked":["Lizard Tail","Inserter"],"picked":"Nuclear Battery"}],"items_purged_floors":[25,38],"is_endless":false,"potions_floor_spawned":[1,2,11,18,22,30,31],"killed_by":"Nemesis","ascension_level":3}