{"gold_per_floor":[110,127,127,127,148,148,179,62,62,62,90,265,245,13,13,13],"floor_reached":16,"playtime":1024,"items_purged":[],"score":125,"play_id":"6efc293c-4e22-478e-b8dd-5a344856040c","local_time":"20190819004259","is_ascension_mode":true,"campfire_choices":[{"data":"Conserve Battery","floor":6.0,"key":"SMITH"},{"data":"Undo","floor":10.0,"key":"SMITH"},{"floor":15.0,"key":"REST"}],"neow_cost":"NONE","seed_source_timestamp":118905087566989,"circlet_count":0,"master_deck":["Strike_B","Strike_B","Strike_B","Defend_B","Defend_B","Defend_B","Defend_B","Zap","Dualcast","Trip","Conserve Battery+1","Injury","Cold Snap","Genetic Algorithm","Undo+1","Ball Lightning","Doubt","Go for the Eyes","Loop"],"special_seed":0,"relics":["Cracked Core","Golden Idol","Bird Faced Urn","Dodecahedron","Odd Mushroom","Blood Vial"],"potions_floor_usage":[16,16,16,16],"damage_taken":[{"damage":2.0,"enemies":"Jaw Worm","floor":1.0,"turns":3.0},{"damage":0.0,"enemies":"2 Louse","floor":2.0,"turns":2.0},{"damage":0.0,"enemies":"Small Slimes","floor":5.0,"turns":2.0},{"damage":15.0,"enemies":"3 Sentries","floor":7.0,"turns":8.0},{"damage":34.0,"enemies":"The Mushroom Lair","floor":11.0,"turns":6.0},{"damage":41,"enemies":"Slime Boss","floor":16,"turns":12}],"seed_played":"7271370501776621211","potions_obtained":[{"floor":2.0,"key":"Poison Potion"},{"floor":11.0,"key":"EntropicBrew"}],"is_trial":false,"path_per_floor":["M","M","?","?","M","R","E","$","T","R","?","?","?","$","R","B"],"character_chosen":"DEFECT","items_purchased":["Genetic Algorithm","Undo","Blood Vial","Go for the Eyes","Loop"],"campfire_rested":1,"item_purchase_floors":[8,8,14,14,14],"current_hp_per_floor":[66,66,59,59,59,59,44,44,44,44,10,10,10,10,32,0],"gold":13,"neow_bonus":"RANDOM_COLORLESS","is_prod":false,"is_daily":false,"chose_seed":false,"campfire_upgraded":2,"win_rate":0,"timestamp":1566171779,"path_taken":["M","M","?","?","M","R","E","$","T","R","?","?","?","$","R","BOSS"],"build_version":"2019-07-17","purchased_purges":0,"victory":false,"max_hp_per_floor":[75,75,75,75,75,75,75,75,75,75,75,75,75,75,75,75],"card_choices":[{"not_picked":["Self Repair","Leap"],"picked":"Conserve Battery","floor":1.0},{"not_picked":["Stack","Auto Shields","Static Discharge"],"picked":"SKIP","floor":2.0},{"not_picked":["Coolheaded","Streamline"],"picked":"Cold Snap","floor":5.0},{"not_picked":["Conserve Battery","Beam Cell","Thunder Strike"],"picked":"SKIP","floor":7.0},{"not_picked":["Hologram","Conserve Battery"],"picked":"Ball Lightning","floor":11.0}],"player_experience":424410,"relics_obtained":[{"floor":7.0,"key":"Bird Faced Urn"},{"floor":9.0,"key":"Dodecahedron"},{"floor":11.0,"key":"Odd Mushroom"}],"event_choices":[{"cards_removed":["Strike_B"],"damage_healed":0.0,"max_hp_gain":0.0,"max_hp_loss":0.0,"gold_gain":0.0,"event_name":"Golden Wing","player_choice":"Card Removal","floor":3.0,"gold_loss":0.0,"damage_taken":7.0},{"damage_healed":0.0,"max_hp_gain":0.0,"max_hp_loss":0.0,"gold_gain":0.0,"event_name":"Golden Idol","player_choice":"Take Wound","floor":4.0,"gold_loss":0.0,"damage_taken":0.0,"relics_obtained":["Golden Idol"],"cards_obtained":["Injury"]},{"damage_healed":0.0,"max_hp_gain":0.0,"max_hp_loss":0.0,"gold_gain":0.0,"event_name":"Mushrooms","player_choice":"Fought Mushrooms","floor":11.0,"gold_loss":0.0,"damage_taken":0.0},{"damage_healed":0.0,"max_hp_gain":0.0,"max_hp_loss":0.0,"gold_gain":175.0,"event_name":"Liars Game","player_choice":"AGREE","floor":12.0,"gold_loss":0.0,"damage_taken":0.0,"cards_obtained":["Doubt"]},{"damage_healed":0.0,"max_hp_gain":0.0,"max_hp_loss":0.0,"gold_gain":0.0,"event_name":"World of Goop","player_choice":"Left Gold","floor":13.0,"gold_loss":20.0,"damage_taken":0.0}],"is_beta":false,"boss_relics":[],"items_purged_floors":[],"is_endless":false,"potions_floor_spawned":[2,11],"killed_by":"Slime Boss","ascension_level":6}