{"gold_per_floor":[112,112,123,198,43,43,43,43,124,124,151,170,170,188,188,262,262,273,82,82,82,7,34,34,67,67,67],"floor_reached":27,"playtime":1033,"items_purged":["Parasite"],"score":404,"play_id":"81c31cd4-2a77-4bb6-82f5-7ce54a5b5a17","local_time":"20190711194832","is_ascension_mode":true,"campfire_choices":[{"floor":6,"key":"REST"},{"data":"Well Laid Plans","floor":8,"key":"SMITH"},{"data":"Deadly Poison","floor":10,"key":"SMITH"},{"data":"Catalyst","floor":15,"key":"SMITH"},{"floor":24,"key":"REST"}],"neow_cost":"NONE","seed_source_timestamp":66492920052408,"circlet_count":0,"master_deck":["AscendersBane","Strike_G+1","Strike_G+1","Strike_G+1","Strike_G+1","Defend_G+1","Defend_G+1","Defend_G+1","Defend_G+1","Defend_G+1","Survivor","Neutralize","PiercingWail","Dodge and Roll","Well Laid Plans+1","Blade Dance","Deadly Poison+1","Well Laid Plans","Catalyst+1","Dagger Throw","After Image","Riddle With Holes","Leg Sweep","Caltrops","PiercingWail"],"relics":["Ring of the Snake","Orichalcum","Pen Nib","Pear","Potion Belt","Snecko Eye","Molten Egg 2","Bottled Flame","Oddly Smooth Stone"],"potions_floor_usage":[23],"damage_taken":[{"damage":5,"enemies":"Jaw Worm","floor":1,"turns":7},{"damage":2,"enemies":"Small Slimes","floor":3,"turns":5},{"damage":33,"enemies":"Lagavulin","floor":11,"turns":7},{"damage":0,"enemies":"2 Louse","floor":12,"turns":2},{"damage":3,"enemies":"Blue Slaver","floor":14,"turns":4},{"damage":33,"enemies":"The Guardian","floor":16,"turns":10},{"damage":12,"enemies":"3 Byrds","floor":18,"turns":6},{"damage":43,"enemies":"Book of Stabbing","floor":23,"turns":7},{"damage":37,"enemies":"Slavers","floor":25,"turns":9},{"damage":10,"enemies":"Gremlin Leader","floor":27,"turns":5}],"seed_played":"4441784045796553808","potions_obtained":[{"floor":11,"key":"SmokeBomb"},{"floor":14,"key":"Regen Potion"},{"floor":16,"key":"FearPotion"},{"floor":18,"key":"Fire Potion"}],"is_trial":false,"path_per_floor":["M","?","M","?","$","R","?","R","T","R","E","M","?","M","R","B",null,"M","$","?","?","?","E","R","E","T","E"],"character_chosen":"THE_SILENT","items_purchased":["Well Laid Plans","Blade Dance","Deadly Poison","Leg Sweep","Caltrops"],"campfire_rested":2,"item_purchase_floors":[5,5,5,19,19],"current_hp_per_floor":[58,40,38,27,27,48,65,65,75,75,42,42,42,39,39,6,62,50,50,50,50,50,22,45,8,8,0],"gold":67,"neow_bonus":"RANDOM_COMMON_RELIC","is_prod":false,"is_daily":false,"chose_seed":false,"campfire_upgraded":3,"win_rate":0,"timestamp":1562888912,"path_taken":["M","?","M","?","?","R","?","R","T","R","E","M","?","M","R","BOSS","M","$","?","?","?","E","R","E","T","E"],"build_version":"2019-07-05","purchased_purges":1,"victory":false,"max_hp_per_floor":[70,70,70,70,70,70,70,70,80,80,80,80,80,80,80,80,80,80,77,77,77,77,77,77,77,77,77],"card_choices":[{"not_picked":["Cloak And Dagger","Escape Plan"],"picked":"PiercingWail","floor":1},{"not_picked":["Distraction","Flying Knee"],"picked":"Dodge and Roll","floor":3},{"not_picked":["Flying Knee","Bullet Time"],"picked":"Well Laid Plans","floor":11},{"not_picked":["Cloak And Dagger","Prepared"],"picked":"Catalyst","floor":12},{"not_picked":["Sucker Punch","Masterful Stab"],"picked":"Dagger Throw","floor":14},{"not_picked":["Envenom","Corpse Explosion"],"picked":"After Image","floor":16},{"not_picked":["Acrobatics","Well Laid Plans+1"],"picked":"Riddle With Holes","floor":18},{"not_picked":["Acrobatics","Calculated Gamble","Underhanded Strike"],"picked":"SKIP","floor":23},{"not_picked":["Dodge and Roll","Leg Sweep"],"picked":"PiercingWail","floor":25}],"player_experience":682444,"relics_obtained":[{"floor":9,"key":"Pear"},{"floor":11,"key":"Potion Belt"},{"floor":23,"key":"Molten Egg 2"},{"floor":25,"key":"Bottled Flame"},{"floor":26,"key":"Oddly Smooth Stone"}],"event_choices":[{"damage_healed":0,"gold_gain":0,"player_choice":"Success","damage_taken":18,"relics_obtained":["Pen Nib"],"max_hp_gain":0,"max_hp_loss":0,"event_name":"Scrap Ooze","floor":2,"gold_loss":0},{"damage_healed":0,"gold_gain":75,"player_choice":"Gather Gold","damage_taken":11,"max_hp_gain":0,"max_hp_loss":0,"event_name":"World of Goop","floor":4,"gold_loss":0},{"damage_healed":17,"gold_gain":0,"player_choice":"Healed and dodged fight","damage_taken":0,"max_hp_gain":0,"max_hp_loss":0,"event_name":"Mushrooms","floor":7,"gold_loss":0,"cards_obtained":["Parasite"]},{"damage_healed":0,"gold_gain":0,"player_choice":"Ignored","damage_taken":0,"max_hp_gain":0,"max_hp_loss":0,"event_name":"Liars Game","floor":13,"gold_loss":0},{"damage_healed":0,"gold_gain":0,"player_choice":"Ignored","damage_taken":0,"max_hp_gain":0,"max_hp_loss":0,"event_name":"Vampires","floor":20,"gold_loss":0},{"damage_healed":0,"gold_gain":0,"player_choice":"Simplicity","damage_taken":0,"max_hp_gain":0,"max_hp_loss":0,"event_name":"Back to Basics","floor":21,"gold_loss":0,"cards_upgraded":["Strike_G","Strike_G","Strike_G","Strike_G","Strike_G","Defend_G","Defend_G","Defend_G","Defend_G","Defend_G"]},{"cards_removed":["Strike_G"],"damage_healed":0,"gold_gain":0,"player_choice":"Gave Gold","damage_taken":0,"max_hp_gain":0,"max_hp_loss":0,"event_name":"Beggar","floor":22,"gold_loss":75}],"is_beta":false,"boss_relics":[{"not_picked":["Fusion Hammer","WristBlade"],"picked":"Snecko Eye"}],"items_purged_floors":[19],"is_endless":false,"potions_floor_spawned":[11,14,16,18],"killed_by":"Gremlin Leader","ascension_level":13}