{"gold_per_floor":[165,177,64,64,84,117,134,134,134,163,184,184,184,225,225,355,355,369,369,369,284,86,124,56,56,56,77,120,136,154,154,154,282,282,297,318,31,52,65,101,124,249,274,297,341,341,122,165,165,165,165,165,8,51,51],"floor_reached":56,"playtime":9344,"items_purged":["Strike_B","Defend_B+1"],"score":1845,"play_id":"a9026060-29a2-4d5c-965c-8c316038c641","local_time":"20190718164805","is_ascension_mode":true,"campfire_choices":[{"data":"Zap","floor":8.0,"key":"SMITH"},{"data":"Dualcast","floor":12.0,"key":"SMITH"},{"floor":15.0,"key":"REST"},{"floor":32.0,"key":"RECALL"},{"floor":49.0,"key":"REST"},{"floor":52.0,"key":"REST"}],"neow_cost":"NONE","seed_source_timestamp":439325023150750,"circlet_count":0,"master_deck":["Defend_B+1","Defend_B+1","Defend_B+1","Zap+1","Dualcast+1","FTL","Self Repair","Sweeping Beam","Doom and Gloom","Leap+1","Turbo+1","Coolheaded+1","Compile Driver+1","Double Energy+1","Seek+1","Redo+1","Bite+1","Bite+1","Bite+1","Bite+1","Bite+1","RitualDagger+1","Steam+1","Beam Cell+1","Defragment+1","Genetic Algorithm+1","Defragment","Glacier+1","Leap+1","Electrodynamics","Barrage+1","Go for the Eyes+1","Capacitor","Multi-Cast+1","Reinforced Body+1","Tempest+1","Amplify+1","Defragment","Chill+1","Glacier+1","Thunder Strike+1"],"special_seed":0,"relics":["Tiny House","Matryoshka","Molten Egg 2","Toxic Egg 2","StoneCalendar","Odd Mushroom","Golden Idol","Orichalcum","Fusion Hammer","Blood Vial","War Paint","Vajra","Boot","Question Card","Runic Pyramid","Meat on the Bone","Torii","Pen Nib","Mummified Hand","Pantograph","Art of War","Bag of Preparation"],"potions_floor_usage":[],"damage_taken":[{"damage":0.0,"enemies":"Cultist","floor":1.0,"turns":4.0},{"damage":1.0,"enemies":"2 Louse","floor":2.0,"turns":3.0},{"damage":7.0,"enemies":"Jaw Worm","floor":5.0,"turns":3.0},{"damage":14.0,"enemies":"Gremlin Nob","floor":6.0,"turns":5.0},{"damage":0.0,"enemies":"Large Slime","floor":7.0,"turns":4.0},{"damage":28.0,"enemies":"3 Sentries","floor":10.0,"turns":7.0},{"damage":22.0,"enemies":"The Mushroom Lair","floor":11.0,"turns":4.0},{"damage":17.0,"enemies":"Gremlin Nob","floor":14.0,"turns":4.0},{"damage":28.0,"enemies":"Slime Boss","floor":16.0,"turns":5.0},{"damage":0.0,"enemies":"Shell Parasite","floor":18.0,"turns":6.0},{"damage":16.0,"enemies":"Slavers","floor":23.0,"turns":6.0},{"damage":3.0,"enemies":"Spheric Guardian","floor":27.0,"turns":3.0},{"damage":0.0,"enemies":"Gremlin Leader","floor":28.0,"turns":6.0},{"damage":4.0,"enemies":"Snecko","floor":29.0,"turns":7.0},{"damage":16.0,"enemies":"3 Cultists","floor":30.0,"turns":7.0},{"damage":18.0,"enemies":"Automaton","floor":33.0,"turns":11.0},{"damage":0.0,"enemies":"Orb Walker","floor":35.0,"turns":4.0},{"damage":10.0,"enemies":"3 Shapes","floor":36.0,"turns":4.0},{"damage":16.0,"enemies":"Jaw Worm Horde","floor":38.0,"turns":4.0},{"damage":16.0,"enemies":"Transient","floor":39.0,"turns":5.0},{"damage":26.0,"enemies":"Reptomancer","floor":40.0,"turns":5.0},{"damage":9.0,"enemies":"Spire Growth","floor":41.0,"turns":5.0},{"damage":0.0,"enemies":"Mind Bloom Boss Battle","floor":42.0,"turns":7.0},{"damage":20.0,"enemies":"Writhing Mass","floor":44.0,"turns":6.0},{"damage":11.0,"enemies":"Giant Head","floor":45.0,"turns":8.0},{"damage":9.0,"enemies":"Nemesis","floor":48.0,"turns":6.0},{"damage":0.0,"enemies":"Donu and Deca","floor":50.0,"turns":6.0},{"damage":41.0,"enemies":"Shield and Spear","floor":54.0,"turns":7.0},{"damage":57,"enemies":"The Heart","floor":55,"turns":9}],"seed_played":"2573881243518642298","potions_obtained":[{"floor":0.0,"key":"EssenceOfSteel"},{"floor":1.0,"key":"SpeedPotion"},{"floor":2.0,"key":"Block Potion"},{"floor":10.0,"key":"FocusPotion"},{"floor":14.0,"key":"FearPotion"},{"floor":16.0,"key":"Dexterity Potion"},{"floor":18.0,"key":"SteroidPotion"},{"floor":23.0,"key":"Explosive Potion"},{"floor":27.0,"key":"Poison Potion"},{"floor":30.0,"key":"Swift Potion"},{"floor":36.0,"key":"PowerPotion"},{"floor":39.0,"key":"Poison Potion"},{"floor":40.0,"key":"Energy Potion"},{"floor":44.0,"key":"Block Potion"}],"is_trial":false,"path_per_floor":["M","M","$","?","M","E","M","R","T","E","?","R","?","E","R","B",null,"M","?","?","?","$","E","$","?","T","M","E","M","M","?","R","B",null,"M","M","$","M","M","E","M","?","T","M","E","?","$","E","R","B",null,"R","$","E","B",null],"character_chosen":"DEFECT","items_purchased":["Doom and Gloom","War Paint","Steam+1","Defragment","Go for the Eyes+1","Capacitor","Multi-Cast+1","Defragment","Chill+1","Art of War"],"campfire_rested":3,"item_purchase_floors":[3,22,22,24,37,37,37,47,47,53],"current_hp_per_floor":[73,79,79,72,65,58,58,58,58,37,22,22,22,12,34,13,59,66,51,45,45,45,51,51,51,51,51,51,51,51,51,51,51,51,51,51,51,48,45,40,51,51,51,51,47,47,47,48,48,48,48,48,48,35,22],"gold":51,"neow_bonus":"BOSS_RELIC","is_prod":false,"is_daily":false,"chose_seed":false,"campfire_upgraded":2,"win_rate":0,"timestamp":1563493685,"path_taken":["M","M","?","?","M","E","?","R","T","E","?","R","?","E","R","BOSS","M","?","?","?","$","E","$","?","T","M","E","M","?","?","R","BOSS","M","M","$","M","M","E","?","?","T","M","E","?","?","E","R","BOSS","R","$","E","BOSS"],"build_version":"2019-07-17","purchased_purges":2,"victory":true,"max_hp_per_floor":[80,80,80,80,80,80,80,80,80,80,80,80,74,74,74,74,74,74,51,51,51,51,51,51,51,51,51,51,51,51,51,51,51,51,51,51,51,51,51,51,51,51,51,51,51,48,48,48,48,48,48,48,48,48,48],"card_choices":[{"not_picked":["Reprogram","Loop"],"picked":"FTL","floor":0.0},{"not_picked":["Blizzard","Cold Snap"],"picked":"Self Repair","floor":1.0},{"not_picked":["Recycle","Hologram"],"picked":"Sweeping Beam","floor":2.0},{"not_picked":["Beam Cell","Storm"],"picked":"Leap","floor":5.0},{"not_picked":["Cold Snap","Fission","Steam"],"picked":"SKIP","floor":6.0},{"not_picked":["Gash","Redo"],"picked":"Turbo","floor":7.0},{"not_picked":["Redo+1","Blizzard+1"],"picked":"Coolheaded+1","floor":10.0},{"not_picked":["Machine Learning","Conserve Battery+1"],"picked":"Compile Driver+1","floor":11.0},{"not_picked":["Leap+1","Gash+1"],"picked":"Double Energy+1","floor":14.0},{"not_picked":["Reboot+1","Meteor Strike+1"],"picked":"Seek+1","floor":16.0},{"not_picked":["Double Energy+1","Scrape+1"],"picked":"Redo+1","floor":18.0},{"not_picked":["Chaos+1","Self Repair"],"picked":"Beam Cell+1","floor":23.0},{"not_picked":["Beam Cell+1","Heatsinks+1"],"picked":"Genetic Algorithm+1","floor":27.0},{"not_picked":["Turbo+1","Compile Driver+1"],"picked":"Defragment","floor":28.0},{"not_picked":["Compile Driver+1","Chaos+1","Streamline+1"],"picked":"Glacier+1","floor":29.0},{"not_picked":["Stack+1","Rebound+1","Melter+1"],"picked":"Leap+1","floor":30.0},{"not_picked":["Amplify+1","Seek+1","Rainbow+1"],"picked":"Electrodynamics","floor":33.0},{"not_picked":["Self Repair+1","Sweeping Beam+1","Hologram+1"],"picked":"Barrage+1","floor":35.0},{"not_picked":["Aggregate+1","Self Repair+1","Compile Driver+1","Steam+1"],"picked":"SKIP","floor":36.0},{"not_picked":["Chill+1","Rebound+1","Static Discharge+1"],"picked":"Reinforced Body+1","floor":38.0},{"not_picked":["Gash+1","Rebound+1","Leap+1","Auto Shields+1"],"picked":"SKIP","floor":39.0},{"not_picked":["Stack+1","Rebound+1","Cold Snap+1","Gash+1"],"picked":"SKIP","floor":40.0},{"not_picked":["Gash+1","Rebound+1","Steam+1"],"picked":"Tempest+1","floor":41.0},{"not_picked":["Force Field+1","Double Energy+1","Doom and Gloom+1"],"picked":"Amplify+1","floor":42.0},{"not_picked":["Go for the Eyes+1","Melter+1","Compile Driver+1","Chill+1"],"picked":"SKIP","floor":44.0},{"not_picked":["Sunder+1","Ball Lightning+1","Beam Cell+1","Chill+1"],"picked":"SKIP","floor":45.0},{"not_picked":["Defragment","Sweeping Beam+1","Meteor Strike+1"],"picked":"Glacier+1","floor":48.0},{"not_picked":["Heatsinks+1","Storm+1","Turbo+1"],"picked":"Thunder Strike+1","floor":54.0}],"player_experience":322169,"relics_obtained":[{"floor":6.0,"key":"Matryoshka"},{"floor":9.0,"key":"Molten Egg 2"},{"floor":9.0,"key":"Toxic Egg 2"},{"floor":10.0,"key":"StoneCalendar"},{"floor":11.0,"key":"Odd Mushroom"},{"floor":14.0,"key":"Orichalcum"},{"floor":23.0,"key":"Vajra"},{"floor":26.0,"key":"Boot"},{"floor":28.0,"key":"Question Card"},{"floor":40.0,"key":"Meat on the Bone"},{"floor":42.0,"key":"Torii"},{"floor":43.0,"key":"Pen Nib"},{"floor":45.0,"key":"Mummified Hand"},{"floor":48.0,"key":"Pantograph"},{"floor":54.0,"key":"Bag of Preparation"}],"event_choices":[{"cards_removed":["Strike_B"],"damage_healed":0.0,"max_hp_gain":0.0,"max_hp_loss":0.0,"gold_gain":0.0,"event_name":"Golden Wing","player_choice":"Card Removal","floor":4.0,"gold_loss":0.0,"damage_taken":7.0},{"damage_healed":0.0,"max_hp_gain":0.0,"max_hp_loss":0.0,"gold_gain":0.0,"event_name":"Mushrooms","player_choice":"Fought Mushrooms","floor":11.0,"gold_loss":0.0,"damage_taken":0.0},{"damage_healed":0.0,"max_hp_gain":0.0,"max_hp_loss":6.0,"gold_gain":0.0,"event_name":"Golden Idol","player_choice":"Lose Max HP","floor":13.0,"gold_loss":0.0,"damage_taken":0.0,"relics_obtained":["Golden Idol"]},{"damage_healed":0.0,"max_hp_gain":0.0,"max_hp_loss":23.0,"gold_gain":0.0,"event_name":"Vampires","player_choice":"Became a vampire","floor":19.0,"gold_loss":0.0,"damage_taken":0.0,"cards_obtained":["Bite","Bite","Bite","Bite","Bite"]},{"damage_healed":0.0,"max_hp_gain":0.0,"max_hp_loss":0.0,"gold_gain":0.0,"event_name":"Nest","player_choice":"Joined the Cult","floor":20.0,"gold_loss":0.0,"damage_taken":6.0,"cards_obtained":["RitualDagger"]},{"damage_healed":0.0,"max_hp_gain":0.0,"max_hp_loss":0.0,"gold_gain":0.0,"event_name":"Addict","player_choice":"Obtained Relic","floor":21.0,"gold_loss":85.0,"damage_taken":0.0,"relics_obtained":["Blood Vial"]},{"damage_healed":0.0,"max_hp_gain":0.0,"max_hp_loss":0.0,"gold_gain":0.0,"event_name":"Back to Basics","player_choice":"Simplicity","floor":25.0,"gold_loss":0.0,"damage_taken":0.0,"cards_upgraded":["Defend_B","Defend_B","Defend_B"]},{"damage_healed":0.0,"max_hp_gain":0.0,"max_hp_loss":0.0,"gold_gain":0.0,"event_name":"Accursed Blacksmith","player_choice":"Forge","floor":31.0,"gold_loss":0.0,"damage_taken":0.0,"cards_upgraded":["Defragment"]},{"damage_healed":0.0,"max_hp_gain":0.0,"max_hp_loss":0.0,"gold_gain":0.0,"event_name":"MindBloom","player_choice":"Fight","floor":42.0,"gold_loss":0.0,"damage_taken":0.0},{"damage_healed":0.0,"max_hp_gain":0.0,"max_hp_loss":3.0,"gold_gain":0.0,"event_name":"Winding Halls","player_choice":"Max HP","floor":46.0,"gold_loss":0.0,"damage_taken":0.0}],"is_beta":false,"boss_relics":[{"not_picked":["Busted Crown","Nuclear Battery"],"picked":"Fusion Hammer"},{"not_picked":["Lizard Tail","Empty Cage"],"picked":"Runic Pyramid"}],"items_purged_floors":[3,47],"is_endless":false,"potions_floor_spawned":[1,2,10,14,16,18,23,27,30,36,39,40,44],"ascension_level":8}