{"gold_per_floor":[114,129,15,27,47,80,80,80,80,80,6,30,45,77,77,153,153,169,189,189,189,202,234,234],"floor_reached":24,"playtime":1126,"items_purged":["Regret"],"score":602,"play_id":"7b03af1c-dbb6-4560-8c3b-1aa0c705a1eb","local_time":"20190815151920","is_ascension_mode":true,"campfire_choices":[{"floor":7.0,"key":"REST"},{"floor":10.0,"key":"REST"},{"data":"Catalyst","floor":15.0,"key":"SMITH"}],"neow_cost":"CURSE","seed_source_timestamp":23473247210600,"circlet_count":0,"master_deck":["AscendersBane","Strike_G","Strike_G","Strike_G","Strike_G","Strike_G","Defend_G","Defend_G","Defend_G","Defend_G","Defend_G","Survivor","Neutralize","Bouncing Flask","Noxious Fumes","Caltrops","Tools of the Trade","Bane","Dagger Spray","Pain","Masterful Stab","Poisoned Stab","Catalyst+1","Adrenaline","Dagger Throw","Cloak And Dagger","RitualDagger","Writhe","Deadly Poison","Terror"],"special_seed":0,"relics":["Ring of the Snake","Torii","Matryoshka","WarpedTongs","Mercury Hourglass","Shuriken","Frozen Egg 2","Centennial Puzzle","Pen Nib","Cursed Key","Darkstone Periapt","Bottled Tornado"],"potions_floor_usage":[24],"damage_taken":[{"damage":5.0,"enemies":"Jaw Worm","floor":1.0,"turns":6.0},{"damage":4.0,"enemies":"Cultist","floor":2.0,"turns":5.0},{"damage":8.0,"enemies":"2 Louse","floor":4.0,"turns":3.0},{"damage":10.0,"enemies":"Exordium Thugs","floor":5.0,"turns":5.0},{"damage":21.0,"enemies":"Gremlin Nob","floor":6.0,"turns":4.0},{"damage":4.0,"enemies":"Lots of Slimes","floor":13.0,"turns":3.0},{"damage":12.0,"enemies":"3 Sentries","floor":14.0,"turns":5.0},{"damage":1.0,"enemies":"Slime Boss","floor":16.0,"turns":5.0},{"damage":6.0,"enemies":"2 Thieves","floor":18.0,"turns":2.0},{"damage":0.0,"enemies":"Spheric Guardian","floor":19.0,"turns":3.0},{"damage":16.0,"enemies":"Centurion and Healer","floor":22.0,"turns":4.0},{"damage":0.0,"enemies":"Gremlin Leader","floor":23.0,"turns":3.0},{"damage":38,"enemies":"Cultist and Chosen","floor":24,"turns":5}],"seed_played":"-3065148078395818779","potions_obtained":[{"floor":1.0,"key":"SteroidPotion"},{"floor":2.0,"key":"GhostInAJar"},{"floor":5.0,"key":"Strength Potion"},{"floor":6.0,"key":"Energy Potion"},{"floor":18.0,"key":"FearPotion"},{"floor":23.0,"key":"Fire Potion"}],"is_trial":false,"path_per_floor":["M","M","$","M","M","E","R","?","T","R","$","T","M","E","R","B",null,"M","M","?","?","M","E","M"],"character_chosen":"THE_SILENT","items_purchased":["Caltrops","Masterful Stab"],"campfire_rested":2,"item_purchase_floors":[3,11],"current_hp_per_floor":[54,50,50,42,32,11,30,30,30,49,49,49,45,33,33,32,58,52,52,46,52,36,36,0],"gold":234,"neow_bonus":"ONE_RARE_RELIC","is_prod":false,"is_daily":false,"chose_seed":false,"campfire_upgraded":1,"win_rate":0,"timestamp":1565875160,"path_taken":["M","M","$","M","M","E","R","?","T","R","$","?","M","E","R","BOSS","M","M","?","?","?","E","M"],"build_version":"2019-07-17","purchased_purges":1,"victory":false,"max_hp_per_floor":[66,66,66,66,66,66,66,66,66,66,66,66,66,66,66,66,66,66,66,66,72,72,72,72],"card_choices":[{"not_picked":["Setup","Blade Dance"],"picked":"Bouncing Flask","floor":1.0},{"not_picked":["Dagger Spray","Dagger Throw"],"picked":"Noxious Fumes","floor":2.0},{"not_picked":["Blade Dance","Underhanded Strike"],"picked":"Tools of the Trade","floor":4.0},{"not_picked":["Expertise","Prepared"],"picked":"Bane","floor":5.0},{"not_picked":["Expertise","Setup"],"picked":"Dagger Spray","floor":6.0},{"not_picked":["Deadly Poison","Setup"],"picked":"Poisoned Stab","floor":13.0},{"not_picked":["Sucker Punch","Blur"],"picked":"Catalyst","floor":14.0},{"not_picked":["Grand Finale","Malaise"],"picked":"Adrenaline","floor":16.0},{"not_picked":["Poisoned Stab","Quick Slash"],"picked":"Dagger Throw","floor":18.0},{"not_picked":["All Out Attack","Poisoned Stab"],"picked":"Cloak And Dagger","floor":19.0},{"not_picked":["Caltrops+1","Concentrate"],"picked":"Deadly Poison","floor":22.0},{"not_picked":["Crippling Poison","Prepared"],"picked":"Terror","floor":23.0}],"player_experience":1020422,"relics_obtained":[{"floor":6.0,"key":"Matryoshka"},{"floor":9.0,"key":"Mercury Hourglass"},{"floor":9.0,"key":"Shuriken"},{"floor":12.0,"key":"Frozen Egg 2"},{"floor":12.0,"key":"Centennial Puzzle"},{"floor":14.0,"key":"Pen Nib"},{"floor":23.0,"key":"Bottled Tornado"}],"event_choices":[{"damage_healed":0.0,"max_hp_gain":0.0,"max_hp_loss":0.0,"gold_gain":0.0,"event_name":"Accursed Blacksmith","player_choice":"Rummage","floor":8.0,"gold_loss":0.0,"damage_taken":0.0,"relics_obtained":["WarpedTongs"],"cards_obtained":["Pain"]},{"damage_healed":0.0,"max_hp_gain":0.0,"max_hp_loss":0.0,"gold_gain":0.0,"event_name":"Nest","player_choice":"Joined the Cult","floor":20.0,"gold_loss":0.0,"damage_taken":6.0,"cards_obtained":["RitualDagger"]},{"damage_healed":0.0,"max_hp_gain":0.0,"max_hp_loss":0.0,"gold_gain":0.0,"event_name":"The Mausoleum","player_choice":"Opened","floor":21.0,"gold_loss":0.0,"damage_taken":0.0,"relics_obtained":["Darkstone Periapt"],"cards_obtained":["Writhe"]}],"is_beta":false,"boss_relics":[{"not_picked":["Empty Cage","Fusion Hammer"],"picked":"Cursed Key"}],"items_purged_floors":[3],"is_endless":false,"potions_floor_spawned":[1,2,5,6,18,23],"killed_by":"Cultist and Chosen","ascension_level":20}