{"gold_per_floor":[109,126,51,67,84,112,124,147,159,171,201,225,237,274,286,298],"floor_reached":16,"playtime":989,"items_purged":["Strike_B"],"score":104,"play_id":"a6a63e77-1d6c-4ebe-8122-81b9c27aa879","local_time":"20190716201211","is_ascension_mode":false,"campfire_choices":[{"floor":7,"key":"REST"},{"floor":13,"key":"REST"},{"floor":15,"key":"REST"}],"neow_cost":"NONE","seed_source_timestamp":677650700545283,"circlet_count":0,"master_deck":["Strike_B","Strike_B","Strike_B","Defend_B","Defend_B","Defend_B","Defend_B","Zap","Dualcast","Coolheaded","Beam Cell","Chill","Hologram","Go for the Eyes","Steam","Auto Shields"],"relics":["Cracked Core","NeowsBlessing","MawBank","Juzu Bracelet","Odd Mushroom"],"potions_floor_usage":[],"damage_taken":[{"damage":0,"enemies":"Cultist","floor":1,"turns":1},{"damage":0,"enemies":"2 Louse","floor":2,"turns":1},{"damage":0,"enemies":"Jaw Worm","floor":4,"turns":1},{"damage":9,"enemies":"Looter","floor":5,"turns":3},{"damage":45,"enemies":"Lagavulin","floor":6,"turns":10},{"damage":25,"enemies":"Large Slime","floor":8,"turns":9},{"damage":2,"enemies":"Exordium Wildlife","floor":11,"turns":5},{"damage":0,"enemies":"2 Fungi Beasts","floor":12,"turns":4},{"damage":3,"enemies":"The Mushroom Lair","floor":14,"turns":5},{"damage":65,"enemies":"Hexaghost","floor":16,"turns":15}],"seed_played":"1440076248063719535","potions_obtained":[{"floor":1,"key":"EssenceOfSteel"},{"floor":2,"key":"SkillPotion"},{"floor":8,"key":"Explosive Potion"}],"is_trial":false,"path_per_floor":["M","M","$","M","M","E","R","M","T","?","M","M","R","?","R","B"],"character_chosen":"DEFECT","items_purchased":[],"campfire_rested":3,"item_purchase_floors":[],"current_hp_per_floor":[75,75,75,75,66,21,43,18,18,18,16,16,38,35,57,0],"gold":298,"neow_bonus":"THREE_ENEMY_KILL","is_prod":false,"is_daily":false,"chose_seed":false,"campfire_upgraded":0,"win_rate":0.0,"timestamp":1563333131,"path_taken":["M","M","$","M","M","E","R","M","T","?","M","M","R","?","R","BOSS"],"build_version":"2019-07-05","purchased_purges":1,"victory":false,"max_hp_per_floor":[75,75,75,75,75,75,75,75,75,75,75,75,75,75,75,75],"card_choices":[{"not_picked":["Melter","Doom and Gloom"],"picked":"Coolheaded","floor":1},{"not_picked":["Steam Power","Leap"],"picked":"Beam Cell","floor":2},{"not_picked":["Conserve Battery","Genetic Algorithm"],"picked":"Chill","floor":4},{"not_picked":["Stack","Coolheaded","Leap"],"picked":"SKIP","floor":5},{"not_picked":["Redo","Conserve Battery","Genetic Algorithm"],"picked":"SKIP","floor":6},{"not_picked":["Barrage","Consume"],"picked":"Hologram","floor":8},{"not_picked":["Auto Shields","Self Repair"],"picked":"Go for the Eyes","floor":11},{"not_picked":["Barrage","Conserve Battery"],"picked":"Steam","floor":12},{"not_picked":["Ball Lightning","Double Energy"],"picked":"Auto Shields","floor":14}],"player_experience":139025,"relics_obtained":[{"floor":6,"key":"MawBank"},{"floor":9,"key":"Juzu Bracelet"},{"floor":14,"key":"Odd Mushroom"}],"event_choices":[{"damage_healed":0,"gold_gain":0,"player_choice":"Ignored","damage_taken":0,"max_hp_gain":0,"max_hp_loss":0,"event_name":"Liars Game","floor":10,"gold_loss":0},{"damage_healed":0,"gold_gain":0,"player_choice":"Fought Mushrooms","damage_taken":0,"max_hp_gain":0,"max_hp_loss":0,"event_name":"Mushrooms","floor":14,"gold_loss":0}],"is_beta":false,"boss_relics":[],"items_purged_floors":[3],"is_endless":false,"potions_floor_spawned":[1,2,8,14],"killed_by":"Hexaghost","ascension_level":0}