{"gold_per_floor":[109,284,38,38,56,88,88,115,115,135,135,147,147,172,172,300,300,323,248,271,95,95,95],"floor_reached":23,"playtime":911,"items_purged":["Doubt","Strike_R"],"score":299,"play_id":"bca4c581-f220-4734-8469-e05fa7af0e75","local_time":"20190516220942","is_ascension_mode":true,"campfire_choices":[{"data":"Armaments","floor":7,"key":"SMITH"},{"floor":11,"key":"REST"},{"data":"Disarm","floor":15,"key":"SMITH"}],"neow_cost":"NONE","seed_source_timestamp":171710133171464,"circlet_count":0,"master_deck":["AscendersBane","Strike_R","Defend_R","Defend_R","Defend_R","Defend_R","Bash","Blood for Blood","Headbutt","Reaper","Armaments+1","Disarm+1","Anger","Inflame","Shrug It Off","Thunderclap","Brutality","Corruption"],"relics":["Burning Blood","Darkstone Periapt","Boot","Strawberry","Golden Idol","Busted Crown"],"potions_floor_usage":[14,20,23,23],"damage_taken":[{"damage":2,"enemies":"Small Slimes","floor":1,"turns":5},{"damage":2,"enemies":"Jaw Worm","floor":5,"turns":5},{"damage":56,"enemies":"3 Sentries","floor":6,"turns":14},{"damage":30,"enemies":"Gremlin Nob","floor":8,"turns":4},{"damage":8,"enemies":"Cultist","floor":10,"turns":4},{"damage":20,"enemies":"Blue Slaver","floor":12,"turns":5},{"damage":15,"enemies":"Exordium Wildlife","floor":14,"turns":5},{"damage":20,"enemies":"Hexaghost","floor":16,"turns":10},{"damage":34,"enemies":"Shell Parasite","floor":18,"turns":4},{"damage":23,"enemies":"2 Thieves","floor":20,"turns":4},{"damage":69,"enemies":"Slavers","floor":23,"turns":5}],"seed_played":"3936963056600686545","potions_obtained":[{"floor":5,"key":"Energy Potion"},{"floor":6,"key":"Block Potion"},{"floor":14,"key":"Poison Potion"},{"floor":16,"key":"Swift Potion"},{"floor":20,"key":"EssenceOfSteel"}],"is_trial":false,"path_per_floor":["M","?","$","?","M","E","R","E","T","M","R","M","?","M","R","B",null,"M","?","M","$","?","E"],"character_chosen":"IRONCLAD","items_purchased":["Reaper","Armaments","Corruption"],"campfire_rested":1,"item_purchase_floors":[3,3,21],"current_hp_per_floor":[76,76,76,76,80,42,42,18,25,23,49,45,51,53,53,48,82,54,54,47,47,47,0],"gold":95,"neow_bonus":"TRANSFORM_CARD","is_prod":false,"is_daily":false,"chose_seed":false,"campfire_upgraded":2,"win_rate":0,"timestamp":1558058982,"path_taken":["M","?","$","?","M","E","R","E","T","M","R","?","?","M","R","BOSS","M","?","M","$","?","E"],"build_version":"2019-01-23","purchased_purges":2,"victory":false,"max_hp_per_floor":[80,80,80,80,80,80,80,80,87,87,87,87,93,93,93,93,93,93,93,93,93,93,93],"card_choices":[{"not_picked":["Sword Boomerang","Burning Pact"],"picked":"Headbutt","floor":1},{"not_picked":["Pommel Strike","Reckless Charge","Sever Soul"],"picked":"SKIP","floor":5},{"not_picked":["Exhume","Searing Blow"],"picked":"Anger","floor":6},{"not_picked":["Intimidate","True Grit"],"picked":"Inflame","floor":8},{"not_picked":["Perfected Strike","Clash"],"picked":"Shrug It Off","floor":10},{"not_picked":["Flex","Headbutt"],"picked":"Thunderclap","floor":12},{"not_picked":["Warcry","Headbutt","Perfected Strike"],"picked":"SKIP","floor":14},{"not_picked":["Fiend Fire","Barricade"],"picked":"Brutality","floor":16},{"not_picked":["Anger"],"picked":"SKIP","floor":18},{"not_picked":["Anger"],"picked":"SKIP","floor":20}],"player_experience":396700,"relics_obtained":[{"floor":6,"key":"Darkstone Periapt"},{"floor":8,"key":"Boot"},{"floor":9,"key":"Strawberry"}],"event_choices":[{"damage_healed":0,"gold_gain":175,"player_choice":"AGREE","damage_taken":0,"max_hp_gain":0,"max_hp_loss":0,"event_name":"Liars Game","floor":2,"gold_loss":0,"cards_obtained":["Doubt"]},{"damage_healed":0,"gold_gain":0,"cards_transformed":["Strike_R"],"player_choice":"Transformed","damage_taken":0,"max_hp_gain":0,"max_hp_loss":0,"event_name":"Transmorgrifier","floor":4,"gold_loss":0,"cards_obtained":["Disarm"]},{"damage_healed":0,"gold_gain":0,"player_choice":"Take Wound","damage_taken":0,"relics_obtained":["Golden Idol"],"max_hp_gain":0,"max_hp_loss":0,"event_name":"Golden Idol","floor":13,"gold_loss":0,"cards_obtained":["Injury"]},{"cards_removed":["Injury"],"damage_healed":0,"gold_gain":0,"player_choice":"Gave Gold","damage_taken":0,"max_hp_gain":0,"max_hp_loss":0,"event_name":"Beggar","floor":19,"gold_loss":75},{"cards_removed":["Strike_R"],"damage_healed":0,"gold_gain":0,"player_choice":"Purged","damage_taken":0,"max_hp_gain":0,"max_hp_loss":0,"event_name":"Purifier","floor":22,"gold_loss":0}],"is_beta":false,"boss_relics":[{"not_picked":["Runic Dome","Eternal Feather"],"picked":"Busted Crown"}],"items_purged_floors":[3,21],"is_endless":false,"potions_floor_spawned":[5,6,14,16,18,20],"killed_by":"Slavers","ascension_level":10}