{"gold_per_floor":[217,217,120,131,206,240,240,267,267,267,297,297,308,333,333,333],"floor_reached":16,"playtime":474,"items_purged":[],"score":191,"play_id":"84e1de86-eb36-433d-a1cd-a40fb513a2e6","local_time":"20190717222439","is_ascension_mode":true,"campfire_choices":[{"floor":7,"key":"REST"},{"floor":10,"key":"REST"},{"data":"Fission","floor":15,"key":"SMITH"}],"neow_cost":"NONE","seed_source_timestamp":429217671387145,"circlet_count":0,"master_deck":["AscendersBane","Strike_B","Strike_B","Strike_B","Defend_B","Defend_B","Defend_B","Defend_B","Zap","Dualcast","Compile Driver","Echo Form","Genetic Algorithm","Sweeping Beam","Fission+1"],"relics":["Cracked Core","Incense Burner","Orichalcum","Bird Faced Urn","Strawberry","Question Card"],"potions_floor_usage":[14,14,16],"damage_taken":[{"damage":1,"enemies":"Cultist","floor":1,"turns":4},{"damage":0,"enemies":"2 Louse","floor":4,"turns":2},{"damage":35,"enemies":"3 Sentries","floor":6,"turns":9},{"damage":26,"enemies":"Lagavulin","floor":8,"turns":6},{"damage":13,"enemies":"Small Slimes","floor":13,"turns":5},{"damage":10,"enemies":"Gremlin Nob","floor":14,"turns":3},{"damage":32,"enemies":"Hexaghost","floor":16,"turns":9}],"seed_played":"5908757026345960692","potions_obtained":[{"floor":13,"key":"Poison Potion"},{"floor":14,"key":"Regen Potion"}],"is_trial":false,"path_per_floor":["M","?","$","M","?","E","R","E","T","R","?","?","M","E","R","B"],"character_chosen":"DEFECT","items_purchased":["Fire Potion","Compile Driver"],"campfire_rested":2,"item_purchase_floors":[3,3],"current_hp_per_floor":[67,60,60,60,49,14,36,10,10,32,32,32,21,13,13,0],"gold":333,"neow_bonus":"HUNDRED_GOLD","is_prod":false,"is_daily":false,"chose_seed":false,"campfire_upgraded":1,"win_rate":0,"timestamp":1563416679,"path_taken":["M","?","$","M","?","E","R","E","T","R","?","?","M","E","R","BOSS"],"build_version":"2019-07-17","purchased_purges":0,"victory":false,"max_hp_per_floor":[75,75,75,75,75,75,75,75,75,75,75,82,82,82,82,82],"card_choices":[{"not_picked":["Hologram","Redo","Stack"],"picked":"SKIP","floor":1},{"not_picked":["Hologram","Turbo"],"picked":"Echo Form","floor":4},{"not_picked":["Sweeping Beam","Turbo"],"picked":"Genetic Algorithm","floor":6},{"not_picked":["Stack","Rip and Tear"],"picked":"Sweeping Beam","floor":8},{"not_picked":["Go for the Eyes","Sweeping Beam","Redo"],"picked":"SKIP","floor":13},{"not_picked":["Streamline","Chaos"],"picked":"Fission","floor":14}],"player_experience":700482,"relics_obtained":[{"floor":6,"key":"Incense Burner"},{"floor":8,"key":"Orichalcum"},{"floor":9,"key":"Bird Faced Urn"},{"floor":14,"key":"Question Card"}],"event_choices":[{"cards_removed":["Strike_B"],"damage_healed":0,"gold_gain":0,"player_choice":"Card Removal","damage_taken":7,"max_hp_gain":0,"max_hp_loss":0,"event_name":"Golden Wing","floor":2,"gold_loss":0},{"damage_healed":0,"gold_gain":75,"player_choice":"Gather Gold","damage_taken":11,"max_hp_gain":0,"max_hp_loss":0,"event_name":"World of Goop","floor":5,"gold_loss":0},{"damage_healed":0,"gold_gain":30,"player_choice":"Searched \u00271\u0027 times","damage_taken":0,"max_hp_gain":0,"max_hp_loss":0,"event_name":"Dead Adventurer","floor":11,"gold_loss":0},{"damage_healed":0,"gold_gain":0,"player_choice":"Success","damage_taken":7,"relics_obtained":["Strawberry"],"max_hp_gain":0,"max_hp_loss":0,"event_name":"Scrap Ooze","floor":12,"gold_loss":0}],"is_beta":false,"boss_relics":[],"items_purged_floors":[],"is_endless":false,"potions_floor_spawned":[13,14],"killed_by":"Hexaghost","ascension_level":13}