{"gold_per_floor":[117,131,131,148,160,189,189,189,189,189,221,241,258,277,277,277],"floor_reached":16,"playtime":432,"items_purged":[],"score":211,"play_id":"2a9ce180-5d56-4ab8-a3bc-08543c0c3246","local_time":"20190716205335","is_ascension_mode":true,"campfire_choices":[{"data":"Zap","floor":7,"key":"SMITH"},{"floor":15,"key":"REST"}],"neow_cost":"NONE","seed_source_timestamp":596240327820566,"circlet_count":0,"master_deck":["AscendersBane","Strike_B","Strike_B","Strike_B","Defend_B","Defend_B","Defend_B","Defend_B","Zap+1","Dualcast","Leap","Ball Lightning","Genetic Algorithm","Steam Power","Go for the Eyes","Parasite","Consume","Creative AI","Streamline","Rip and Tear"],"relics":["Cracked Core","PreservedInsect","Bronze Scales","Sundial","Dead Branch"],"potions_floor_usage":[5,6,11],"damage_taken":[{"damage":7,"enemies":"Jaw Worm","floor":1,"turns":3},{"damage":1,"enemies":"Cultist","floor":2,"turns":3},{"damage":0,"enemies":"2 Louse","floor":4,"turns":2},{"damage":12,"enemies":"Exordium Wildlife","floor":5,"turns":4},{"damage":13,"enemies":"Lagavulin","floor":6,"turns":6},{"damage":24,"enemies":"Gremlin Nob","floor":11,"turns":4},{"damage":2,"enemies":"2 Fungi Beasts","floor":12,"turns":3},{"damage":9,"enemies":"Red Slaver","floor":13,"turns":3},{"damage":6,"enemies":"Gremlin Gang","floor":14,"turns":3},{"damage":39,"enemies":"Slime Boss","floor":16,"turns":6}],"seed_played":"147513774446449033","potions_obtained":[{"floor":3,"key":"SkillPotion"},{"floor":3,"key":"Fruit Juice"},{"floor":5,"key":"GamblersBrew"},{"floor":6,"key":"Swift Potion"},{"floor":11,"key":"Ancient Potion"}],"is_trial":false,"path_per_floor":["M","M","?","M","M","E","R","?","T","?","E","M","M","M","R","B"],"character_chosen":"DEFECT","items_purchased":[],"campfire_rested":1,"item_purchase_floors":[],"current_hp_per_floor":[57,56,56,56,44,36,36,29,29,48,24,22,13,7,29,0],"gold":277,"neow_bonus":"RANDOM_COMMON_RELIC","is_prod":false,"is_daily":false,"chose_seed":false,"campfire_upgraded":1,"win_rate":0,"timestamp":1563328415,"path_taken":["M","M","?","?","M","E","R","?","T","?","E","M","?","M","R","BOSS"],"build_version":"2019-07-05","purchased_purges":0,"victory":false,"max_hp_per_floor":[71,71,71,71,71,76,76,76,76,76,76,76,76,76,76,76],"card_choices":[{"not_picked":["Redo","Hello World"],"picked":"Leap","floor":1},{"not_picked":["Steam","Leap"],"picked":"Ball Lightning","floor":2},{"not_picked":["Undo","Steam"],"picked":"Genetic Algorithm","floor":4},{"not_picked":["Rebound","Stack"],"picked":"Steam Power","floor":5},{"not_picked":["Heatsinks","Melter"],"picked":"Go for the Eyes","floor":6},{"not_picked":["Redo","Beam Cell"],"picked":"Consume","floor":11},{"not_picked":["Reinforced Body","Tempest"],"picked":"Creative AI","floor":12},{"not_picked":["Turbo","Go for the Eyes"],"picked":"Streamline","floor":13},{"not_picked":["Gash","Double Energy"],"picked":"Rip and Tear","floor":14}],"player_experience":382265,"relics_obtained":[{"floor":6,"key":"Bronze Scales"},{"floor":9,"key":"Sundial"},{"floor":11,"key":"Dead Branch"}],"event_choices":[{"damage_healed":0,"gold_gain":0,"player_choice":"Got Potions","damage_taken":0,"max_hp_gain":0,"max_hp_loss":0,"event_name":"Lab","floor":3,"gold_loss":0},{"cards_removed":["Strike_B"],"damage_healed":0,"gold_gain":0,"player_choice":"Card Removal","damage_taken":7,"max_hp_gain":0,"max_hp_loss":0,"event_name":"Golden Wing","floor":8,"gold_loss":0},{"damage_healed":19,"gold_gain":0,"player_choice":"Healed and dodged fight","damage_taken":0,"max_hp_gain":0,"max_hp_loss":0,"event_name":"Mushrooms","floor":10,"gold_loss":0,"cards_obtained":["Parasite"]}],"is_beta":false,"boss_relics":[],"items_purged_floors":[],"is_endless":false,"potions_floor_spawned":[5,6,11],"killed_by":"Slime Boss","ascension_level":17}