{"gold_per_floor":[119,50,63,16,16,16,42,42,124,153,164,182,208,228,228,228],"floor_reached":16,"playtime":853,"items_purged":[],"score":203,"play_id":"06773f3a-705b-4991-bf9d-7988e3217e58","local_time":"20190531212523","is_ascension_mode":true,"campfire_choices":[{"data":"Footwork","floor":6,"key":"SMITH"},{"data":"Neutralize","floor":8,"key":"SMITH"},{"floor":15,"key":"REST"}],"neow_cost":"NONE","seed_source_timestamp":1465125299196476,"circlet_count":0,"master_deck":["Defend_G","Defend_G","Defend_G","Defend_G","Defend_G","Strike_G","Strike_G","Strike_G","Strike_G","Survivor","Neutralize+1","Footwork+1","Caltrops","PiercingWail","Sucker Punch","Cloak And Dagger","PiercingWail","Backstab","Dodge and Roll","Leg Sweep"],"relics":["Ring of the Snake","NeowsBlessing","Pen Nib","Bottled Tornado","Gambling Chip","Turnip"],"potions_floor_usage":[16],"damage_taken":[{"damage":0,"enemies":"Cultist","floor":1,"turns":1},{"damage":0,"enemies":"Jaw Worm","floor":3,"turns":1},{"damage":0,"enemies":"Lagavulin","floor":7,"turns":1},{"damage":24,"enemies":"3 Sentries","floor":10,"turns":12},{"damage":1,"enemies":"Small Slimes","floor":11,"turns":5},{"damage":12,"enemies":"Exordium Thugs","floor":12,"turns":7},{"damage":12,"enemies":"Lagavulin","floor":13,"turns":10},{"damage":0,"enemies":"Red Slaver","floor":14,"turns":7},{"damage":30,"enemies":"Slime Boss","floor":16,"turns":10}],"seed_played":"2448284184910023135","potions_obtained":[{"floor":3,"key":"SkillPotion"},{"floor":13,"key":"FearPotion"},{"floor":14,"key":"Dexterity Potion"}],"is_trial":false,"path_per_floor":["M","$","M","$","?","R","E","R","T","E","M","M","E","M","R","B"],"character_chosen":"THE_SILENT","items_purchased":["Caltrops","PiercingWail"],"campfire_rested":1,"item_purchase_floors":[2,4],"current_hp_per_floor":[63,63,63,63,56,56,56,56,56,32,31,19,7,7,28,0],"gold":228,"neow_bonus":"THREE_ENEMY_KILL","is_prod":false,"is_daily":false,"chose_seed":false,"campfire_upgraded":2,"win_rate":0,"timestamp":1559352323,"path_taken":["M","$","M","?","?","R","E","R","T","E","M","M","E","M","R","BOSS"],"build_version":"2019-01-23","purchased_purges":0,"victory":false,"max_hp_per_floor":[70,70,70,70,70,70,70,70,70,70,70,70,70,70,70,70],"card_choices":[{"not_picked":["Slice","Sucker Punch"],"picked":"Footwork","floor":1},{"not_picked":["Accuracy","Prepared","Dagger Spray"],"picked":"SKIP","floor":3},{"not_picked":["Slice","Bullet Time"],"picked":"Sucker Punch","floor":7},{"not_picked":["Dagger Spray","Sucker Punch"],"picked":"Cloak And Dagger","floor":10},{"not_picked":["Dodge and Roll","Prepared"],"picked":"PiercingWail","floor":11},{"not_picked":["Tactician","Underhanded Strike"],"picked":"Backstab","floor":12},{"not_picked":["Escape Plan","Dash"],"picked":"Dodge and Roll","floor":13},{"not_picked":["Poisoned Stab","Quick Slash"],"picked":"Leg Sweep","floor":14}],"player_experience":548686,"relics_obtained":[{"floor":7,"key":"Pen Nib"},{"floor":9,"key":"Bottled Tornado"},{"floor":10,"key":"Gambling Chip"},{"floor":13,"key":"Turnip"}],"event_choices":[{"cards_removed":["Strike_G"],"damage_healed":0,"gold_gain":0,"player_choice":"Card Removal","damage_taken":7,"max_hp_gain":0,"max_hp_loss":0,"event_name":"Golden Wing","floor":5,"gold_loss":0}],"is_beta":false,"boss_relics":[],"items_purged_floors":[],"is_endless":false,"potions_floor_spawned":[3,13,14],"killed_by":"Slime Boss","ascension_level":8}