{"gold_per_floor":[109,127,145,145,165,165,199,199,269,298,298,317,329,329],"floor_reached":14,"playtime":577,"items_purged":[],"score":112,"play_id":"88c8785c-81c9-4af8-a687-b14ac08061be","local_time":"20190818145119","is_ascension_mode":true,"campfire_choices":[{"data":"Noxious Fumes","floor":6,"key":"SMITH"},{"data":"Neutralize","floor":8,"key":"SMITH"},{"data":"Deadly Poison","floor":11,"key":"SMITH"}],"neow_cost":"NONE","seed_source_timestamp":542759883512638,"circlet_count":0,"master_deck":["Strike_G","Strike_G","Strike_G","Strike_G","Strike_G","Defend_G","Defend_G","Defend_G","Defend_G","Defend_G","Survivor","Neutralize+1","PiercingWail","Deadly Poison+1","Noxious Fumes+1","Deadly Poison","Dash","Reflex+1"],"special_seed":0,"relics":["Ring of the Snake","Tingsha","Centennial Puzzle","Gremlin Horn","Toxic Egg 2"],"potions_floor_usage":[13,14,14],"damage_taken":[{"damage":1,"enemies":"Small Slimes","floor":1,"turns":5},{"damage":7,"enemies":"Jaw Worm","floor":2,"turns":6},{"damage":0,"enemies":"Cultist","floor":3,"turns":4},{"damage":1,"enemies":"Looter","floor":5,"turns":4},{"damage":22,"enemies":"Lagavulin","floor":7,"turns":7},{"damage":25,"enemies":"Gremlin Nob","floor":10,"turns":5},{"damage":4,"enemies":"Large Slime","floor":12,"turns":6},{"damage":6,"enemies":"Red Slaver","floor":13,"turns":4},{"damage":18,"enemies":"The Mushroom Lair","floor":14,"turns":2}],"seed_played":"-8982126618687972735","potions_obtained":[{"floor":7,"key":"LiquidBronze"},{"floor":10,"key":"LiquidBronze"},{"floor":13,"key":"Fruit Juice"}],"is_trial":false,"path_per_floor":["M","M","M","?","M","R","E","R","T","E","R","M","M","?"],"character_chosen":"THE_SILENT","items_purchased":[],"campfire_rested":0,"item_purchase_floors":[],"current_hp_per_floor":[76,69,69,66,65,65,43,43,43,18,18,14,13,0],"gold":329,"neow_bonus":"TEN_PERCENT_HP_BONUS","is_prod":false,"is_daily":false,"chose_seed":false,"campfire_upgraded":3,"win_rate":0,"timestamp":1566157879,"path_taken":["M","M","M","?","M","R","E","R","T","E","R","M","M","?"],"build_version":"2019-07-17","purchased_purges":0,"victory":false,"max_hp_per_floor":[77,77,77,77,77,77,77,77,77,77,77,77,82,82],"card_choices":[{"not_picked":["Bane","Slice"],"picked":"PiercingWail","floor":1},{"not_picked":["Dodge and Roll","Prepared"],"picked":"Deadly Poison","floor":2},{"not_picked":["Underhanded Strike","Doppelganger","Outmaneuver"],"picked":"SKIP","floor":3},{"not_picked":["Bouncing Flask","Acrobatics"],"picked":"Noxious Fumes","floor":5},{"not_picked":["PiercingWail","Outmaneuver"],"picked":"Deadly Poison","floor":7},{"not_picked":["Flying Knee","Deflect"],"picked":"Dash","floor":10},{"not_picked":["Expertise+1","Terror+1","Noxious Fumes"],"picked":"SKIP","floor":12},{"not_picked":["Bane","Masterful Stab"],"picked":"Reflex+1","floor":13}],"player_experience":164174,"relics_obtained":[{"floor":7,"key":"Centennial Puzzle"},{"floor":9,"key":"Gremlin Horn"},{"floor":10,"key":"Toxic Egg 2"}],"event_choices":[{"damage_healed":0,"gold_gain":0,"player_choice":"Success","damage_taken":3,"relics_obtained":["Tingsha"],"max_hp_gain":0,"max_hp_loss":0,"event_name":"Scrap Ooze","floor":4,"gold_loss":0},{"damage_healed":0,"gold_gain":0,"player_choice":"Fought Mushrooms","damage_taken":0,"max_hp_gain":0,"max_hp_loss":0,"event_name":"Mushrooms","floor":14,"gold_loss":0}],"is_beta":false,"boss_relics":[],"items_purged_floors":[],"is_endless":false,"potions_floor_spawned":[7,10,13],"killed_by":"The Mushroom Lair","ascension_level":2}