{"gold_per_floor":[112,187,6,24,24,59,76,76,76,2,2,2,19,33,33,33],"floor_reached":16,"playtime":511,"items_purged":[],"score":140,"play_id":"57bef9a5-e427-4683-8c28-1638dc97d8df","local_time":"20190615223457","is_ascension_mode":true,"campfire_choices":[{"floor":12,"key":"REST"},{"floor":15,"key":"REST"}],"neow_cost":"NONE","seed_source_timestamp":350643940209030,"circlet_count":0,"master_deck":["Strike_R","Strike_R","Strike_R","Strike_R","Strike_R","Defend_R","Defend_R","Defend_R","Defend_R","Bash","Shrug It Off","Spot Weakness","Dropkick","Clothesline","Uppercut","Limit Break","Infernal Blade","Limit Break","Rampage"],"relics":["Burning Blood","Bronze Scales","Du-Vu Doll","Prayer Wheel","Bag of Preparation"],"potions_floor_usage":[1,4,7,16,16],"damage_taken":[{"damage":0,"enemies":"2 Louse","floor":1,"turns":1},{"damage":7,"enemies":"Small Slimes","floor":4,"turns":3},{"damage":59,"enemies":"Lagavulin","floor":6,"turns":8},{"damage":7,"enemies":"Jaw Worm","floor":7,"turns":4},{"damage":17,"enemies":"Blue Slaver","floor":13,"turns":3},{"damage":22,"enemies":"Exordium Wildlife","floor":14,"turns":4},{"damage":46,"enemies":"Slime Boss","floor":16,"turns":8}],"seed_played":"1835765996944182018","potions_obtained":[{"floor":0,"key":"FairyPotion"},{"floor":0,"key":"Energy Potion"},{"floor":0,"key":"Explosive Potion"},{"floor":1,"key":"Ancient Potion"},{"floor":6,"key":"PowerPotion"},{"floor":14,"key":"Fire Potion"}],"is_trial":false,"path_per_floor":["M","?","$","M","?","E","M","T","T","$","$","R","M","M","R","B"],"character_chosen":"IRONCLAD","items_purchased":["Bronze Scales","Spot Weakness","Limit Break"],"campfire_rested":2,"item_purchase_floors":[3,3,10],"current_hp_per_floor":[78,67,67,66,66,13,12,12,12,12,12,36,25,9,33,0],"gold":33,"neow_bonus":"THREE_SMALL_POTIONS","is_prod":false,"is_daily":false,"chose_seed":false,"campfire_upgraded":0,"win_rate":0,"timestamp":1560656097,"path_taken":["M","?","$","M","?","E","M","?","T","?","$","R","M","M","R","BOSS"],"build_version":"2019-01-23","purchased_purges":0,"victory":false,"max_hp_per_floor":[80,80,80,80,80,80,80,80,80,80,80,80,80,80,80,80],"card_choices":[{"not_picked":["Thunderclap","Iron Wave"],"picked":"Shrug It Off","floor":1},{"not_picked":["Shrug It Off","Wild Strike"],"picked":"Dropkick","floor":4},{"not_picked":["Shrug It Off","Clash"],"picked":"Clothesline","floor":6},{"not_picked":["Sever Soul","True Grit"],"picked":"Uppercut","floor":7},{"not_picked":["Warcry","Searing Blow"],"picked":"Infernal Blade","floor":13},{"not_picked":["Fire Breathing","Burning Pact"],"picked":"Limit Break","floor":13},{"not_picked":["Cleave","True Grit"],"picked":"Rampage","floor":14},{"not_picked":["Cleave","Wild Strike","Clothesline"],"picked":"SKIP","floor":14}],"player_experience":199794,"relics_obtained":[{"floor":6,"key":"Du-Vu Doll"},{"floor":8,"key":"Prayer Wheel"},{"floor":9,"key":"Bag of Preparation"}],"event_choices":[{"damage_healed":0,"gold_gain":75,"player_choice":"Gather Gold","damage_taken":11,"max_hp_gain":0,"max_hp_loss":0,"event_name":"World of Goop","floor":2,"gold_loss":0},{"damage_healed":0,"gold_gain":0,"player_choice":"Ignored","damage_taken":0,"max_hp_gain":0,"max_hp_loss":0,"event_name":"Liars Game","floor":5,"gold_loss":0}],"is_beta":false,"boss_relics":[],"items_purged_floors":[],"is_endless":false,"potions_floor_spawned":[1,6,14],"killed_by":"Slime Boss","ascension_level":8}