{"gold_per_floor":[112,112,132,143,154,154,7,40,66,78,78,78,111,121,121,222,222,234,234,59,79,79,114,79,79,79,95,108,141,151,180,180,282,282,301,301,301,311,328,362,362],"floor_reached":41,"playtime":2214,"items_purged":["Pain","Parasite"],"score":662,"play_id":"f32c6ac4-ed1f-4adc-8b35-8c119cd38408","local_time":"20190602095427","is_ascension_mode":true,"campfire_choices":[{"data":"Neutralize","floor":6,"key":"SMITH"},{"floor":11,"key":"REST"},{"floor":15,"key":"REST"},{"floor":32,"key":"REST"}],"neow_cost":"NONE","seed_source_timestamp":1595105806850661,"circlet_count":0,"master_deck":["Defend_G","Defend_G","Defend_G","Defend_G","Defend_G","Strike_G","Strike_G","Strike_G","Strike_G","Strike_G","Survivor","Neutralize+1","Dagger Throw","Skewer","Well Laid Plans","Cloak And Dagger","Bouncing Flask","Crippling Poison","Burst","Bouncing Flask+1","Caltrops+1","Backflip+1","Blur","Injury","Caltrops+1","PiercingWail+1","Backflip+1","Wraith Form v2+1","Panacea","Finesse","PiercingWail","Noxious Fumes+1","Wraith Form v2+1"],"relics":["Ring of the Snake","WarpedTongs","Dream Catcher","Bronze Scales","Lantern","Cursed Key","Frozen Egg 2","Potion Belt","Bottled Lightning","Red Mask","Art of War","Fusion Hammer","Blood Vial"],"potions_floor_usage":[31,31,33,33,40],"damage_taken":[{"damage":11,"enemies":"Cultist","floor":1,"turns":5},{"damage":4,"enemies":"Small Slimes","floor":3,"turns":4},{"damage":5,"enemies":"Jaw Worm","floor":4,"turns":3},{"damage":3,"enemies":"Blue Slaver","floor":5,"turns":4},{"damage":19,"enemies":"Lagavulin","floor":8,"turns":9},{"damage":0,"enemies":"3 Louse","floor":10,"turns":3},{"damage":24,"enemies":"3 Sentries","floor":13,"turns":8},{"damage":1,"enemies":"Exordium Wildlife","floor":14,"turns":3},{"damage":11,"enemies":"Slime Boss","floor":16,"turns":8},{"damage":19,"enemies":"Spheric Guardian","floor":18,"turns":4},{"damage":0,"enemies":"Chosen","floor":21,"turns":4},{"damage":19,"enemies":"Book of Stabbing","floor":23,"turns":4},{"damage":0,"enemies":"Snecko","floor":27,"turns":3},{"damage":6,"enemies":"3 Cultists","floor":28,"turns":4},{"damage":3,"enemies":"Masked Bandits","floor":29,"turns":3},{"damage":17,"enemies":"Centurion and Healer","floor":30,"turns":6},{"damage":24,"enemies":"Slavers","floor":31,"turns":5},{"damage":20,"enemies":"Automaton","floor":33,"turns":12},{"damage":0,"enemies":"Orb Walker","floor":35,"turns":4},{"damage":9,"enemies":"3 Darklings","floor":38,"turns":4},{"damage":21,"enemies":"Jaw Worm Horde","floor":39,"turns":4},{"damage":13,"enemies":"Reptomancer","floor":40,"turns":6},{"damage":13,"enemies":"Transient","floor":41,"turns":1}],"seed_played":"2451290159574334986","potions_obtained":[{"floor":3,"key":"Swift Potion"},{"floor":4,"key":"SkillPotion"},{"floor":5,"key":"Swift Potion"},{"floor":12,"key":"Strength Potion"},{"floor":28,"key":"Strength Potion"},{"floor":31,"key":"EssenceOfSteel"},{"floor":35,"key":"EssenceOfSteel"},{"floor":39,"key":"LiquidBronze"}],"is_trial":false,"path_per_floor":["M","?","M","M","M","R","$","E","T","M","R","?","E","M","R","B",null,"M","T","$","M","?","E","$","?","T","M","M","?","M","E","R","B",null,"M","?","?","M","M","E","M"],"character_chosen":"THE_SILENT","items_purchased":["Well Laid Plans","Caltrops+1","Blur"],"campfire_rested":3,"item_purchase_floors":[7,20,24],"current_hp_per_floor":[59,59,55,50,47,47,47,28,28,28,51,51,27,26,49,38,67,48,48,48,48,72,53,53,53,53,53,47,44,27,3,25,5,57,57,57,47,38,17,4,0],"gold":362,"neow_bonus":"TEN_PERCENT_HP_BONUS","is_prod":false,"is_daily":false,"chose_seed":false,"campfire_upgraded":1,"win_rate":0,"timestamp":1559483667,"path_taken":["M","?","M","?","M","R","$","E","T","M","R","?","E","M","R","BOSS","M","?","$","M","?","E","?","?","T","M","M","?","M","E","R","BOSS","M","?","?","M","?","E","M"],"build_version":"2019-01-23","purchased_purges":2,"victory":false,"max_hp_per_floor":[77,77,77,77,77,77,77,77,77,77,77,77,77,77,77,77,77,77,77,74,74,74,74,74,74,74,74,74,74,74,74,74,74,74,74,74,74,74,74,74,74],"card_choices":[{"not_picked":["Sucker Punch","Endless Agony"],"picked":"Dagger Throw","floor":1},{"not_picked":["Deflect","Acrobatics"],"picked":"Skewer","floor":3},{"not_picked":["Blade Dance","Flechettes","Poisoned Stab"],"picked":"SKIP","floor":4},{"not_picked":["Catalyst","Riddle With Holes","Setup"],"picked":"SKIP","floor":5},{"not_picked":["Outmaneuver","Choke"],"picked":"Cloak And Dagger","floor":8},{"not_picked":["Choke","Heel Hook","Outmaneuver"],"picked":"SKIP","floor":10},{"not_picked":["Outmaneuver","Blade Dance"],"picked":"Bouncing Flask","floor":11},{"not_picked":["Slice","Venomology","Underhanded Strike"],"picked":"SKIP","floor":13},{"not_picked":["Sucker Punch","Infinite Blades"],"picked":"Crippling Poison","floor":14},{"not_picked":["Doppelganger","Glass Knife"],"picked":"Burst","floor":16},{"not_picked":["Prepared","Flying Knee"],"picked":"Bouncing Flask+1","floor":18},{"not_picked":["Prepared","Blade Dance","Quick Slash"],"picked":"SKIP","floor":21},{"not_picked":["Outmaneuver","Bullet Time"],"picked":"Backflip+1","floor":23},{"not_picked":["Dagger Throw+1","Expertise"],"picked":"Caltrops+1","floor":27},{"not_picked":["Riddle With Holes","Underhanded Strike"],"picked":"PiercingWail+1","floor":28},{"not_picked":["Bane+1","Masterful Stab","Outmaneuver"],"picked":"SKIP","floor":30},{"not_picked":["Envenom+1","Outmaneuver"],"picked":"Backflip+1","floor":31},{"not_picked":["Bullet Time","Night Terror"],"picked":"Wraith Form v2+1","floor":33},{"not_picked":["Cloak And Dagger","Bane","Heel Hook"],"picked":"SKIP","floor":35},{"not_picked":["Bandage Up","Finesse"],"picked":"Panacea","floor":37},{"not_picked":["Deep Breath","Chrysalis"],"picked":"Finesse","floor":37},{"not_picked":["Cloak And Dagger","Dagger Spray"],"picked":"PiercingWail","floor":38},{"not_picked":["Flying Knee+1","Bouncing Flask"],"picked":"Noxious Fumes+1","floor":39},{"not_picked":["Acrobatics+1","PiercingWail+1"],"picked":"Wraith Form v2+1","floor":40}],"player_experience":566201,"relics_obtained":[{"floor":8,"key":"Dream Catcher"},{"floor":9,"key":"Bronze Scales"},{"floor":13,"key":"Lantern"},{"floor":19,"key":"Frozen Egg 2"},{"floor":23,"key":"Potion Belt"},{"floor":26,"key":"Bottled Lightning"},{"floor":29,"key":"Red Mask"},{"floor":31,"key":"Art of War"},{"floor":40,"key":"Blood Vial"}],"event_choices":[{"damage_healed":0,"gold_gain":0,"player_choice":"Rummage","damage_taken":0,"relics_obtained":["WarpedTongs"],"max_hp_gain":0,"max_hp_loss":0,"event_name":"Accursed Blacksmith","floor":2,"gold_loss":0,"cards_obtained":["Pain"]},{"damage_healed":0,"gold_gain":0,"player_choice":"Got Potions","damage_taken":0,"max_hp_gain":0,"max_hp_loss":0,"event_name":"Lab","floor":12,"gold_loss":0},{"damage_healed":24,"gold_gain":0,"player_choice":"Heal","damage_taken":0,"max_hp_gain":0,"max_hp_loss":0,"event_name":"The Library","floor":22,"gold_loss":0},{"damage_healed":0,"gold_gain":0,"player_choice":"Ignored","damage_taken":0,"max_hp_gain":0,"max_hp_loss":0,"event_name":"Vampires","floor":25,"gold_loss":0},{"damage_healed":0,"gold_gain":0,"player_choice":"Fought Bandits","damage_taken":0,"max_hp_gain":0,"max_hp_loss":0,"event_name":"Masked Bandits","floor":29,"gold_loss":0},{"damage_healed":0,"gold_gain":0,"player_choice":"Ignored","damage_taken":0,"max_hp_gain":0,"max_hp_loss":0,"event_name":"Mysterious Sphere","floor":36,"gold_loss":0},{"damage_healed":0,"gold_gain":0,"player_choice":"Memory 3","damage_taken":10,"max_hp_gain":0,"max_hp_loss":0,"event_name":"SensoryStone","floor":37,"gold_loss":0}],"is_beta":false,"boss_relics":[{"not_picked":["Empty Cage","Ring of the Serpent"],"picked":"Cursed Key"},{"not_picked":["Pandora\u0027s Box","Coffee Dripper"],"picked":"Fusion Hammer"}],"items_purged_floors":[7,20],"is_endless":false,"potions_floor_spawned":[3,4,5,13,14,21,28,31,35,39],"killed_by":"Transient","ascension_level":8}