{"gold_per_floor":[114,0,0,17,35,35,62,62,87,119,131,131,141,167,167,272,272,285,210,223,243,133,158,158,158,158,257,157,171,181,213,213,316,316,334,174,184,198,214,214,239,239,239,258,258,278,278,128,128,128,128,128,48,83,83],"floor_reached":56,"playtime":2749,"items_purged":["Strike_G","Strike_G","Strike_G","Strike_G"],"score":1612,"play_id":"d581907f-fd88-4841-b5d1-81e919c9561a","local_time":"20190604222008","is_ascension_mode":true,"campfire_choices":[{"data":"Bouncing Flask","floor":6,"key":"SMITH"},{"data":"Bouncing Flask","floor":12,"key":"SMITH"},{"floor":15,"key":"REST"},{"floor":25,"key":"REST"},{"floor":32,"key":"REST"},{"data":"Wraith Form v2","floor":40,"key":"SMITH"},{"floor":42,"key":"REST"},{"floor":47,"key":"RECALL"},{"floor":49,"key":"REST"},{"data":"Neutralize","floor":52,"key":"SMITH"}],"neow_cost":"NONE","seed_source_timestamp":1812098049151358,"circlet_count":0,"master_deck":["Defend_G","Defend_G","Defend_G","Defend_G","Defend_G","Survivor","Neutralize+1","Bouncing Flask+1","Dagger Spray","Bouncing Flask+1","Backstab","Deflect+1","Wraith Form v2+1","PiercingWail+1","Cloak And Dagger+1","Backflip+1","Footwork+1","Malaise+1","Noxious Fumes+1","Crippling Poison+1","Predator+1","Catalyst+1","PiercingWail+1","Caltrops","PiercingWail+1"],"relics":["Ring of the Snake","Strawberry","Toxic Egg 2","Potion Belt","Omamori","Mercury Hourglass","Velvet Choker","Tingsha","Shuriken","Blood Vial","Cursed Key","Paper Crane","Orichalcum"],"potions_floor_usage":[10,23,31,54,55,55],"damage_taken":[{"damage":3,"enemies":"2 Louse","floor":1,"turns":4},{"damage":6,"enemies":"Cultist","floor":4,"turns":4},{"damage":6,"enemies":"Jaw Worm","floor":5,"turns":4},{"damage":17,"enemies":"Lagavulin","floor":7,"turns":5},{"damage":14,"enemies":"3 Sentries","floor":10,"turns":7},{"damage":0,"enemies":"3 Louse","floor":11,"turns":2},{"damage":3,"enemies":"Looter","floor":13,"turns":2},{"damage":20,"enemies":"Lagavulin","floor":14,"turns":5},{"damage":6,"enemies":"Hexaghost","floor":16,"turns":8},{"damage":11,"enemies":"Spheric Guardian","floor":18,"turns":4},{"damage":0,"enemies":"Chosen","floor":20,"turns":4},{"damage":18,"enemies":"Snake Plant","floor":21,"turns":3},{"damage":5,"enemies":"Slavers","floor":23,"turns":6},{"damage":0,"enemies":"Snecko","floor":29,"turns":5},{"damage":4,"enemies":"3 Cultists","floor":30,"turns":5},{"damage":9,"enemies":"Book of Stabbing","floor":31,"turns":6},{"damage":56,"enemies":"Collector","floor":33,"turns":9},{"damage":2,"enemies":"3 Shapes","floor":35,"turns":5},{"damage":7,"enemies":"3 Darklings","floor":37,"turns":5},{"damage":10,"enemies":"Sphere and 2 Shapes","floor":38,"turns":5},{"damage":9,"enemies":"Transient","floor":39,"turns":5},{"damage":19,"enemies":"Giant Head","floor":41,"turns":8},{"damage":11,"enemies":"Writhing Mass","floor":44,"turns":4},{"damage":6,"enemies":"Jaw Worm Horde","floor":46,"turns":4},{"damage":66,"enemies":"Awakened One","floor":50,"turns":18},{"damage":49,"enemies":"Shield and Spear","floor":54,"turns":6},{"damage":68,"enemies":"The Heart","floor":55,"turns":8}],"seed_played":"-878089443104304330","potions_obtained":[{"floor":4,"key":"Fire Potion"},{"floor":10,"key":"AttackPotion"},{"floor":16,"key":"FairyPotion"},{"floor":21,"key":"FearPotion"},{"floor":23,"key":"PowerPotion"},{"floor":30,"key":"GhostInAJar"},{"floor":35,"key":"Explosive Potion"},{"floor":38,"key":"Energy Potion"},{"floor":44,"key":"Ancient Potion"},{"floor":54,"key":"PowerPotion"}],"is_trial":false,"path_per_floor":["M","?","$","M","M","R","E","$","T","E","M","R","M","E","R","B",null,"M","?","M","M","$","E","?","R","T","?","$","M","M","E","R","B",null,"M","$","M","M","M","R","E","R","T","M","?","M","R","$","R","B",null,"R","$","E","B",null],"character_chosen":"THE_SILENT","items_purchased":["Footwork","Crippling Poison+1","Caltrops"],"campfire_rested":5,"item_purchase_floors":[22,36,53],"current_hp_per_floor":[67,74,74,68,62,62,45,45,45,31,31,31,28,8,33,27,70,59,59,59,41,41,36,20,46,46,46,46,46,42,33,59,5,68,68,68,63,55,48,48,31,57,57,48,48,44,44,44,70,6,68,68,68,21,8],"gold":83,"neow_bonus":"TEN_PERCENT_HP_BONUS","is_prod":false,"is_daily":false,"chose_seed":false,"campfire_upgraded":4,"win_rate":0,"timestamp":1559701208,"path_taken":["M","?","?","M","?","R","E","$","T","E","M","R","M","E","R","BOSS","M","?","M","M","$","E","?","R","T","?","?","?","M","E","R","BOSS","M","$","?","M","M","R","E","R","T","M","?","M","R","?","R","BOSS","R","$","E","BOSS"],"build_version":"2019-01-23","purchased_purges":4,"victory":true,"max_hp_per_floor":[77,84,84,84,84,84,84,84,84,84,84,84,84,84,84,84,84,84,84,84,84,84,84,89,89,89,89,89,89,89,89,89,89,89,89,89,89,89,89,89,89,89,89,89,89,89,89,89,89,89,89,89,89,89,89],"card_choices":[{"not_picked":["Flying Knee","Catalyst"],"picked":"Bouncing Flask","floor":1},{"not_picked":["Backflip","Underhanded Strike"],"picked":"Dagger Spray","floor":4},{"not_picked":["Underhanded Strike","Sucker Punch"],"picked":"Bouncing Flask","floor":5},{"not_picked":["Infinite Blades","Underhanded Strike"],"picked":"Backstab","floor":7},{"not_picked":["Endless Agony","Tactician+1","Quick Slash"],"picked":"SKIP","floor":10},{"not_picked":["Distraction+1","Infinite Blades"],"picked":"Deflect+1","floor":11},{"not_picked":["Underhanded Strike","Poisoned Stab","Predator"],"picked":"SKIP","floor":13},{"not_picked":["Quick Slash","Backstab","Riddle With Holes"],"picked":"SKIP","floor":14},{"not_picked":["Venomology+1","Die Die Die"],"picked":"Wraith Form v2","floor":16},{"not_picked":["Slice","Quick Slash+1"],"picked":"PiercingWail+1","floor":18},{"not_picked":["Poisoned Stab","Sucker Punch"],"picked":"Cloak And Dagger+1","floor":20},{"not_picked":["Heel Hook","Endless Agony"],"picked":"Backflip+1","floor":21},{"not_picked":["Deflect+1","Distraction+1","Dagger Spray+1"],"picked":"SKIP","floor":23},{"not_picked":["Concentrate+1","Heel Hook","Dagger Throw+1"],"picked":"SKIP","floor":29},{"not_picked":["Slice","Heel Hook+1","Blade Dance+1"],"picked":"SKIP","floor":30},{"not_picked":["Flechettes","Deadly Poison+1","Distraction+1"],"picked":"SKIP","floor":31},{"not_picked":["Die Die Die","After Image"],"picked":"Malaise+1","floor":33},{"not_picked":["Blade Dance+1","Blur+1"],"picked":"Noxious Fumes+1","floor":35},{"not_picked":["Prepared+1","Acrobatics+1","Accuracy+1"],"picked":"SKIP","floor":37},{"not_picked":["Expertise+1","Sucker Punch"],"picked":"Predator+1","floor":38},{"not_picked":["Flying Knee+1","Dagger Throw"],"picked":"Catalyst+1","floor":39},{"not_picked":["Outmaneuver+1","Blade Dance+1"],"picked":"PiercingWail+1","floor":41},{"not_picked":["Bane+1","Quick Slash+1","Dagger Spray+1"],"picked":"SKIP","floor":44},{"not_picked":["Flying Knee","Backstab","Backflip+1"],"picked":"SKIP","floor":46},{"not_picked":["Bouncing Flask+1","Quick Slash"],"picked":"PiercingWail+1","floor":54}],"player_experience":571885,"relics_obtained":[{"floor":7,"key":"Toxic Egg 2"},{"floor":9,"key":"Potion Belt"},{"floor":10,"key":"Omamori"},{"floor":14,"key":"Mercury Hourglass"},{"floor":23,"key":"Tingsha"},{"floor":26,"key":"Shuriken"},{"floor":31,"key":"Blood Vial"},{"floor":41,"key":"Paper Crane"},{"floor":54,"key":"Orichalcum"}],"event_choices":[{"damage_healed":0,"gold_gain":0,"player_choice":"Paid Gold","damage_taken":0,"relics_obtained":["Strawberry"],"max_hp_gain":0,"max_hp_loss":0,"event_name":"WeMeetAgain","floor":2,"gold_loss":114},{"cards_removed":["Strike_G"],"damage_healed":0,"gold_gain":0,"player_choice":"Gave Gold","damage_taken":0,"max_hp_gain":0,"max_hp_loss":0,"event_name":"Beggar","floor":19,"gold_loss":75},{"damage_healed":0,"gold_gain":0,"player_choice":"Shed Blood","damage_taken":21,"max_hp_gain":5,"max_hp_loss":0,"event_name":"Forgotten Altar","floor":24,"gold_loss":0},{"damage_healed":0,"gold_gain":99,"player_choice":"Stole From Cult","damage_taken":0,"max_hp_gain":0,"max_hp_loss":0,"event_name":"Nest","floor":27,"gold_loss":0},{"damage_healed":0,"gold_gain":0,"player_choice":"Upgraded","damage_taken":0,"max_hp_gain":0,"max_hp_loss":0,"event_name":"Upgrade Shrine","floor":45,"gold_loss":0,"cards_upgraded":["Footwork"]}],"is_beta":false,"boss_relics":[{"not_picked":["Astrolabe","WristBlade"],"picked":"Velvet Choker"},{"not_picked":["Ring of the Serpent","Eternal Feather"],"picked":"Cursed Key"}],"items_purged_floors":[22,28,36,48],"is_endless":false,"potions_floor_spawned":[4,10,16,21,23,30,35,38,44,54],"ascension_level":8}