{"gold_per_floor":[112,112,112,122,47,81,99,99,99,134,1,14,48,48,48,125,125,141,341,361,377,392,392,421,437,488,514,7,24,24,24,24,95,95,106,86,105,3,17,50,50,66,66,100,23,23,35,67,67,67,67,67,67,12,39,39],"floor_reached":56,"playtime":4675,"items_purged":["Regret","Strike_G"],"score":2140,"play_id":"4f9c18e3-84dd-4499-a1ab-c7629beeadcd","local_time":"20190815130708","is_ascension_mode":true,"campfire_choices":[{"data":"Neutralize","floor":8.0,"key":"SMITH"},{"floor":15.0,"key":"RECALL"},{"data":"Dash","floor":23.0,"key":"SMITH"},{"data":"Footwork","floor":30.0,"key":"SMITH"},{"floor":32.0,"key":"REST"},{"data":"A Thousand Cuts","floor":41.0,"key":"SMITH"},{"floor":49.0,"key":"REST"},{"floor":53.0,"key":"REST"}],"neow_cost":"NONE","seed_source_timestamp":0,"circlet_count":0,"master_deck":["AscendersBane","Strike_G","Strike_G","Strike_G","Strike_G","Defend_G","Defend_G","Defend_G","Defend_G","Defend_G","Survivor","Neutralize+1","Backflip","Heel Hook","Deadly Poison+1","Deadly Poison+1","Cloak And Dagger+1","Terror+1","Crippling Poison+1","Dash+1","Bullet Time+1","Blade Dance+1","Cloak And Dagger+1","Calculated Gamble+1","PiercingWail+1","Outmaneuver+1","Bouncing Flask+1","Envenom","Bullet Time+1","Footwork+1","Acrobatics+1","Eviscerate","Dodge and Roll+1","A Thousand Cuts+1","Backstab+1","Forethought+1","Blade Dance+1","Finisher","Prepared+1","Leg Sweep+1","PiercingWail+1","Concentrate+1","Crippling Poison+1"],"special_seed":0,"relics":["Ring of the Snake","NeowsBlessing","Toxic Egg 2","FaceOfCleric","StoneCalendar","Shuriken","Bronze Scales","Boot","Runic Pyramid","Incense Burner","PreservedInsect","Pen Nib","DollysMirror","Enchiridion","Lizard Tail","Strawberry","Happy Flower","Snake Skull","Centennial Puzzle"],"potions_floor_usage":[56],"damage_taken":[{"damage":0.0,"enemies":"Small Slimes","floor":1.0,"turns":1.0},{"damage":0.0,"enemies":"2 Louse","floor":4.0,"turns":1.0},{"damage":0.0,"enemies":"Gremlin Nob","floor":6.0,"turns":1.0},{"damage":0.0,"enemies":"Cultist","floor":7.0,"turns":4.0},{"damage":25.0,"enemies":"3 Sentries","floor":10.0,"turns":7.0},{"damage":0.0,"enemies":"Exordium Thugs","floor":12.0,"turns":5.0},{"damage":0.0,"enemies":"Gremlin Nob","floor":13.0,"turns":3.0},{"damage":6.0,"enemies":"Hexaghost","floor":16.0,"turns":7.0},{"damage":14.0,"enemies":"Shell Parasite","floor":18.0,"turns":4.0},{"damage":4.0,"enemies":"2 Thieves","floor":20.0,"turns":4.0},{"damage":1.0,"enemies":"Cultist and Chosen","floor":21.0,"turns":5.0},{"damage":0.0,"enemies":"Centurion and Healer","floor":22.0,"turns":4.0},{"damage":4.0,"enemies":"Slavers","floor":24.0,"turns":3.0},{"damage":0.0,"enemies":"Snake Plant","floor":25.0,"turns":3.0},{"damage":0.0,"enemies":"Gremlin Leader","floor":27.0,"turns":5.0},{"damage":0.0,"enemies":"Snecko","floor":29.0,"turns":4.0},{"damage":24.0,"enemies":"Champ","floor":33.0,"turns":7.0},{"damage":2.0,"enemies":"Orb Walker","floor":35.0,"turns":5.0},{"damage":9.0,"enemies":"3 Shapes","floor":37.0,"turns":5.0},{"damage":0.0,"enemies":"3 Darklings","floor":39.0,"turns":5.0},{"damage":16.0,"enemies":"Reptomancer","floor":40.0,"turns":6.0},{"damage":3.0,"enemies":"4 Shapes","floor":42.0,"turns":6.0},{"damage":30.0,"enemies":"Giant Head","floor":44.0,"turns":7.0},{"damage":0.0,"enemies":"Jaw Worm Horde","floor":47.0,"turns":4.0},{"damage":27.0,"enemies":"Nemesis","floor":48.0,"turns":5.0},{"damage":60.0,"enemies":"Awakened One","floor":50.0,"turns":12.0},{"damage":53.0,"enemies":"Donu and Deca","floor":51.0,"turns":7.0},{"damage":32.0,"enemies":"Shield and Spear","floor":55.0,"turns":8.0},{"damage":96,"enemies":"The Heart","floor":56,"turns":5}],"seed_played":"4529069494928056461","potions_obtained":[{"floor":1.0,"key":"Swift Potion"},{"floor":6.0,"key":"SteroidPotion"},{"floor":12.0,"key":"Energy Potion"},{"floor":13.0,"key":"GamblersBrew"},{"floor":21.0,"key":"Weak Potion"},{"floor":22.0,"key":"Fire Potion"},{"floor":24.0,"key":"Ancient Potion"},{"floor":25.0,"key":"EntropicBrew"},{"floor":36.0,"key":"SteroidPotion"},{"floor":48.0,"key":"Energy Potion"},{"floor":55.0,"key":"Regen Potion"}],"is_trial":false,"path_per_floor":["M","?","?","M","$","E","M","R","T","E","$","M","E","$","R","B",null,"M","?","M","M","M","R","E","M","T","E","$","M","R","?","R","B",null,"M","?","M","$","M","E","R","M","T","E","$","?","M","E","R","B","B",null,"R","$","E","B"],"character_chosen":"THE_SILENT","items_purchased":["Terror+1","SkillPotion","DollysMirror","Footwork","Acrobatics+1","Eviscerate","Forethought+1","Leg Sweep+1","Swift Potion"],"campfire_rested":3,"item_purchase_floors":[11,11,28,28,28,28,38,45,54],"current_hp_per_floor":[59,59,59,60,60,61,62,62,62,38,38,39,40,40,40,35,64,51,51,48,48,49,49,46,47,47,48,48,49,49,28,52,29,69,68,68,60,60,61,53,53,51,51,22,22,78,79,53,77,18,12,65,82,82,51,0],"gold":39,"neow_bonus":"THREE_ENEMY_KILL","is_prod":false,"is_daily":false,"chose_seed":false,"campfire_upgraded":4,"win_rate":0,"timestamp":1565867228,"path_taken":["M","?","?","M","$","E","M","R","T","E","$","M","E","$","R","BOSS","M","?","?","M","M","R","E","M","T","E","$","M","R","?","R","BOSS","M","?","M","?","M","E","R","M","T","E","$","?","M","E","R","BOSS","BOSS","R","$","E","BOSS"],"build_version":"2019-07-17","purchased_purges":2,"victory":false,"max_hp_per_floor":[66,66,66,67,67,68,69,69,69,70,70,71,72,72,72,73,73,74,74,75,76,77,77,78,79,79,80,80,81,81,81,81,82,82,83,83,84,84,85,93,93,94,94,95,95,78,79,80,80,81,82,82,82,82,83,83],"card_choices":[{"not_picked":["Underhanded Strike","Distraction"],"picked":"Backflip","floor":1.0},{"not_picked":["Dodge and Roll+1","Masterful Stab"],"picked":"Heel Hook","floor":4.0},{"not_picked":["Prepared+1","PiercingWail+1"],"picked":"Deadly Poison+1","floor":6.0},{"not_picked":["Backstab","Deflect+1"],"picked":"Deadly Poison+1","floor":7.0},{"not_picked":["Underhanded Strike","Flying Knee"],"picked":"Cloak And Dagger+1","floor":10.0},{"not_picked":["Prepared+1","Heel Hook"],"picked":"Crippling Poison+1","floor":12.0},{"not_picked":["Acrobatics+1","Grand Finale"],"picked":"Dash","floor":13.0},{"not_picked":["Glass Knife","Die Die Die"],"picked":"Bullet Time+1","floor":16.0},{"not_picked":["Calculated Gamble+1","Quick Slash"],"picked":"Blade Dance+1","floor":18.0},{"not_picked":["Catalyst+1","Crippling Poison+1"],"picked":"Cloak And Dagger+1","floor":20.0},{"not_picked":["Bane","Prepared+1"],"picked":"Calculated Gamble+1","floor":21.0},{"not_picked":["Quick Slash","Acrobatics+1"],"picked":"PiercingWail+1","floor":22.0},{"not_picked":["Unload","Eviscerate"],"picked":"Outmaneuver+1","floor":24.0},{"not_picked":["Prepared+1","Sucker Punch"],"picked":"Bouncing Flask+1","floor":25.0},{"not_picked":["Accuracy","Eviscerate"],"picked":"Envenom","floor":27.0},{"not_picked":["Quick Slash","Slice"],"picked":"Dodge and Roll+1","floor":29.0},{"not_picked":["Burst+1","Bullet Time+1"],"picked":"A Thousand Cuts","floor":33.0},{"not_picked":["Dagger Throw","Outmaneuver+1"],"picked":"Backstab+1","floor":35.0},{"not_picked":["Flying Knee","Dagger Spray","Sucker Punch+1"],"picked":"SKIP","floor":37.0},{"not_picked":["Expertise+1","Acrobatics+1","Dagger Throw"],"picked":"SKIP","floor":39.0},{"not_picked":["Envenom","Grand Finale"],"picked":"Blade Dance+1","floor":40.0},{"not_picked":["Bane","Well Laid Plans"],"picked":"Finisher","floor":42.0},{"not_picked":["Dash+1","Dagger Spray"],"picked":"Prepared+1","floor":44.0},{"not_picked":["Infinite Blades","Escape Plan+1"],"picked":"PiercingWail+1","floor":47.0},{"not_picked":["Distraction+1","Cloak And Dagger+1"],"picked":"Concentrate+1","floor":48.0},{"not_picked":["Cloak And Dagger+1","All Out Attack"],"picked":"Crippling Poison+1","floor":55.0}],"player_experience":1012423,"relics_obtained":[{"floor":6.0,"key":"StoneCalendar"},{"floor":9.0,"key":"Shuriken"},{"floor":10.0,"key":"Bronze Scales"},{"floor":13.0,"key":"Boot"},{"floor":24.0,"key":"Incense Burner"},{"floor":26.0,"key":"PreservedInsect"},{"floor":27.0,"key":"Pen Nib"},{"floor":31.0,"key":"Enchiridion"},{"floor":40.0,"key":"Strawberry"},{"floor":44.0,"key":"Happy Flower"},{"floor":48.0,"key":"Snake Skull"},{"floor":55.0,"key":"Centennial Puzzle"}],"event_choices":[{"damage_healed":0.0,"max_hp_gain":0.0,"max_hp_loss":0.0,"gold_gain":0.0,"event_name":"Big Fish","player_choice":"Box","floor":2.0,"gold_loss":0.0,"damage_taken":0.0,"relics_obtained":["Toxic Egg 2"],"cards_obtained":["Regret"]},{"damage_healed":0.0,"max_hp_gain":0.0,"max_hp_loss":0.0,"gold_gain":0.0,"event_name":"FaceTrader","player_choice":"Trade","floor":3.0,"gold_loss":0.0,"damage_taken":0.0,"relics_obtained":["FaceOfCleric"]},{"damage_healed":0.0,"max_hp_gain":0.0,"max_hp_loss":0.0,"gold_gain":250.0,"event_name":"The Joust","player_choice":"Bet on Owner","floor":19.0,"gold_loss":50.0,"damage_taken":0.0},{"damage_healed":0.0,"max_hp_gain":0.0,"max_hp_loss":0.0,"gold_gain":0.0,"event_name":"Cursed Tome","player_choice":"Obtained Book","floor":31.0,"gold_loss":0.0,"damage_taken":21.0},{"damage_healed":0.0,"max_hp_gain":0.0,"max_hp_loss":0.0,"gold_gain":0.0,"event_name":"The Woman in Blue","player_choice":"Bought 1 Potion","floor":36.0,"gold_loss":0.0,"damage_taken":0.0},{"damage_healed":78.0,"max_hp_gain":0.0,"max_hp_loss":17.0,"gold_gain":0.0,"event_name":"The Moai Head","player_choice":"Heal","floor":46.0,"gold_loss":0.0,"damage_taken":0.0}],"is_beta":false,"boss_relics":[{"not_picked":["Runic Dome","Cursed Key"],"picked":"Runic Pyramid"},{"not_picked":["Philosopher\u0027s Stone","Eternal Feather"],"picked":"Lizard Tail"}],"items_purged_floors":[5,28],"is_endless":false,"potions_floor_spawned":[1,6,12,13,21,22,24,25,29,37,40,48,55],"killed_by":"The Heart","ascension_level":20}