{"gold_per_floor":[111,111,124,136,60,93,104,117,144,244,244,15,34,50,50,50],"floor_reached":16,"playtime":706,"items_purged":["Strike_R"],"score":130,"play_id":"e907f117-b452-4cd5-a09b-6fcf96e9ddd7","local_time":"20181206135300","is_ascension_mode":true,"campfire_choices":[{"floor":11,"key":"REST"},{"floor":15,"key":"RECALL"}],"neow_cost":"NONE","seed_source_timestamp":1103615142061419,"circlet_count":0,"master_deck":["Strike_R","Strike_R","Strike_R","Strike_R","Defend_R","Defend_R","Defend_R","Defend_R","Bash","Infernal Blade","Cleave","Battle Trance","Pommel Strike","Intimidate"],"relics":["Burning Blood","Letter Opener","Regal Pillow","Bag of Marbles"],"potions_floor_usage":[6,6,6,8,16,16],"damage_taken":[{"damage":0,"enemies":"Small Slimes","floor":1,"turns":3},{"damage":1,"enemies":"Cultist","floor":3,"turns":3},{"damage":10,"enemies":"2 Louse","floor":4,"turns":2},{"damage":40,"enemies":"Lagavulin","floor":6,"turns":5},{"damage":6,"enemies":"Exordium Thugs","floor":7,"turns":4},{"damage":15,"enemies":"Lots of Slimes","floor":8,"turns":5},{"damage":11,"enemies":"Looter","floor":13,"turns":2},{"damage":7,"enemies":"Blue Slaver","floor":14,"turns":3},{"damage":74,"enemies":"Slime Boss","floor":16,"turns":9}],"seed_played":"363293009834301155","potions_obtained":[{"floor":0,"key":"Energy Potion"},{"floor":0,"key":"SpeedPotion"},{"floor":0,"key":"Energy Potion"},{"floor":2,"key":"Poison Potion"},{"floor":3,"key":"Fire Potion"},{"floor":6,"key":"FearPotion"},{"floor":7,"key":"BloodPotion"},{"floor":13,"key":"EssenceOfSteel"}],"is_trial":false,"path_per_floor":["M","?","M","M","$","E","M","M","T","?","R","$","M","M","R","B"],"character_chosen":"IRONCLAD","items_purchased":["Battle Trance","Bag of Marbles"],"campfire_rested":1,"item_purchase_floors":[5,12],"current_hp_per_floor":[80,80,80,76,76,42,42,41,41,41,80,80,75,74,74,0],"gold":50,"neow_bonus":"THREE_SMALL_POTIONS","is_prod":false,"is_daily":false,"chose_seed":false,"campfire_upgraded":0,"win_rate":0,"timestamp":1544082780,"path_taken":["M","?","?","M","$","E","M","M","T","?","R","?","M","M","R","BOSS"],"build_version":"2018-11-15","purchased_purges":1,"victory":false,"max_hp_per_floor":[80,80,80,80,80,80,80,80,80,80,80,80,80,80,80,80],"card_choices":[{"not_picked":["Twin Strike","Rage","Warcry"],"picked":"SKIP","floor":1},{"not_picked":["Flex","Exhume"],"picked":"Infernal Blade","floor":3},{"not_picked":["Headbutt","Havoc"],"picked":"Cleave","floor":4},{"not_picked":["Flex","Entrench","Corruption"],"picked":"SKIP","floor":6},{"not_picked":["Hemokinesis","Intimidate"],"picked":"Pommel Strike","floor":7},{"not_picked":["Infernal Blade","Clothesline"],"picked":"Intimidate","floor":8},{"not_picked":["Twin Strike","Pommel Strike","True Grit"],"picked":"SKIP","floor":13},{"not_picked":["Wild Strike","Blood for Blood","Flex"],"picked":"SKIP","floor":14}],"player_experience":187253,"relics_obtained":[{"floor":6,"key":"Letter Opener"},{"floor":9,"key":"Regal Pillow"}],"event_choices":[{"damage_healed":0,"gold_gain":0,"player_choice":"Got Potions","damage_taken":0,"max_hp_gain":0,"max_hp_loss":0,"event_name":"Lab","floor":2,"gold_loss":0},{"damage_healed":0,"gold_gain":100,"player_choice":"Pray","damage_taken":0,"max_hp_gain":0,"max_hp_loss":0,"event_name":"Golden Shrine","floor":10,"gold_loss":0}],"is_beta":false,"boss_relics":[],"items_purged_floors":[12],"is_endless":false,"potions_floor_spawned":[3,6,7,13],"killed_by":"Slime Boss","ascension_level":5}