{"gold_per_floor":[118,137,155,171,190,190,201,201,201,376,391,422,422,422],"floor_reached":14,"playtime":509,"items_purged":[],"score":103,"play_id":"105ed5b9-ce6b-4a1f-ab70-bfcef4d79b73","local_time":"20190113110330","is_ascension_mode":true,"campfire_choices":[{"data":"Deadly Poison","floor":6,"key":"SMITH"},{"data":"Prepared","floor":8,"key":"SMITH"}],"neow_cost":"TEN_PERCENT_HP_LOSS","seed_source_timestamp":407622721037661,"circlet_count":0,"master_deck":["Defend_G","Defend_G","Defend_G","Defend_G","Strike_G","Strike_G","Strike_G","Strike_G","Survivor","Neutralize","Deadly Poison","Prepared+1","Backflip","Deadly Poison+1","Escape Plan","Acrobatics","Reflex"],"relics":["Ring of the Snake","Centennial Puzzle"],"potions_floor_usage":[5,12,12],"damage_taken":[{"damage":1,"enemies":"Cultist","floor":1,"turns":4},{"damage":0,"enemies":"Small Slimes","floor":2,"turns":3},{"damage":7,"enemies":"Jaw Worm","floor":3,"turns":4},{"damage":12,"enemies":"2 Fungi Beasts","floor":4,"turns":3},{"damage":11,"enemies":"Large Slime","floor":5,"turns":6},{"damage":2,"enemies":"Red Slaver","floor":7,"turns":3},{"damage":21,"enemies":"Lots of Slimes","floor":11,"turns":4},{"damage":17,"enemies":"Gremlin Nob","floor":12,"turns":4},{"damage":8,"enemies":"Large Slime","floor":14,"turns":3}],"seed_played":"-1171060109340346354","potions_obtained":[{"floor":2,"key":"AttackPotion"},{"floor":4,"key":"AttackPotion"},{"floor":11,"key":"Regen Potion"}],"is_trial":false,"path_per_floor":["M","M","M","M","M","R","M","R","T","?","M","E","?","M"],"character_chosen":"THE_SILENT","items_purchased":[],"campfire_rested":0,"item_purchase_floors":[],"current_hp_per_floor":[62,62,55,43,32,32,30,30,30,30,9,6,6,0],"gold":422,"neow_bonus":"REMOVE_TWO","is_prod":false,"is_daily":false,"chose_seed":false,"campfire_upgraded":2,"win_rate":0,"timestamp":1547395410,"path_taken":["M","M","?","M","M","R","M","R","T","?","M","E","?","M"],"build_version":"2019-01-10","purchased_purges":0,"victory":false,"max_hp_per_floor":[63,63,63,63,63,63,63,63,63,63,63,63,63,63],"card_choices":[{"not_picked":["Dagger Throw","Deflect"],"picked":"Deadly Poison","floor":1},{"not_picked":["Expertise","Bane"],"picked":"Prepared","floor":2},{"not_picked":["Bane","Blade Dance"],"picked":"Backflip","floor":3},{"not_picked":["Quick Slash","Flying Knee"],"picked":"Deadly Poison","floor":4},{"not_picked":["Flying Knee","Blur"],"picked":"Escape Plan","floor":5},{"not_picked":["Cloak And Dagger","Blade Dance"],"picked":"Acrobatics","floor":7},{"not_picked":["Blade Dance","Outmaneuver","Unload"],"picked":"SKIP","floor":11},{"not_picked":["Eviscerate","Deflect"],"picked":"Reflex","floor":12}],"player_experience":260609,"relics_obtained":[{"floor":12,"key":"Centennial Puzzle"}],"event_choices":[{"damage_healed":0,"gold_gain":175,"player_choice":"AGREE","damage_taken":0,"max_hp_gain":0,"max_hp_loss":0,"event_name":"Liars Game","floor":10,"gold_loss":0,"cards_obtained":["Doubt"]},{"cards_removed":["Doubt"],"damage_healed":0,"gold_gain":0,"player_choice":"Forget","damage_taken":0,"max_hp_gain":0,"max_hp_loss":0,"event_name":"Living Wall","floor":13,"gold_loss":0}],"is_beta":false,"boss_relics":[],"items_purged_floors":[],"is_endless":false,"potions_floor_spawned":[2,4,11],"killed_by":"Large Slime","ascension_level":2}