{"gold_per_floor":[115,133,133,133,153,153,170,189,215,240,258,35,35,60,60,164,164,184,184,199,2,16,16,41,41,66,77,106,21,21,54,54,156,156,171,2,14,14,14,73,73,105,128,128,153,153,153,153,153,153,153,153,28,53,53],"floor_reached":55,"playtime":2302,"items_purged":["Strike_B","Strike_B","Defend_B"],"score":1204,"play_id":"b9bbd79e-a86b-4e15-bf5b-c24c24937733","local_time":"20190613225636","is_ascension_mode":true,"campfire_choices":[{"data":"Zap","floor":6,"key":"SMITH"},{"floor":13,"key":"REST"},{"data":"Defragment","floor":15,"key":"SMITH"},{"data":"Hologram","floor":23,"key":"SMITH"},{"floor":25,"key":"REST"},{"data":"Turbo","floor":30,"key":"SMITH"},{"floor":32,"key":"REST"},{"data":"Apotheosis","floor":41,"key":"SMITH"},{"floor":44,"key":"RECALL"},{"floor":49,"key":"REST"},{"data":"Panacea","floor":52,"key":"SMITH"}],"neow_cost":"NONE","seed_source_timestamp":187958320707450,"circlet_count":0,"master_deck":["AscendersBane","Strike_B","Strike_B+1","Defend_B","Defend_B","Defend_B","Zap+1","Dualcast","Ball Lightning","Doom and Gloom+1","Coolheaded","Coolheaded","Defragment+1","Biased Cognition+1","Static Discharge","Coolheaded","Hologram+1","Glacier","Coolheaded","Self Repair","Coolheaded","Storm+1","Turbo+1","Buffer","Undo","Conserve Battery","Electrodynamics","Genetic Algorithm","Apotheosis+1","Biased Cognition","Undo+1","Panacea+1","Glacier+1","Steam+1"],"relics":["Cracked Core","Dream Catcher","Omamori","Centennial Puzzle","Strawberry","Ornamental Fan","Orrery","PreservedInsect","Regal Pillow","Unceasing Top","Art of War","Whetstone","Velvet Choker","Tiny Chest","Pear","Juzu Bracelet","Bronze Scales"],"potions_floor_usage":[10,16,22,28,28,33,50,50,54],"damage_taken":[{"damage":7,"enemies":"2 Louse","floor":1,"turns":3},{"damage":12,"enemies":"Jaw Worm","floor":2,"turns":3},{"damage":1,"enemies":"Cultist","floor":5,"turns":3},{"damage":4,"enemies":"Exordium Thugs","floor":7,"turns":3},{"damage":0,"enemies":"Exordium Wildlife","floor":8,"turns":2},{"damage":23,"enemies":"Lagavulin","floor":10,"turns":5},{"damage":16,"enemies":"Gremlin Gang","floor":11,"turns":2},{"damage":14,"enemies":"3 Sentries","floor":14,"turns":5},{"damage":29,"enemies":"Slime Boss","floor":16,"turns":6},{"damage":1,"enemies":"Spheric Guardian","floor":18,"turns":4},{"damage":19,"enemies":"2 Thieves","floor":20,"turns":5},{"damage":4,"enemies":"Snake Plant","floor":22,"turns":4},{"damage":19,"enemies":"Book of Stabbing","floor":24,"turns":7},{"damage":4,"enemies":"3 Cultists","floor":27,"turns":4},{"damage":9,"enemies":"Slavers","floor":28,"turns":3},{"damage":23,"enemies":"Book of Stabbing","floor":31,"turns":5},{"damage":82,"enemies":"Collector","floor":33,"turns":17},{"damage":18,"enemies":"3 Darklings","floor":35,"turns":4},{"damage":10,"enemies":"3 Shapes","floor":37,"turns":2},{"damage":6,"enemies":"Giant Head","floor":40,"turns":9},{"damage":28,"enemies":"Reptomancer","floor":42,"turns":5},{"damage":20,"enemies":"Giant Head","floor":45,"turns":10},{"damage":19,"enemies":"Awakened One","floor":50,"turns":17},{"damage":26,"enemies":"Shield and Spear","floor":54,"turns":6},{"damage":93,"enemies":"The Heart","floor":55,"turns":6}],"seed_played":"1168010197262658369","potions_obtained":[{"floor":2,"key":"SpeedPotion"},{"floor":5,"key":"PowerPotion"},{"floor":8,"key":"Poison Potion"},{"floor":10,"key":"SkillPotion"},{"floor":16,"key":"FocusPotion"},{"floor":20,"key":"SkillPotion"},{"floor":27,"key":"SkillPotion"},{"floor":31,"key":"Poison Potion"},{"floor":35,"key":"GamblersBrew"},{"floor":37,"key":"Swift Potion"},{"floor":40,"key":"EssenceOfSteel"},{"floor":54,"key":"Explosive Potion"}],"is_trial":false,"path_per_floor":["M","M","?","?","M","R","M","M","T","E","M","$","R","E","R","B",null,"M","?","M","$","M","R","E","R","T","M","E","?","R","E","R","B",null,"M","$","M","?","?","E","R","E","T","R","E","?","?","?","R","B",null,"R","$","E","B"],"character_chosen":"DEFECT","items_purchased":["Strawberry","Self Repair","Coolheaded","Apotheosis"],"campfire_rested":4,"item_purchase_floors":[12,21,21,36],"current_hp_per_floor":[68,56,56,56,55,55,51,51,51,28,12,19,45,31,31,2,67,66,66,47,47,50,50,38,64,64,67,58,58,58,42,83,8,69,58,58,55,55,77,81,81,73,73,73,60,60,55,55,99,90,97,97,97,78,0],"gold":53,"neow_bonus":"TEN_PERCENT_HP_BONUS","is_prod":false,"is_daily":false,"chose_seed":false,"campfire_upgraded":6,"win_rate":0,"timestamp":1560480996,"path_taken":["M","M","?","?","M","R","M","M","T","E","?","?","R","E","R","BOSS","M","?","?","$","?","R","E","R","T","M","E","?","R","E","R","BOSS","M","$","M","?","?","E","R","E","T","R","E","?","?","?","R","BOSS","R","$","E","BOSS"],"build_version":"2019-01-23","purchased_purges":3,"victory":false,"max_hp_per_floor":[82,82,82,82,82,82,82,82,82,82,82,89,89,89,89,89,89,89,89,89,89,89,89,89,89,89,89,89,89,89,89,89,89,89,89,89,89,89,89,89,89,99,99,99,99,99,99,99,99,99,99,99,99,99,99],"card_choices":[{"not_picked":["Rip and Tear","Blizzard"],"picked":"Ball Lightning","floor":1},{"not_picked":["Conserve Battery","Ball Lightning"],"picked":"Doom and Gloom","floor":2},{"not_picked":["Gash","Darkness"],"picked":"Cold Snap","floor":5},{"not_picked":["Stack","Hyperbeam","Fusion"],"picked":"SKIP","floor":7},{"not_picked":["Redo","Turbo"],"picked":"Coolheaded","floor":8},{"not_picked":["Sweeping Beam","BootSequence","Compile Driver"],"picked":"SKIP","floor":10},{"not_picked":["Meteor Strike","Steam Power"],"picked":"Coolheaded","floor":11},{"not_picked":["Force Field","Consume"],"picked":"Defragment","floor":14},{"not_picked":["Meteor Strike","Electrodynamics"],"picked":"Biased Cognition","floor":16},{"not_picked":["Sunder","Streamline"],"picked":"Static Discharge","floor":17},{"not_picked":["Leap","Cold Snap"],"picked":"Coolheaded","floor":17},{"not_picked":["Sweeping Beam","Consume"],"picked":"Hologram","floor":17},{"not_picked":["Compile Driver","Thunder Strike"],"picked":"Glacier","floor":18},{"not_picked":["Compile Driver+1","Reprogram"],"picked":"Coolheaded","floor":20},{"not_picked":["Go for the Eyes","Gash","Stack"],"picked":"SKIP","floor":22},{"not_picked":["Leap","Coolheaded+1"],"picked":"Storm+1","floor":24},{"not_picked":["Reprogram","Cold Snap"],"picked":"Turbo","floor":27},{"not_picked":["Glacier","Chill"],"picked":"Buffer","floor":28},{"not_picked":["Lockon","Barrage"],"picked":"Undo","floor":31},{"not_picked":["Cold Snap+1","Gash"],"picked":"Conserve Battery","floor":32},{"not_picked":["Rainbow","Reboot"],"picked":"Electrodynamics","floor":33},{"not_picked":["Gash+1","Blizzard+1"],"picked":"Genetic Algorithm","floor":35},{"not_picked":["Ball Lightning","Go for the Eyes","Recycle"],"picked":"SKIP","floor":37},{"not_picked":["Conserve Battery","Self Repair","Compile Driver+1"],"picked":"SKIP","floor":40},{"not_picked":["Rip and Tear","Hologram+1"],"picked":"Biased Cognition","floor":42},{"not_picked":["Steam","Barrage"],"picked":"Undo+1","floor":45},{"not_picked":["Mayhem","Deep Breath"],"picked":"Panacea","floor":47},{"not_picked":["Beam Cell","Compile Driver+1"],"picked":"Glacier+1","floor":49},{"not_picked":["Turbo","Go for the Eyes"],"picked":"Steam+1","floor":54}],"player_experience":629737,"relics_obtained":[{"floor":9,"key":"Omamori"},{"floor":10,"key":"Centennial Puzzle"},{"floor":14,"key":"Ornamental Fan"},{"floor":24,"key":"PreservedInsect"},{"floor":26,"key":"Regal Pillow"},{"floor":28,"key":"Unceasing Top"},{"floor":31,"key":"Whetstone"},{"floor":40,"key":"Tiny Chest"},{"floor":42,"key":"Pear"},{"floor":45,"key":"Juzu Bracelet"},{"floor":54,"key":"Bronze Scales"}],"event_choices":[{"damage_healed":0,"gold_gain":0,"player_choice":"Ignored","damage_taken":0,"max_hp_gain":0,"max_hp_loss":0,"event_name":"Liars Game","floor":3,"gold_loss":0},{"damage_healed":0,"gold_gain":0,"player_choice":"Gave Potion","damage_taken":0,"relics_obtained":["Dream Catcher"],"max_hp_gain":0,"max_hp_loss":0,"event_name":"WeMeetAgain","floor":4,"gold_loss":0},{"damage_healed":0,"gold_gain":0,"player_choice":"Upgraded","damage_taken":0,"max_hp_gain":0,"max_hp_loss":0,"event_name":"Upgrade Shrine","floor":19,"gold_loss":0,"cards_upgraded":["Biased Cognition"]},{"damage_healed":0,"gold_gain":0,"player_choice":"Obtained Relic","damage_taken":0,"relics_obtained":["Art of War"],"max_hp_gain":0,"max_hp_loss":0,"event_name":"Addict","floor":29,"gold_loss":85},{"cards_removed":["Cold Snap"],"damage_healed":0,"gold_gain":0,"player_choice":"Removed Attack","damage_taken":0,"max_hp_gain":0,"max_hp_loss":0,"event_name":"Falling","floor":38,"gold_loss":0},{"damage_healed":22,"gold_gain":0,"player_choice":"Writhe","damage_taken":0,"max_hp_gain":0,"max_hp_loss":0,"event_name":"Winding Halls","floor":39,"gold_loss":0,"cards_obtained":["Writhe"]},{"damage_healed":0,"gold_gain":0,"player_choice":"Ignored","damage_taken":0,"max_hp_gain":0,"max_hp_loss":0,"event_name":"Tomb of Lord Red Mask","floor":46,"gold_loss":0},{"damage_healed":0,"gold_gain":0,"player_choice":"Memory 2","damage_taken":5,"max_hp_gain":0,"max_hp_loss":0,"event_name":"SensoryStone","floor":47,"gold_loss":0},{"damage_healed":0,"gold_gain":0,"player_choice":"Ignored","damage_taken":0,"max_hp_gain":0,"max_hp_loss":0,"event_name":"Mysterious Sphere","floor":48,"gold_loss":0}],"is_beta":false,"boss_relics":[{"not_picked":["Tiny House","Busted Crown"],"picked":"Orrery"},{"not_picked":["Pandora\u0027s Box","Astrolabe"],"picked":"Velvet Choker"}],"items_purged_floors":[12,21,53],"is_endless":false,"potions_floor_spawned":[2,5,8,10,16,20,27,31,35,37,40,54],"killed_by":"The Heart","ascension_level":10}