{"gold_per_floor":[114,18,36,47,66,100,100,100,127,202,202,218,242,260,260,360,360,376,376,316,115,115,146,146],"floor_reached":24,"playtime":2142,"items_purged":["Defend_G"],"score":214,"play_id":"129df649-d9cb-4b05-83db-198a712f9bc3","local_time":"20190721095752","is_ascension_mode":false,"campfire_choices":[{"data":"Dodge and Roll","floor":7,"key":"SMITH"},{"data":"Dodge and Roll","floor":15,"key":"SMITH"}],"neow_cost":"NONE","seed_source_timestamp":857843114658595,"circlet_count":0,"master_deck":["Strike_G","Strike_G","Strike_G","Strike_G","Strike_G","Defend_G","Defend_G","Defend_G","Defend_G","Survivor","Neutralize","PiercingWail","Poisoned Stab","Dodge and Roll+1","Sucker Punch","Dagger Throw","Bouncing Flask","Noxious Fumes","Regret","Dodge and Roll+1","Bouncing Flask","After Image","Acrobatics","Dodge and Roll","Well Laid Plans","Bouncing Flask","Endless Agony+1"],"relics":["Ring of the Snake","Potion Belt","Regal Pillow","Smiling Mask","PreservedInsect","Lantern","White Beast Statue","Nloth\u0027s Gift","Paper Crane"],"potions_floor_usage":[14,14,16,16,23,23,24],"damage_taken":[{"damage":1,"enemies":"Cultist","floor":1,"turns":4},{"damage":1,"enemies":"Small Slimes","floor":3,"turns":5},{"damage":0,"enemies":"2 Louse","floor":4,"turns":2},{"damage":1,"enemies":"Looter","floor":5,"turns":4},{"damage":12,"enemies":"Gremlin Nob","floor":6,"turns":4},{"damage":1,"enemies":"Blue Slaver","floor":12,"turns":4},{"damage":1,"enemies":"2 Fungi Beasts","floor":14,"turns":3},{"damage":28,"enemies":"Hexaghost","floor":16,"turns":7},{"damage":29,"enemies":"3 Byrds","floor":18,"turns":5},{"damage":12,"enemies":"2 Thieves","floor":20,"turns":4},{"damage":32,"enemies":"Slavers","floor":23,"turns":7},{"damage":10,"enemies":"Snecko","floor":24,"turns":4}],"seed_played":"-2868948817041322764","potions_obtained":[{"floor":1,"key":"Strength Potion"},{"floor":6,"key":"PowerPotion"},{"floor":12,"key":"Fruit Juice"},{"floor":14,"key":"FearPotion"},{"floor":18,"key":"GamblersBrew"},{"floor":20,"key":"Poison Potion"},{"floor":23,"key":"EssenceOfSteel"}],"is_trial":false,"path_per_floor":["M","$","M","M","M","E","R","?","T","?","?","M","T","M","R","B",null,"M","?","M","$","?","E","M"],"character_chosen":"THE_SILENT","items_purchased":["Poisoned Stab","Dodge and Roll","Well Laid Plans","Bouncing Flask"],"campfire_rested":0,"item_purchase_floors":[2,2,21,21],"current_hp_per_floor":[69,69,68,68,67,55,55,48,48,37,37,36,36,40,40,12,75,46,46,34,34,34,2,0],"gold":146,"neow_bonus":"RANDOM_COMMON_RELIC","is_prod":false,"is_daily":false,"chose_seed":false,"campfire_upgraded":2,"win_rate":0.0,"timestamp":1563721072,"path_taken":["M","?","M","?","M","E","R","?","T","?","?","M","?","M","R","BOSS","M","?","M","$","?","E","M"],"build_version":"2019-07-17","purchased_purges":1,"victory":false,"max_hp_per_floor":[70,70,70,70,70,70,70,70,70,70,70,70,70,75,75,75,75,75,75,75,75,75,75,75],"card_choices":[{"not_picked":["Caltrops","Sucker Punch"],"picked":"PiercingWail","floor":1},{"not_picked":["Slice","Riddle With Holes"],"picked":"Sucker Punch","floor":3},{"not_picked":["Slice","Riddle With Holes"],"picked":"Dagger Throw","floor":4},{"not_picked":["Die Die Die","Slice"],"picked":"Bouncing Flask","floor":5},{"not_picked":["Masterful Stab","Deadly Poison"],"picked":"Noxious Fumes","floor":6},{"not_picked":["Distraction","Quick Slash"],"picked":"Dodge and Roll","floor":12},{"not_picked":["Dagger Throw","Acrobatics"],"picked":"Bouncing Flask","floor":14},{"not_picked":["Glass Knife","Venomology"],"picked":"After Image","floor":16},{"not_picked":["Flying Knee","Poisoned Stab"],"picked":"Acrobatics","floor":18},{"not_picked":["Outmaneuver","Dagger Spray+1"],"picked":"Dodge and Roll","floor":20},{"not_picked":["Burst","Dodge and Roll"],"picked":"Endless Agony+1","floor":23}],"player_experience":42591,"relics_obtained":[{"floor":6,"key":"Regal Pillow"},{"floor":9,"key":"PreservedInsect"},{"floor":13,"key":"Lantern"},{"floor":23,"key":"Paper Crane"}],"event_choices":[{"damage_healed":0,"gold_gain":0,"player_choice":"Success","damage_taken":7,"relics_obtained":["Smiling Mask"],"max_hp_gain":0,"max_hp_loss":0,"event_name":"Scrap Ooze","floor":8,"gold_loss":0},{"damage_healed":0,"gold_gain":75,"player_choice":"Gather Gold","damage_taken":11,"max_hp_gain":0,"max_hp_loss":0,"event_name":"World of Goop","floor":10,"gold_loss":0},{"damage_healed":0,"gold_gain":0,"player_choice":"Box","damage_taken":0,"relics_obtained":["Bag of Marbles"],"max_hp_gain":0,"max_hp_loss":0,"event_name":"Big Fish","floor":11,"gold_loss":0,"cards_obtained":["Regret"]},{"damage_healed":0,"gold_gain":0,"player_choice":"Ignored","damage_taken":0,"max_hp_gain":0,"max_hp_loss":0,"event_name":"Ghosts","floor":19,"gold_loss":0},{"damage_healed":0,"gold_gain":0,"player_choice":"Traded Relic","damage_taken":0,"relics_obtained":["Nloth\u0027s Gift"],"max_hp_gain":0,"max_hp_loss":0,"event_name":"N\u0027loth","floor":22,"relics_lost":["Bag of Marbles"],"gold_loss":0}],"is_beta":false,"boss_relics":[{"not_picked":["WristBlade","Cursed Key"],"picked":"White Beast Statue"}],"items_purged_floors":[21],"is_endless":false,"potions_floor_spawned":[1,6,12,14,18,20,23],"killed_by":"Snecko","ascension_level":0}