{"gold_per_floor":[117,132,145,145,320,320,333,16,40,69,69,33,33,58,58,160,160,175,100,100,120,137,165,165,199,211,254,285,312,15,26,26,124,124,135,435,174,184,20,53,53,86,111,142,161,161,177,211,211,211],"floor_reached":51,"playtime":5480,"items_purged":["Doubt","Strike_B","Strike_B"],"score":1025,"play_id":"fcad6aeb-bdbf-427c-9e97-2dbadd38cfa3","local_time":"20190731155711","is_ascension_mode":true,"campfire_choices":[{"data":"Reinforced Body","floor":6.0,"key":"SMITH"},{"data":"Dualcast","floor":11.0,"key":"SMITH"},{"data":"Recycle","floor":15.0,"key":"SMITH"},{"data":"Sunder","floor":24,"key":"SMITH"},{"floor":32,"key":"REST"},{"data":"Coolheaded","floor":41,"key":"SMITH"},{"data":"Echo Form","floor":49,"key":"SMITH"}],"neow_cost":"NONE","seed_source_timestamp":8045414667610,"circlet_count":0,"master_deck":["Strike_B+1","Defend_B","Defend_B","Defend_B","Defend_B","Zap","Dualcast+1","Rebound","Reinforced Body+1","Hologram+1","Sunder+1","Recycle+1","Echo Form+1","Coolheaded+1","Redo","Electrodynamics","Capacitor+1","Finesse","The Bomb","Cold Snap+1","Injury"],"special_seed":0,"relics":["Busted Crown","Symbiotic Virus","Blood Vial","Bag of Marbles","Incense Burner","Molten Egg 2","Cursed Key","MutagenicStrength","Prayer Wheel","MawBank","Pear","Sling","Runic Pyramid","Orichalcum","Du-Vu Doll","DataDisk","Juzu Bracelet","Centennial Puzzle"],"potions_floor_usage":[27,33,33,42,50,50,50],"damage_taken":[{"damage":1.0,"enemies":"Jaw Worm","floor":1.0,"turns":3.0},{"damage":0.0,"enemies":"2 Louse","floor":2.0,"turns":3.0},{"damage":5.0,"enemies":"Small Slimes","floor":3.0,"turns":3.0},{"damage":0.0,"enemies":"2 Fungi Beasts","floor":7.0,"turns":3.0},{"damage":12.0,"enemies":"Lagavulin","floor":10.0,"turns":7.0},{"damage":4.0,"enemies":"3 Sentries","floor":14.0,"turns":3.0},{"damage":10.0,"enemies":"Hexaghost","floor":16.0,"turns":9.0},{"damage":10.0,"enemies":"2 Thieves","floor":18.0,"turns":4.0},{"damage":0,"enemies":"3 Byrds","floor":21,"turns":5},{"damage":8,"enemies":"Sentry and Sphere","floor":22,"turns":4},{"damage":5,"enemies":"Slavers","floor":23,"turns":10},{"damage":15,"enemies":"Gremlin Leader","floor":25,"turns":10},{"damage":13,"enemies":"Slavers","floor":27,"turns":6},{"damage":15,"enemies":"Centurion and Healer","floor":28,"turns":4},{"damage":0,"enemies":"Snecko","floor":29,"turns":4},{"damage":0,"enemies":"Sentry and Sphere","floor":31,"turns":2},{"damage":57,"enemies":"Collector","floor":33,"turns":13},{"damage":0,"enemies":"Orb Walker","floor":35,"turns":3},{"damage":0,"enemies":"3 Shapes","floor":38,"turns":5},{"damage":2,"enemies":"Nemesis","floor":40,"turns":5},{"damage":10,"enemies":"Giant Head","floor":42,"turns":13},{"damage":0,"enemies":"Nemesis","floor":44,"turns":7},{"damage":4,"enemies":"Spire Growth","floor":45,"turns":4},{"damage":0,"enemies":"3 Darklings","floor":47,"turns":5},{"damage":18,"enemies":"Giant Head","floor":48,"turns":13},{"damage":20,"enemies":"Awakened One","floor":50,"turns":16}],"seed_played":"5438979823096252967","potions_obtained":[{"floor":7.0,"key":"PowerPotion"},{"floor":10.0,"key":"Block Potion"},{"floor":14.0,"key":"Fruit Juice"},{"floor":18.0,"key":"Fire Potion"},{"floor":22,"key":"Ancient Potion"},{"floor":27,"key":"Dexterity Potion"},{"floor":31,"key":"FearPotion"},{"floor":38,"key":"Dexterity Potion"},{"floor":44,"key":"FocusPotion"},{"floor":45,"key":"Weak Potion"},{"floor":48,"key":"Swift Potion"}],"is_trial":false,"path_per_floor":["M","M","M","?","?","R","M","$","T","E","R","$","?","E","R","B",null,"M","?","?","M","M","E","R","E","T","E","M","M","$","M","R","B",null,"M","?","$","M","$","E","R","E","T","E","M","?","M","E","R","B",null],"character_chosen":"DEFECT","items_purchased":["Symbiotic Virus","Sunder","Sling","Finesse","PowerPotion","The Bomb"],"campfire_rested":1,"item_purchase_floors":[8,12,30,37,37,39],"current_hp_per_floor":[74,74,69,54,54,54,54,54,54,44,44,44,44,42,42,34,75,65,65,65,67,61,58,58,45,45,49,36,38,38,40,67,12,90,90,90,90,90,90,88,88,80,80,82,80,80,82,66,66,48],"gold":211,"neow_bonus":"BOSS_RELIC","is_prod":false,"is_daily":false,"chose_seed":false,"campfire_upgraded":6,"win_rate":0,"timestamp":1564567031,"path_taken":["M","M","M","?","?","R","M","$","T","E","R","$","?","E","R","BOSS","M","?","?","M","M","E","R","E","T","E","M","M","$","M","R","BOSS","M","?","?","M","$","E","R","E","T","E","M","?","M","E","R","BOSS"],"build_version":"2019-07-17","purchased_purges":3,"victory":true,"max_hp_per_floor":[75,75,75,75,75,75,75,75,75,75,75,75,75,75,75,75,75,75,75,75,75,75,75,75,75,75,90,90,90,90,90,90,90,90,90,90,90,90,90,90,90,90,90,90,90,90,90,90,90,90],"card_choices":[{"not_picked":[],"picked":"Rebound","floor":1.0},{"not_picked":[],"picked":"Reinforced Body","floor":2.0},{"not_picked":[],"picked":"Hologram","floor":3.0},{"not_picked":["Heatsinks"],"picked":"SKIP","floor":7.0},{"not_picked":["Self Repair"],"picked":"SKIP","floor":10.0},{"not_picked":[],"picked":"Recycle","floor":14.0},{"not_picked":[],"picked":"Echo Form","floor":16.0},{"not_picked":["Tempest"],"picked":"SKIP","floor":18.0},{"not_picked":[],"picked":"Coolheaded","floor":21},{"not_picked":["Hello World"],"picked":"SKIP","floor":22},{"not_picked":["Hello World"],"picked":"SKIP","floor":22},{"not_picked":["Consume"],"picked":"SKIP","floor":23},{"not_picked":["White Noise"],"picked":"SKIP","floor":25},{"not_picked":["Fusion+1"],"picked":"SKIP","floor":27},{"not_picked":["Turbo"],"picked":"SKIP","floor":28},{"not_picked":["Ball Lightning+1"],"picked":"SKIP","floor":28},{"not_picked":["Ball Lightning+1"],"picked":"SKIP","floor":29},{"not_picked":["Melter+1"],"picked":"SKIP","floor":29},{"not_picked":[],"picked":"Redo","floor":31},{"not_picked":["Barrage+1"],"picked":"SKIP","floor":31},{"not_picked":[],"picked":"Electrodynamics","floor":33},{"not_picked":[],"picked":"Capacitor+1","floor":35},{"not_picked":["Chaos"],"picked":"SKIP","floor":35},{"not_picked":["Barrage+1"],"picked":"SKIP","floor":38},{"not_picked":["Turbo+1"],"picked":"SKIP","floor":38},{"not_picked":["Redo"],"picked":"SKIP","floor":40},{"not_picked":["Redo"],"picked":"SKIP","floor":40},{"not_picked":[],"picked":"Cold Snap+1","floor":42},{"not_picked":["Go for the Eyes+1"],"picked":"SKIP","floor":44},{"not_picked":["White Noise+1"],"picked":"SKIP","floor":45},{"not_picked":["FTL+1"],"picked":"SKIP","floor":45},{"not_picked":["Hologram+1"],"picked":"SKIP","floor":47},{"not_picked":["Cold Snap+1"],"picked":"SKIP","floor":47},{"not_picked":["Genetic Algorithm+1"],"picked":"SKIP","floor":48}],"player_experience":1607711,"relics_obtained":[{"floor":9.0,"key":"Blood Vial"},{"floor":10.0,"key":"Bag of Marbles"},{"floor":14.0,"key":"Molten Egg 2"},{"floor":23,"key":"Prayer Wheel"},{"floor":25,"key":"MawBank"},{"floor":27,"key":"Pear"},{"floor":40,"key":"Orichalcum"},{"floor":42,"key":"Du-Vu Doll"},{"floor":43,"key":"DataDisk"},{"floor":44,"key":"Juzu Bracelet"},{"floor":48,"key":"Centennial Puzzle"}],"event_choices":[{"damage_healed":0.0,"max_hp_gain":0.0,"max_hp_loss":0.0,"gold_gain":0.0,"event_name":"Shining Light","player_choice":"Entered Light","floor":4.0,"gold_loss":0.0,"damage_taken":15.0,"cards_upgraded":["Strike_B","Hologram"]},{"damage_healed":0.0,"max_hp_gain":0.0,"max_hp_loss":0.0,"gold_gain":175.0,"event_name":"Liars Game","player_choice":"AGREE","floor":5.0,"gold_loss":0.0,"damage_taken":0.0,"cards_obtained":["Doubt"]},{"damage_healed":0.0,"max_hp_gain":0.0,"max_hp_loss":0.0,"gold_gain":0.0,"event_name":"Dead Adventurer","player_choice":"Searched \u00271\u0027 times","floor":13.0,"gold_loss":0.0,"damage_taken":0.0,"relics_obtained":["Incense Burner"]},{"cards_removed":["Strike_B"],"damage_healed":0.0,"max_hp_gain":0.0,"max_hp_loss":0.0,"gold_gain":0.0,"event_name":"Beggar","player_choice":"Gave Gold","floor":19.0,"gold_loss":75.0,"damage_taken":0.0},{"damage_healed":0.0,"max_hp_gain":0.0,"max_hp_loss":0.0,"gold_gain":0.0,"event_name":"Drug Dealer","player_choice":"Inject Mutagens","floor":20.0,"gold_loss":0.0,"damage_taken":0.0,"relics_obtained":["MutagenicStrength"]},{"damage_healed":0,"gold_gain":300,"player_choice":"Gold","damage_taken":0,"max_hp_gain":0,"max_hp_loss":0,"event_name":"Wheel of Change","floor":36,"gold_loss":0},{"damage_healed":0,"gold_gain":0,"player_choice":"Memory 1","damage_taken":0,"max_hp_gain":0,"max_hp_loss":0,"event_name":"SensoryStone","floor":46,"gold_loss":0}],"is_beta":false,"boss_relics":[{"not_picked":["White Beast Statue","Lizard Tail"],"picked":"Cursed Key"},{"not_picked":["Sozu","Black Star"],"picked":"Runic Pyramid"}],"items_purged_floors":[8,30,37],"is_endless":false,"potions_floor_spawned":[7,10,14,18,22,27,29,31,38,40,44,45,48],"ascension_level":1}