{"gold_per_floor":[110,110,124,134,134,134,134,134,134,144,144,219,236,263,263,339,339,352,352,369,369,389,389,424,424,450,282,293,293,312,312,312,385,385,399,499,75,75,87,117,117,129,129,129,147,174,174,219,219,219],"floor_reached":51,"playtime":2425,"items_purged":["Strike_R","Bite"],"score":1287,"play_id":"8d770b59-c7b5-457f-bc02-2225d88a2d1b","local_time":"20190704193836","is_ascension_mode":true,"campfire_choices":[{"data":"Feed","floor":6.0,"key":"SMITH"},{"data":"Uppercut","floor":8.0,"key":"SMITH"},{"data":"True Grit","floor":11.0,"key":"SMITH"},{"data":"Demon Form","floor":15.0,"key":"SMITH"},{"floor":23.0,"key":"REST"},{"data":"Bash","floor":25.0,"key":"SMITH"},{"floor":29.0,"key":"REST"},{"data":"Heavy Blade","floor":32.0,"key":"SMITH"},{"floor":41,"key":"REST"},{"data":"Juggernaut","floor":44,"key":"SMITH"},{"floor":47,"key":"REST"},{"floor":49,"key":"REST"}],"neow_cost":"NONE","seed_source_timestamp":1204915142401785,"circlet_count":0,"master_deck":["AscendersBane","Defend_R","Defend_R","Defend_R","Defend_R","Bash+1","Feed+1","Uppercut+1","Disarm","True Grit+1","Demon Form+1","Cleave","Headbutt","Limit Break+1","Battle Trance","Uppercut","Heavy Blade+1","Bite","Bite","Bite","Bite","Juggernaut+1","Heavy Blade","Shockwave","Double Tap","Heavy Blade+1","Shrug It Off+1"],"special_seed":0,"relics":["Burning Blood","Smiling Mask","Pantograph","Snecko Eye","Enchiridion","Pear","Pen Nib","Sozu","Prayer Wheel","PreservedInsect","Bronze Scales","Blood Vial","Singing Bowl","StoneCalendar"],"potions_floor_usage":[40,40],"damage_taken":[{"damage":6.0,"enemies":"2 Louse","floor":1.0,"turns":4.0},{"damage":0.0,"enemies":"Cultist","floor":3.0,"turns":4.0},{"damage":6.0,"enemies":"Small Slimes","floor":4.0,"turns":4.0},{"damage":7.0,"enemies":"Red Slaver","floor":10.0,"turns":5.0},{"damage":10.0,"enemies":"2 Fungi Beasts","floor":13.0,"turns":4.0},{"damage":51.0,"enemies":"3 Sentries","floor":14.0,"turns":9.0},{"damage":28.0,"enemies":"Slime Boss","floor":16.0,"turns":8.0},{"damage":8.0,"enemies":"Shell Parasite","floor":18.0,"turns":6.0},{"damage":0.0,"enemies":"Chosen","floor":20.0,"turns":4.0},{"damage":23.0,"enemies":"Snecko","floor":22.0,"turns":6.0},{"damage":63.0,"enemies":"Book of Stabbing","floor":24.0,"turns":6.0},{"damage":12.0,"enemies":"Shelled Parasite and Fungi","floor":28.0,"turns":4.0},{"damage":19.0,"enemies":"Snake Plant","floor":30.0,"turns":4.0},{"damage":20.0,"enemies":"Champ","floor":33.0,"turns":5.0},{"damage":1.0,"enemies":"3 Shapes","floor":35.0,"turns":4.0},{"damage":19.0,"enemies":"Mind Bloom Boss Battle","floor":36.0,"turns":6.0},{"damage":56.0,"enemies":"3 Darklings","floor":39.0,"turns":5.0},{"damage":37,"enemies":"Nemesis","floor":40,"turns":5},{"damage":5,"enemies":"Maw","floor":42,"turns":6},{"damage":25,"enemies":"4 Shapes","floor":45,"turns":7},{"damage":39,"enemies":"Reptomancer","floor":46,"turns":5},{"damage":47,"enemies":"2 Orb Walkers","floor":48,"turns":4},{"damage":46,"enemies":"Time Eater","floor":50,"turns":6}],"seed_played":"5736605301216152047","potions_obtained":[{"floor":1.0,"key":"Block Potion"},{"floor":14.0,"key":"SpeedPotion"},{"floor":20.0,"key":"AttackPotion"},{"floor":24.0,"key":"SkillPotion"},{"floor":28.0,"key":"Weak Potion"}],"is_trial":false,"path_per_floor":["M","?","M","M","?","R","?","R","T","M","R","?","M","E","R","B",null,"M","?","M","?","M","R","E","R","T","$","M","R","M","?","R","B",null,"M","?","$","?","M","E","R","M","T","R","M","E","R","?","R","B",null],"character_chosen":"IRONCLAD","items_purchased":["Battle Trance","Uppercut","PreservedInsect","Bronze Scales","Shockwave"],"campfire_rested":5,"item_purchase_floors":[27,27,37,37,37],"current_hp_per_floor":[71,71,80,83,83,83,83,83,83,86,86,75,75,34,34,37,81,83,67,73,73,60,91,44,44,44,44,42,77,64,64,64,74,80,86,81,81,81,37,20,47,60,60,60,55,34,62,33,63,54],"gold":219,"neow_bonus":"ONE_RANDOM_RARE_CARD","is_prod":false,"is_daily":false,"chose_seed":false,"campfire_upgraded":7,"win_rate":0,"timestamp":1562287116,"path_taken":["M","?","?","M","?","R","?","R","T","?","R","?","M","E","R","BOSS","M","?","M","?","M","R","E","R","T","$","M","R","?","?","R","BOSS","M","?","$","?","M","E","R","?","T","R","M","E","R","?","R","BOSS"],"build_version":"2019-07-01","purchased_purges":2,"victory":true,"max_hp_per_floor":[78,78,81,84,84,84,84,84,84,88,88,88,92,96,96,96,96,100,100,100,100,104,104,114,114,114,114,118,118,118,82,82,82,82,86,90,90,90,90,90,90,90,90,90,94,96,96,100,100,100],"card_choices":[{"not_picked":["Second Wind","Wild Strike"],"picked":"Uppercut","floor":1.0},{"not_picked":["Sentinel","Flex"],"picked":"Disarm","floor":3.0},{"not_picked":["Body Slam","Havoc"],"picked":"True Grit","floor":4.0},{"not_picked":["Combust","Thunderclap"],"picked":"Cleave","floor":10.0},{"not_picked":["True Grit","Uppercut"],"picked":"Headbutt","floor":13.0},{"not_picked":["Clothesline","Sever Soul","Searing Blow"],"picked":"SKIP","floor":14.0},{"not_picked":["Berserk","Feed"],"picked":"Limit Break","floor":16.0},{"not_picked":["Searing Blow","Sword Boomerang","Wild Strike"],"picked":"SKIP","floor":18.0},{"not_picked":["Pommel Strike","Reckless Charge","Sword Boomerang"],"picked":"SKIP","floor":20.0},{"not_picked":["Searing Blow","Flex","Power Through"],"picked":"SKIP","floor":22.0},{"not_picked":["Iron Wave","Twin Strike","Wild Strike"],"picked":"SKIP","floor":24.0},{"not_picked":["Offering","Thunderclap","Sword Boomerang"],"picked":"SKIP","floor":28.0},{"not_picked":["Havoc+1","Warcry"],"picked":"Heavy Blade","floor":30.0},{"not_picked":["Demon Form","Fiend Fire"],"picked":"Juggernaut","floor":33.0},{"not_picked":["Twin Strike","Wild Strike"],"picked":"Heavy Blade","floor":35.0},{"not_picked":["Ghostly Armor","True Grit"],"picked":"Double Tap","floor":39.0},{"not_picked":["Perfected Strike","Hemokinesis+1","Havoc"],"picked":"SKIP","floor":39.0},{"not_picked":["Battle Trance","Clothesline"],"picked":"Heavy Blade+1","floor":40},{"not_picked":["Havoc","Infernal Blade+1","True Grit"],"picked":"SKIP","floor":42},{"not_picked":["Thunderclap","Body Slam","Havoc"],"picked":"SKIP","floor":42},{"not_picked":["Hemokinesis","Fiend Fire","Inflame"],"picked":"SKIP","floor":45},{"not_picked":["Armaments","Spot Weakness","Pommel Strike+1"],"picked":"SKIP","floor":45},{"not_picked":["Perfected Strike","Sword Boomerang","Anger"],"picked":"Singing Bowl","floor":46},{"not_picked":["Reckless Charge+1","Headbutt"],"picked":"Shrug It Off+1","floor":48}],"player_experience":337238,"relics_obtained":[{"floor":9.0,"key":"Smiling Mask"},{"floor":14.0,"key":"Pantograph"},{"floor":19.0,"key":"Enchiridion"},{"floor":24.0,"key":"Pear"},{"floor":26.0,"key":"Pen Nib"},{"floor":36.0,"key":"Prayer Wheel"},{"floor":40,"key":"Blood Vial"},{"floor":46,"key":"Singing Bowl"},{"floor":48,"key":"StoneCalendar"}],"event_choices":[{"cards_removed":["Strike_R"],"damage_healed":0.0,"max_hp_gain":0.0,"max_hp_loss":0.0,"gold_gain":0.0,"event_name":"Bonfire Elementals","player_choice":"Offered Basic","floor":2.0,"gold_loss":0.0,"damage_taken":0.0},{"damage_healed":0.0,"max_hp_gain":0.0,"max_hp_loss":0.0,"gold_gain":0.0,"event_name":"Liars Game","player_choice":"Ignored","floor":5.0,"gold_loss":0.0,"damage_taken":0.0},{"damage_healed":0.0,"max_hp_gain":0.0,"max_hp_loss":0.0,"gold_gain":0.0,"event_name":"Match and Keep!","player_choice":"1 cards matched","floor":7.0,"gold_loss":0.0,"damage_taken":0.0,"cards_obtained":["Demon Form"]},{"damage_healed":0.0,"max_hp_gain":0.0,"max_hp_loss":0.0,"gold_gain":75.0,"event_name":"World of Goop","player_choice":"Gather Gold","floor":12.0,"gold_loss":0.0,"damage_taken":11.0},{"damage_healed":0.0,"max_hp_gain":0.0,"max_hp_loss":0.0,"gold_gain":0.0,"event_name":"Cursed Tome","player_choice":"Obtained Book","floor":19.0,"gold_loss":0.0,"damage_taken":16.0},{"damage_healed":0.0,"max_hp_gain":0.0,"max_hp_loss":0.0,"gold_gain":0.0,"event_name":"Upgrade Shrine","player_choice":"Upgraded","floor":21.0,"gold_loss":0.0,"damage_taken":0.0,"cards_upgraded":["Limit Break"]},{"damage_healed":0.0,"max_hp_gain":0.0,"max_hp_loss":36.0,"gold_gain":0.0,"event_name":"Vampires","player_choice":"Became a vampire","floor":31.0,"gold_loss":0.0,"damage_taken":0.0,"cards_obtained":["Bite","Bite","Bite","Bite","Bite"]},{"damage_healed":0.0,"max_hp_gain":0.0,"max_hp_loss":0.0,"gold_gain":0.0,"event_name":"MindBloom","player_choice":"Fight","floor":36.0,"gold_loss":0.0,"damage_taken":0.0},{"damage_healed":0.0,"max_hp_gain":0.0,"max_hp_loss":0.0,"gold_gain":0.0,"event_name":"The Woman in Blue","player_choice":"Bought 0 Potions","floor":38.0,"gold_loss":0.0,"damage_taken":0.0},{"damage_healed":0,"gold_gain":0,"player_choice":"Fight","damage_taken":0,"max_hp_gain":0,"max_hp_loss":0,"event_name":"Mysterious Sphere","floor":48,"gold_loss":0}],"is_beta":false,"boss_relics":[{"not_picked":["Runic Dome","Calling Bell"],"picked":"Snecko Eye"},{"not_picked":["Runic Pyramid","Pandora\u0027s Box"],"picked":"Sozu"}],"items_purged_floors":[27,37],"is_endless":false,"potions_floor_spawned":[1,14,20,24,28,35,40,42,45],"ascension_level":14}