{"gold_per_floor":[110,60,75,250,261,287,287,318,318,318,338,43,77,77,77,175,175,191,101,114,39,54,86,96,153,207,218,253,265,277,202,202,202],"floor_reached":33,"playtime":2567,"items_purged":["Doubt"],"score":422,"play_id":"7a3e0cf6-2a84-4ff3-a1c4-9cd6667200ae","local_time":"20190813190518","is_ascension_mode":true,"campfire_choices":[{"data":"Sword Boomerang","floor":7,"key":"SMITH"},{"data":"Cleave","floor":10,"key":"SMITH"},{"floor":15,"key":"REST"},{"data":"Flame Barrier","floor":32,"key":"SMITH"}],"neow_cost":"NONE","seed_source_timestamp":124002619634517,"circlet_count":0,"master_deck":["Strike_R","Strike_R","Strike_R","Defend_R","Defend_R","Defend_R","Bash","Impervious","Sword Boomerang+1","Inflame","Shrug It Off","Cleave+1","True Grit","Anger","Uppercut","Armaments+1","True Grit","Immolate","Shockwave+1","Flame Barrier+1","Battle Trance+1","Flame Barrier","Shrug It Off+1"],"relics":["Burning Blood","Bag of Preparation","Thread and Needle","Singing Bowl","Art of War","Turnip","Philosopher\u0027s Stone","Kunai","Tiny Chest","Happy Flower","Juzu Bracelet"],"potions_floor_usage":[6,8,22,25,28,33,33],"damage_taken":[{"damage":13,"enemies":"Jaw Worm","floor":1,"turns":5},{"damage":3,"enemies":"Small Slimes","floor":3,"turns":4},{"damage":3,"enemies":"2 Louse","floor":5,"turns":3},{"damage":30,"enemies":"Gremlin Nob","floor":6,"turns":4},{"damage":45,"enemies":"3 Sentries","floor":8,"turns":8},{"damage":1,"enemies":"Blue Slaver","floor":11,"turns":4},{"damage":11,"enemies":"Lagavulin","floor":13,"turns":5},{"damage":26,"enemies":"Hexaghost","floor":16,"turns":9},{"damage":5,"enemies":"Shell Parasite","floor":18,"turns":5},{"damage":0,"enemies":"Chosen","floor":20,"turns":4},{"damage":10,"enemies":"Snake Plant","floor":22,"turns":4},{"damage":44,"enemies":"Slavers","floor":23,"turns":5},{"damage":20,"enemies":"Shelled Parasite and Fungi","floor":24,"turns":5},{"damage":21,"enemies":"Gremlin Leader","floor":25,"turns":5},{"damage":12,"enemies":"Sentry and Sphere","floor":27,"turns":4},{"damage":0,"enemies":"Book of Stabbing","floor":28,"turns":5},{"damage":0,"enemies":"Cultist and Chosen","floor":29,"turns":4},{"damage":0,"enemies":"Snecko","floor":30,"turns":6},{"damage":64,"enemies":"Collector","floor":33,"turns":7}],"seed_played":"-4156511350480394828","potions_obtained":[{"floor":3,"key":"Poison Potion"},{"floor":6,"key":"LiquidBronze"},{"floor":16,"key":"EssenceOfSteel"},{"floor":18,"key":"Dexterity Potion"},{"floor":23,"key":"BloodPotion"},{"floor":27,"key":"SteroidPotion"},{"floor":29,"key":"Energy Potion"}],"is_trial":false,"path_per_floor":["M","?","M","?","M","E","R","E","T","R","M","$","E","?","R","B",null,"M","?","M","$","M","E","M","E","T","M","E","M","M","?","R","B"],"character_chosen":"IRONCLAD","items_purchased":["Art of War","Uppercut","Armaments","True Grit"],"campfire_rested":1,"item_purchase_floors":[12,12,12,12],"current_hp_per_floor":[73,73,76,76,79,55,55,16,16,16,21,21,18,18,42,22,82,82,82,84,84,82,44,32,17,17,11,19,25,33,33,33,0],"gold":202,"neow_bonus":"ONE_RANDOM_RARE_CARD","is_prod":false,"is_daily":false,"chose_seed":false,"campfire_upgraded":3,"win_rate":0,"timestamp":1565741118,"path_taken":["M","?","M","?","M","E","R","E","T","R","M","$","E","?","R","BOSS","M","?","M","?","M","E","M","E","T","M","E","M","M","?","R","BOSS"],"build_version":"2019-07-17","purchased_purges":1,"victory":false,"max_hp_per_floor":[80,80,80,80,80,80,80,80,80,80,80,80,82,82,82,82,82,82,82,84,84,86,86,88,88,88,88,90,90,92,92,92,92],"card_choices":[{"not_picked":["Sentinel","Warcry"],"picked":"Sword Boomerang","floor":1},{"not_picked":["Armaments","Iron Wave"],"picked":"Inflame","floor":3},{"not_picked":["Havoc","Seeing Red"],"picked":"Shrug It Off","floor":5},{"not_picked":["Sentinel","Wild Strike"],"picked":"Cleave","floor":6},{"not_picked":["Exhume","Armaments"],"picked":"True Grit","floor":8},{"not_picked":["Sword Boomerang","Dual Wield"],"picked":"Anger","floor":11},{"not_picked":["Body Slam","Flex","Corruption"],"picked":"Singing Bowl","floor":13},{"not_picked":["Exhume","Fiend Fire"],"picked":"Immolate","floor":16},{"not_picked":["True Grit","Body Slam"],"picked":"Shockwave+1","floor":18},{"not_picked":["Ghostly Armor","Dual Wield+1","Havoc"],"picked":"Singing Bowl","floor":20},{"not_picked":["Dual Wield","Entrench","Anger+1"],"picked":"Singing Bowl","floor":22},{"not_picked":["Flex+1","Warcry"],"picked":"Flame Barrier","floor":23},{"not_picked":["Metallicize","Warcry","Shockwave+1"],"picked":"Singing Bowl","floor":24},{"not_picked":["Fire Breathing+1","Dual Wield"],"picked":"Battle Trance+1","floor":25},{"not_picked":["Sever Soul","Headbutt+1"],"picked":"Flame Barrier","floor":27},{"not_picked":["Impervious","Heavy Blade","Bloodletting"],"picked":"Singing Bowl","floor":28},{"not_picked":["Anger","Armaments"],"picked":"Shrug It Off+1","floor":29},{"not_picked":["Flex","Searing Blow","Pommel Strike+1"],"picked":"Singing Bowl","floor":30}],"player_experience":148279,"relics_obtained":[{"floor":6,"key":"Bag of Preparation"},{"floor":8,"key":"Thread and Needle"},{"floor":9,"key":"Singing Bowl"},{"floor":13,"key":"Turnip"},{"floor":23,"key":"Kunai"},{"floor":25,"key":"Tiny Chest"},{"floor":26,"key":"Happy Flower"},{"floor":28,"key":"Juzu Bracelet"}],"event_choices":[{"cards_removed":["Strike_R"],"damage_healed":0,"gold_gain":0,"player_choice":"Card Removal","damage_taken":0,"max_hp_gain":0,"max_hp_loss":0,"event_name":"The Cleric","floor":2,"gold_loss":50},{"damage_healed":0,"gold_gain":175,"player_choice":"AGREE","damage_taken":0,"max_hp_gain":0,"max_hp_loss":0,"event_name":"Liars Game","floor":4,"gold_loss":0,"cards_obtained":["Doubt"]},{"damage_healed":0,"gold_gain":0,"player_choice":"Fled","damage_taken":0,"max_hp_gain":0,"max_hp_loss":0,"event_name":"Scrap Ooze","floor":14,"gold_loss":0},{"cards_removed":["Defend_R"],"damage_healed":0,"gold_gain":0,"player_choice":"Upgrade and Remove","damage_taken":0,"max_hp_gain":0,"max_hp_loss":0,"event_name":"Designer","floor":19,"gold_loss":90,"cards_upgraded":["Armaments"]},{"cards_removed":["Strike_R"],"damage_healed":0,"gold_gain":0,"player_choice":"Gave Gold","damage_taken":0,"max_hp_gain":0,"max_hp_loss":0,"event_name":"Beggar","floor":31,"gold_loss":75}],"is_beta":false,"boss_relics":[{"not_picked":["Runic Cube","Empty Cage"],"picked":"Philosopher\u0027s Stone"}],"items_purged_floors":[21],"is_endless":false,"potions_floor_spawned":[3,6,16,18,23,27,29],"killed_by":"Collector","ascension_level":4}