{"gold_per_floor":[368,379,379,4,4,37,47,74,145,145,76,76,95,109,109,205,205,175,175,175,28,28,28,28,28,28,28,28,28,28,28,28,28,28,28,28,28,28,28,28,28,28,28,28,28,28,28,28,28,28],"floor_reached":51,"playtime":3226,"items_purged":["Parasite"],"score":632,"play_id":"5f2a4c3c-f066-42dd-a60c-f661fd7f3367","local_time":"20190531172844","is_ascension_mode":false,"campfire_choices":[{"data":"Biased Cognition","floor":10,"key":"SMITH"},{"data":"Hologram","floor":12,"key":"SMITH"},{"data":"Capacitor","floor":15,"key":"SMITH"},{"data":"Loop","floor":23,"key":"SMITH"},{"floor":25,"key":"REST"},{"data":"Blizzard","floor":29,"key":"SMITH"},{"data":"Creative AI","floor":32,"key":"SMITH"},{"floor":40,"key":"REST"},{"floor":45,"key":"REST"},{"floor":49,"key":"REST"}],"neow_cost":"CURSE","seed_source_timestamp":1066674784517298,"circlet_count":0,"master_deck":["Strike_B+1","Defend_B+1","Defend_B","Defend_B","Zap","Dualcast","Hologram+1","Beam Cell","Ball Lightning+1","Biased Cognition+1","Leap","Coolheaded","Melter","Capacitor+1","Cold Snap","Echo Form","Loop+1","Skim","Glacier","Blizzard+1","Creative AI+1","Biased Cognition","Consume"],"relics":["Cracked Core","Cables","Whetstone","Odd Mushroom","Question Card","Ectoplasm","Omamori","Mummified Hand","Fusion Hammer","Turnip"],"potions_floor_usage":[16,16,33,39,50,50],"damage_taken":[{"damage":1,"enemies":"Cultist","floor":1,"turns":4},{"damage":6,"enemies":"Jaw Worm","floor":2,"turns":3},{"damage":14,"enemies":"3 Sentries","floor":6,"turns":6},{"damage":0,"enemies":"2 Louse","floor":7,"turns":1},{"damage":4,"enemies":"The Mushroom Lair","floor":8,"turns":4},{"damage":0,"enemies":"Blue Slaver","floor":13,"turns":3},{"damage":10,"enemies":"3 Louse","floor":14,"turns":2},{"damage":12,"enemies":"The Guardian","floor":16,"turns":8},{"damage":8,"enemies":"2 Thieves","floor":18,"turns":3},{"damage":0,"enemies":"Spheric Guardian","floor":20,"turns":2},{"damage":9,"enemies":"Snecko","floor":22,"turns":6},{"damage":8,"enemies":"Cultist and Chosen","floor":24,"turns":6},{"damage":0,"enemies":"Sentry and Sphere","floor":27,"turns":4},{"damage":4,"enemies":"Shelled Parasite and Fungi","floor":28,"turns":5},{"damage":0,"enemies":"Chosen and Byrds","floor":30,"turns":5},{"damage":1,"enemies":"Centurion and Healer","floor":31,"turns":4},{"damage":10,"enemies":"Automaton","floor":33,"turns":8},{"damage":0,"enemies":"Orb Walker","floor":35,"turns":4},{"damage":0,"enemies":"3 Shapes","floor":37,"turns":4},{"damage":0,"enemies":"Transient","floor":38,"turns":5},{"damage":0,"enemies":"4 Shapes","floor":39,"turns":11},{"damage":13,"enemies":"Writhing Mass","floor":41,"turns":6},{"damage":16,"enemies":"Jaw Worm Horde","floor":46,"turns":4},{"damage":31,"enemies":"3 Darklings","floor":47,"turns":3},{"damage":2,"enemies":"Spire Growth","floor":48,"turns":4},{"damage":18,"enemies":"Time Eater","floor":50,"turns":10}],"seed_played":"3669643375465691053","potions_obtained":[{"floor":1,"key":"FocusPotion"},{"floor":14,"key":"AttackPotion"},{"floor":18,"key":"Energy Potion"},{"floor":22,"key":"Fire Potion"},{"floor":27,"key":"EssenceOfSteel"},{"floor":33,"key":"GamblersBrew"},{"floor":39,"key":"PowerPotion"},{"floor":46,"key":"Energy Potion"}],"is_trial":false,"path_per_floor":["M","M","?","$","?","E","M","?","T","R","$","R","M","M","R","B",null,"M","?","M","$","M","R","M","R","T","M","M","R","M","M","R","B",null,"M","?","M","M","M","R","M","?","T","?","R","M","M","M","R","B",null],"character_chosen":"DEFECT","items_purchased":["Cables","Ball Lightning","Melter","Omamori"],"campfire_rested":4,"item_purchase_floors":[4,4,11,21],"current_hp_per_floor":[74,68,61,61,47,33,33,29,29,29,29,29,29,19,19,7,72,64,64,64,64,55,55,47,68,68,68,64,64,64,63,63,53,72,72,72,72,72,72,72,59,59,59,59,72,56,25,23,44,26],"gold":28,"neow_bonus":"TWO_FIFTY_GOLD","is_prod":false,"is_daily":false,"chose_seed":false,"campfire_upgraded":6,"win_rate":0.0,"timestamp":1559341724,"path_taken":["M","?","?","$","?","E","M","?","T","R","?","R","M","M","R","BOSS","M","?","M","?","M","R","M","R","T","M","M","R","?","M","R","BOSS","M","?","?","M","M","R","M","?","T","?","R","M","M","M","R","BOSS"],"build_version":"2019-01-23","purchased_purges":1,"victory":true,"max_hp_per_floor":[75,75,75,72,72,72,72,72,72,72,72,72,72,72,72,72,72,72,72,72,72,72,72,72,72,72,72,72,72,72,72,72,72,72,72,72,72,72,72,72,72,72,72,72,72,72,72,72,72,72],"card_choices":[{"not_picked":["Stack","Heatsinks"],"picked":"Hologram","floor":1},{"not_picked":["Compile Driver","Gash"],"picked":"Beam Cell","floor":2},{"not_picked":["Coolheaded","Meteor Strike"],"picked":"Biased Cognition","floor":6},{"not_picked":["Redo","Ball Lightning"],"picked":"Leap","floor":7},{"not_picked":["Sweeping Beam","Redo"],"picked":"Coolheaded","floor":8},{"not_picked":["Turbo","Stack","Ball Lightning"],"picked":"Capacitor","floor":13},{"not_picked":["Heatsinks","Ball Lightning","Skim"],"picked":"Cold Snap","floor":14},{"not_picked":["Core Surge","Multi-Cast","Hyperbeam"],"picked":"Echo Form","floor":16},{"not_picked":["Conserve Battery","Beam Cell","Coolheaded"],"picked":"Loop","floor":18},{"not_picked":["Reprogram+1","Darkness","Scrape"],"picked":"Skim","floor":20},{"not_picked":["Go for the Eyes","Cold Snap","Heatsinks"],"picked":"Glacier","floor":22},{"not_picked":["Conserve Battery","Hologram+1","Rebound","Static Discharge"],"picked":"SKIP","floor":24},{"not_picked":["Force Field","Static Discharge","Gash","Capacitor"],"picked":"SKIP","floor":27},{"not_picked":["Melter","Conserve Battery","Coolheaded"],"picked":"Blizzard","floor":28},{"not_picked":["Ball Lightning","Blizzard+1","Doom and Gloom","Static Discharge"],"picked":"SKIP","floor":30},{"not_picked":["Hologram+1","Turbo","Ball Lightning"],"picked":"Creative AI","floor":31},{"not_picked":["Electrodynamics","Amplify","Core Surge"],"picked":"Biased Cognition","floor":33},{"not_picked":["Ball Lightning+1","Conserve Battery+1","Barrage","Turbo+1"],"picked":"SKIP","floor":35},{"not_picked":["Lockon+1","Redo+1","Echo Form","Barrage"],"picked":"SKIP","floor":37},{"not_picked":["Skim+1","Leap","Storm","Compile Driver+1"],"picked":"SKIP","floor":38},{"not_picked":["Lockon","Turbo+1","Redo+1","Barrage+1"],"picked":"SKIP","floor":39},{"not_picked":["Loop","Double Energy","Steam+1","Rip and Tear"],"picked":"SKIP","floor":41},{"not_picked":["Conserve Battery","Streamline+1","Hologram+1"],"picked":"Consume","floor":46},{"not_picked":["Ball Lightning+1","Hologram","Hyperbeam","Skim"],"picked":"SKIP","floor":47},{"not_picked":["Streamline+1","Redo","Cold Snap","Static Discharge+1"],"picked":"SKIP","floor":48}],"player_experience":38843,"relics_obtained":[{"floor":6,"key":"Whetstone"},{"floor":8,"key":"Odd Mushroom"},{"floor":9,"key":"Question Card"},{"floor":26,"key":"Mummified Hand"},{"floor":43,"key":"Turnip"}],"event_choices":[{"cards_removed":["Strike_B"],"damage_healed":0,"gold_gain":0,"player_choice":"Card Removal","damage_taken":7,"max_hp_gain":0,"max_hp_loss":0,"event_name":"Golden Wing","floor":3,"gold_loss":0},{"damage_healed":0,"gold_gain":0,"player_choice":"Entered Light","damage_taken":14,"max_hp_gain":0,"max_hp_loss":0,"event_name":"Shining Light","floor":5,"gold_loss":0,"cards_upgraded":["Defend_B","Strike_B"]},{"damage_healed":0,"gold_gain":0,"player_choice":"Fought Mushrooms","damage_taken":0,"max_hp_gain":0,"max_hp_loss":0,"event_name":"Mushrooms","floor":8,"gold_loss":0},{"cards_removed":["Strike_B"],"damage_healed":0,"gold_gain":0,"player_choice":"Offered Basic","damage_taken":0,"max_hp_gain":0,"max_hp_loss":0,"event_name":"Bonfire Elementals","floor":19,"gold_loss":0},{"cards_removed":["Defend_B"],"damage_healed":0,"gold_gain":0,"player_choice":"Purged","damage_taken":0,"max_hp_gain":0,"max_hp_loss":0,"event_name":"Purifier","floor":36,"gold_loss":0},{"cards_removed":["Strike_B"],"damage_healed":0,"gold_gain":0,"player_choice":"Removed Attack","damage_taken":0,"max_hp_gain":0,"max_hp_loss":0,"event_name":"Falling","floor":42,"gold_loss":0},{"damage_healed":0,"gold_gain":100,"player_choice":"Pray","damage_taken":0,"max_hp_gain":0,"max_hp_loss":0,"event_name":"Golden Shrine","floor":44,"gold_loss":0}],"is_beta":false,"boss_relics":[{"not_picked":["Astrolabe","Eternal Feather"],"picked":"Ectoplasm"},{"not_picked":["Lizard Tail","Velvet Choker"],"picked":"Fusion Hammer"}],"items_purged_floors":[4],"is_endless":false,"potions_floor_spawned":[1,14,18,22,27,30,33,39,46,47],"ascension_level":0}