{"gold_per_floor":[110,39,39,58,36,68,68,68,68,68,68,87,117,117],"floor_reached":14,"playtime":871,"items_purged":[],"score":120,"play_id":"70552e68-f675-4272-8646-d3d2a4cadaf5","local_time":"20181205132226","is_ascension_mode":true,"campfire_choices":[{"data":"True Grit","floor":8,"key":"SMITH"},{"floor":11,"key":"REST"}],"neow_cost":"PERCENT_DAMAGE","seed_source_timestamp":1015212973115951,"circlet_count":0,"master_deck":["Strike_R","Strike_R","Defend_R","Defend_R","Defend_R","Bash","Sword Boomerang","Metallicize","Flame Barrier","True Grit+1","Feel No Pain","Evolve","Entrench"],"relics":["Burning Blood","Potion Belt","Calipers","Bag of Marbles"],"potions_floor_usage":[13,14],"damage_taken":[{"damage":0,"enemies":"Small Slimes","floor":1,"turns":4},{"damage":6,"enemies":"2 Louse","floor":4,"turns":3},{"damage":47,"enemies":"Lagavulin","floor":6,"turns":12},{"damage":7,"enemies":"Cultist","floor":12,"turns":5},{"damage":17,"enemies":"3 Sentries","floor":13,"turns":12},{"damage":56,"enemies":"Exordium Thugs","floor":14,"turns":10}],"seed_played":"-5670544633328552154","potions_obtained":[{"floor":6,"key":"SpeedPotion"},{"floor":12,"key":"SneckoOil"}],"is_trial":false,"path_per_floor":["M","$","?","M","$","E","?","R","T","?","R","M","E","M"],"character_chosen":"IRONCLAD","items_purchased":["Metallicize","True Grit"],"campfire_rested":1,"item_purchase_floors":[2,5],"current_hp_per_floor":[62,62,55,55,55,14,40,40,40,40,64,63,52,0],"gold":117,"neow_bonus":"REMOVE_TWO","is_prod":false,"is_daily":false,"chose_seed":false,"campfire_upgraded":1,"win_rate":0,"timestamp":1543994546,"path_taken":["M","$","?","M","$","E","?","R","T","?","R","?","E","M"],"build_version":"2018-11-15","purchased_purges":0,"victory":false,"max_hp_per_floor":[80,80,80,80,80,80,80,80,80,80,80,80,80,80],"card_choices":[{"not_picked":["Pommel Strike","Havoc"],"picked":"Sword Boomerang","floor":1},{"not_picked":["Warcry","Heavy Blade"],"picked":"Flame Barrier","floor":4},{"not_picked":["Berserk","Blood for Blood"],"picked":"Feel No Pain","floor":6},{"not_picked":["Sentinel","Body Slam"],"picked":"Entrench","floor":12},{"not_picked":["Dual Wield","Clash","Feed"],"picked":"SKIP","floor":13}],"player_experience":180623,"relics_obtained":[{"floor":6,"key":"Potion Belt"},{"floor":9,"key":"Calipers"},{"floor":13,"key":"Bag of Marbles"}],"event_choices":[{"cards_removed":["Strike_R"],"damage_healed":0,"gold_gain":0,"player_choice":"Card Removal","damage_taken":7,"max_hp_gain":0,"max_hp_loss":0,"event_name":"Golden Wing","floor":3,"gold_loss":0},{"damage_healed":26,"gold_gain":0,"player_choice":"Banana","damage_taken":0,"max_hp_gain":0,"max_hp_loss":0,"event_name":"Big Fish","floor":7,"gold_loss":0},{"damage_healed":0,"gold_gain":0,"cards_transformed":["Strike_R"],"player_choice":"Transformed","damage_taken":0,"max_hp_gain":0,"max_hp_loss":0,"event_name":"Transmorgrifier","floor":10,"gold_loss":0,"cards_obtained":["Evolve"]}],"is_beta":false,"boss_relics":[],"items_purged_floors":[],"is_endless":false,"potions_floor_spawned":[6,12],"killed_by":"Exordium Thugs","ascension_level":5}