{"gold_per_floor":[117,130,145,145,164,164,196,196,196,196,212,238,39,39,39,115,115,128,146,163,163,78,78,78],"floor_reached":24,"playtime":801,"items_purged":["Strike_R"],"score":371,"play_id":"6f0d588a-02e7-4312-aa72-11c48fa5781b","local_time":"20190715164843","is_ascension_mode":true,"campfire_choices":[{"data":"Uppercut","floor":6,"key":"SMITH"},{"floor":8,"key":"REST"},{"data":"Rupture","floor":10,"key":"SMITH"},{"data":"Cleave","floor":15,"key":"SMITH"},{"data":"Feed","floor":23,"key":"SMITH"}],"neow_cost":"NONE","seed_source_timestamp":494777368611142,"circlet_count":0,"master_deck":["AscendersBane","Strike_R","Strike_R","Strike_R","Defend_R","Defend_R","Defend_R","Defend_R","Bash","Brutality","Rupture+1","Pommel Strike","Sword Boomerang+1","Uppercut+1","Cleave+1","Blood for Blood","Spot Weakness","Feed+1","Shrug It Off","True Grit","Combust"],"relics":["Burning Blood","Paper Frog","Ice Cream","Nunchaku","Runic Cube"],"potions_floor_usage":[7,12,24],"damage_taken":[{"damage":14,"enemies":"Small Slimes","floor":1,"turns":4},{"damage":15,"enemies":"2 Louse","floor":2,"turns":4},{"damage":6,"enemies":"Jaw Worm","floor":3,"turns":5},{"damage":31,"enemies":"3 Louse","floor":5,"turns":4},{"damage":13,"enemies":"Lagavulin","floor":7,"turns":6},{"damage":0,"enemies":"Large Slime","floor":11,"turns":4},{"damage":17,"enemies":"Gremlin Nob","floor":12,"turns":3},{"damage":22,"enemies":"Hexaghost","floor":16,"turns":6},{"damage":3,"enemies":"Chosen","floor":18,"turns":2},{"damage":22,"enemies":"Spheric Guardian","floor":19,"turns":5},{"damage":29,"enemies":"3 Cultists","floor":20,"turns":4},{"damage":30,"enemies":"Gremlin Leader","floor":24,"turns":2}],"seed_played":"7875223613160243953","potions_obtained":[{"floor":2,"key":"Strength Potion"},{"floor":11,"key":"FearPotion"},{"floor":16,"key":"Energy Potion"},{"floor":19,"key":"SneckoOil"}],"is_trial":false,"path_per_floor":["M","M","M","?","M","R","E","R","T","R","M","E","$","?","R","B",null,"M","M","M","?","$","R","E"],"character_chosen":"IRONCLAD","items_purchased":["Blood for Blood","Spot Weakness","Combust"],"campfire_rested":1,"item_purchase_floors":[13,13,22],"current_hp_per_floor":[60,51,51,51,26,26,19,41,41,41,47,36,36,29,29,13,60,63,50,30,30,30,30,0],"gold":78,"neow_bonus":"ONE_RANDOM_RARE_CARD","is_prod":false,"is_daily":false,"chose_seed":false,"campfire_upgraded":4,"win_rate":0,"timestamp":1563227323,"path_taken":["M","M","M","?","M","R","E","R","T","R","M","E","$","?","R","BOSS","M","M","M","?","$","R","E"],"build_version":"2019-07-05","purchased_purges":1,"victory":false,"max_hp_per_floor":[75,75,75,75,75,75,75,75,75,75,75,75,75,75,75,75,75,75,78,81,81,81,81,81],"card_choices":[{"not_picked":["Cleave","Clothesline"],"picked":"Rupture","floor":1},{"not_picked":["Twin Strike","Warcry"],"picked":"Pommel Strike","floor":2},{"not_picked":["Power Through","Seeing Red"],"picked":"Sword Boomerang","floor":3},{"not_picked":["Inflame","Sword Boomerang"],"picked":"Uppercut","floor":5},{"not_picked":["Sword Boomerang","Berserk","Searing Blow"],"picked":"SKIP","floor":7},{"not_picked":["Perfected Strike","Carnage","Thunderclap"],"picked":"SKIP","floor":11},{"not_picked":["Shockwave","Flame Barrier"],"picked":"Cleave","floor":12},{"not_picked":["Juggernaut","Dark Embrace"],"picked":"Feed","floor":16},{"not_picked":["Seeing Red","Thunderclap"],"picked":"Shrug It Off","floor":18},{"not_picked":["Clash","Havoc","Perfected Strike"],"picked":"SKIP","floor":19},{"not_picked":["Spot Weakness","Armaments"],"picked":"True Grit","floor":20}],"player_experience":372942,"relics_obtained":[{"floor":7,"key":"Paper Frog"},{"floor":9,"key":"Ice Cream"},{"floor":12,"key":"Nunchaku"}],"event_choices":[{"damage_healed":0,"gold_gain":0,"player_choice":"Grow","damage_taken":0,"max_hp_gain":0,"max_hp_loss":0,"event_name":"Living Wall","floor":4,"gold_loss":0,"cards_upgraded":["Sword Boomerang"]},{"cards_removed":["Strike_R"],"damage_healed":0,"gold_gain":0,"player_choice":"Card Removal","damage_taken":7,"max_hp_gain":0,"max_hp_loss":0,"event_name":"Golden Wing","floor":14,"gold_loss":0},{"damage_healed":0,"gold_gain":0,"player_choice":"Ignored","damage_taken":0,"max_hp_gain":0,"max_hp_loss":0,"event_name":"Beggar","floor":21,"gold_loss":0}],"is_beta":false,"boss_relics":[{"not_picked":["Calling Bell","Ectoplasm"],"picked":"Runic Cube"}],"items_purged_floors":[13],"is_endless":false,"potions_floor_spawned":[2,11,16,19],"killed_by":"Gremlin Leader","ascension_level":16}