{"gold_per_floor":[111,14,28,41,54,79,79,108,108,126,139,139,5,34,34,34],"floor_reached":16,"playtime":1121,"items_purged":["Doubt","Strike_R"],"score":134,"play_id":"57e6786d-d5ad-4c09-9d15-bff7fe1b74d0","local_time":"20181127132702","is_ascension_mode":true,"campfire_choices":[{"data":"True Grit","floor":7,"key":"SMITH"},{"data":"Armaments","floor":12,"key":"SMITH"},{"data":"Shrug It Off","floor":15,"key":"SMITH"}],"neow_cost":"CURSE","seed_source_timestamp":324029351397443,"circlet_count":0,"master_deck":["Strike_R","Strike_R","Strike_R","Strike_R","Defend_R","Defend_R","Defend_R","Defend_R","Bash","Immolate","Iron Wave","Armaments+1","True Grit+1","Shrug It Off+1","Spot Weakness","Headbutt","Heavy Blade","Evolve"],"relics":["Burning Blood","Ornamental Fan","Potion Belt","Regal Pillow","Matryoshka"],"potions_floor_usage":[8,11,11],"damage_taken":[{"damage":11,"enemies":"Cultist","floor":1,"turns":5},{"damage":12,"enemies":"Small Slimes","floor":3,"turns":3},{"damage":0,"enemies":"2 Louse","floor":4,"turns":1},{"damage":10,"enemies":"Looter","floor":5,"turns":5},{"damage":27,"enemies":"Gremlin Nob","floor":6,"turns":5},{"damage":27,"enemies":"Lagavulin","floor":8,"turns":10},{"damage":16,"enemies":"3 Louse","floor":10,"turns":2},{"damage":13,"enemies":"Exordium Wildlife","floor":11,"turns":5},{"damage":6,"enemies":"Gremlin Nob","floor":14,"turns":4},{"damage":63,"enemies":"Hexaghost","floor":16,"turns":10}],"seed_played":"999055292161068715","potions_obtained":[{"floor":4,"key":"Regen Potion"},{"floor":6,"key":"Regen Potion"},{"floor":8,"key":"Regen Potion"}],"is_trial":false,"path_per_floor":["M","$","M","M","M","E","R","E","T","M","M","R","$","E","R","B"],"character_chosen":"IRONCLAD","items_purchased":["Iron Wave","Evolve"],"campfire_rested":0,"item_purchase_floors":[2,13],"current_hp_per_floor":[75,75,69,75,71,50,50,44,44,34,61,61,61,61,61,0],"gold":34,"neow_bonus":"THREE_RARE_CARDS","is_prod":false,"is_daily":false,"chose_seed":false,"campfire_upgraded":3,"win_rate":0,"timestamp":1543303622,"path_taken":["M","$","M","M","M","E","R","E","T","M","M","R","$","E","R","BOSS"],"build_version":"2018-11-15","purchased_purges":2,"victory":false,"max_hp_per_floor":[80,80,80,80,80,80,80,80,80,80,80,80,80,80,80,80],"card_choices":[{"not_picked":["Limit Break","Berserk"],"picked":"Immolate","floor":0},{"not_picked":["Perfected Strike","Body Slam","Anger"],"picked":"SKIP","floor":1},{"not_picked":["Warcry","Carnage","Anger"],"picked":"SKIP","floor":3},{"not_picked":["Corruption","Anger"],"picked":"Armaments","floor":4},{"not_picked":["Wild Strike","Limit Break"],"picked":"True Grit","floor":5},{"not_picked":["Wild Strike","Armaments"],"picked":"Shrug It Off","floor":6},{"not_picked":["Carnage","Disarm"],"picked":"Spot Weakness","floor":8},{"not_picked":["Disarm","Rage"],"picked":"Headbutt","floor":10},{"not_picked":["Body Slam","Thunderclap"],"picked":"Heavy Blade","floor":11},{"not_picked":["Sentinel","Perfected Strike","Iron Wave"],"picked":"SKIP","floor":14}],"player_experience":86760,"relics_obtained":[{"floor":6,"key":"Ornamental Fan"},{"floor":8,"key":"Potion Belt"},{"floor":9,"key":"Regal Pillow"},{"floor":14,"key":"Matryoshka"}],"event_choices":[],"is_beta":false,"boss_relics":[],"items_purged_floors":[2,13],"is_endless":false,"potions_floor_spawned":[4,6,8],"killed_by":"Hexaghost","ascension_level":2}