{"gold_per_floor":[11,31,31,31,31,31,50,85,85,85,96,114,114,114,114,188,188,203,214,234,284,284,284],"floor_reached":23,"playtime":1705,"items_purged":[],"score":482,"play_id":"22183804-9cfa-4a07-b6ae-3c12407706be","local_time":"20190815145300","is_ascension_mode":true,"campfire_choices":[{"floor":6.0,"key":"DIG"},{"floor":10.0,"key":"REST"},{"floor":15.0,"key":"REST"}],"neow_cost":"NO_GOLD","seed_source_timestamp":21359348566800,"circlet_count":0,"master_deck":["AscendersBane","Strike_G","Strike_G+1","Strike_G","Defend_G","Defend_G","Defend_G","Defend_G","Defend_G","Survivor","Neutralize","Predator","Flying Knee","Cloak And Dagger","Poisoned Stab","Footwork+1","Blade Dance","Envenom","PiercingWail","Poisoned Stab+1","Deflect"],"special_seed":0,"relics":["Ring of the Snake","Shovel","Matryoshka","Darkstone Periapt","FossilizedHelix","Lantern","Du-Vu Doll","Black Star"],"potions_floor_usage":[19,20],"damage_taken":[{"damage":0.0,"enemies":"Jaw Worm","floor":1.0,"turns":5.0},{"damage":1.0,"enemies":"Cultist","floor":2.0,"turns":4.0},{"damage":0.0,"enemies":"2 Louse","floor":7.0,"turns":2.0},{"damage":28.0,"enemies":"Lagavulin","floor":8.0,"turns":7.0},{"damage":0.0,"enemies":"Large Slime","floor":11.0,"turns":3.0},{"damage":0.0,"enemies":"Lots of Slimes","floor":12.0,"turns":4.0},{"damage":0.0,"enemies":"The Guardian","floor":16.0,"turns":14.0},{"damage":16,"enemies":"Shell Parasite","floor":18,"turns":6},{"damage":41,"enemies":"3 Byrds","floor":19,"turns":9},{"damage":0,"enemies":"Snecko","floor":20,"turns":5},{"damage":72,"enemies":"Book of Stabbing","floor":23,"turns":6}],"seed_played":"-3655367900145329988","potions_obtained":[{"floor":7.0,"key":"Energy Potion"},{"floor":8.0,"key":"Ancient Potion"},{"floor":12.0,"key":"Strength Potion"},{"floor":18,"key":"Block Potion"}],"is_trial":false,"path_per_floor":["M","M","?","T","$","R","M","E","T","R","M","M","?","?","R","B",null,"M","M","M","?","?","E"],"character_chosen":"THE_SILENT","items_purchased":[],"campfire_rested":2,"item_purchase_floors":[],"current_hp_per_floor":[59,58,58,58,58,58,58,30,30,49,49,49,29,22,41,41,60,44,3,3,3,66,0],"gold":284,"neow_bonus":"ONE_RARE_RELIC","is_prod":false,"is_daily":false,"chose_seed":false,"campfire_upgraded":0,"win_rate":0,"timestamp":1565873580,"path_taken":["M","M","?","?","?","R","?","E","T","R","M","M","?","?","R","BOSS","M","M","M","?","?","E"],"build_version":"2019-07-17","purchased_purges":0,"victory":false,"max_hp_per_floor":[66,66,66,66,66,66,66,66,66,66,66,66,66,66,66,66,66,66,66,66,66,66,66],"card_choices":[{"not_picked":["Acrobatics","Slice"],"picked":"Predator","floor":1.0},{"not_picked":["Choke","Outmaneuver"],"picked":"Flying Knee","floor":2.0},{"not_picked":["Eviscerate","PiercingWail"],"picked":"Cloak And Dagger","floor":7.0},{"not_picked":["Night Terror","Slice"],"picked":"Poisoned Stab","floor":8.0},{"not_picked":["Quick Slash","Acrobatics"],"picked":"Footwork","floor":11.0},{"not_picked":["Crippling Poison","Cloak And Dagger"],"picked":"Blade Dance","floor":12.0},{"not_picked":["Malaise","Glass Knife"],"picked":"Envenom","floor":16.0},{"not_picked":["Deadly Poison","Quick Slash+1"],"picked":"PiercingWail","floor":18},{"not_picked":["Quick Slash","Dagger Throw"],"picked":"Poisoned Stab+1","floor":19},{"not_picked":["Quick Slash","Outmaneuver"],"picked":"Deflect","floor":20}],"player_experience":1018717,"relics_obtained":[{"floor":4.0,"key":"Matryoshka"},{"floor":6.0,"key":"Darkstone Periapt"},{"floor":8.0,"key":"FossilizedHelix"},{"floor":9.0,"key":"Lantern"},{"floor":9.0,"key":"Du-Vu Doll"}],"event_choices":[{"damage_healed":0.0,"max_hp_gain":0.0,"max_hp_loss":0.0,"gold_gain":0.0,"cards_transformed":["Strike_G"],"event_name":"Living Wall","player_choice":"Change","floor":3.0,"gold_loss":0.0,"damage_taken":0.0,"cards_obtained":["Masterful Stab"]},{"damage_healed":0.0,"max_hp_gain":0.0,"max_hp_loss":0.0,"gold_gain":0.0,"event_name":"Shining Light","player_choice":"Entered Light","floor":13.0,"gold_loss":0.0,"damage_taken":20.0,"cards_upgraded":["Footwork","Strike_G"]},{"cards_removed":["Strike_G"],"damage_healed":0.0,"max_hp_gain":0.0,"max_hp_loss":0.0,"gold_gain":0.0,"event_name":"Golden Wing","player_choice":"Card Removal","floor":14.0,"gold_loss":0.0,"damage_taken":7.0},{"damage_healed":0,"gold_gain":50,"player_choice":"Stole From Cult","damage_taken":0,"max_hp_gain":0,"max_hp_loss":0,"event_name":"Nest","floor":21,"gold_loss":0},{"cards_removed":["Masterful Stab"],"damage_healed":63,"gold_gain":0,"player_choice":"Offered Uncommon","damage_taken":0,"max_hp_gain":0,"max_hp_loss":0,"event_name":"Bonfire Elementals","floor":22,"gold_loss":0}],"is_beta":false,"boss_relics":[{"not_picked":["Orrery","White Beast Statue"],"picked":"Black Star"}],"items_purged_floors":[],"is_endless":false,"potions_floor_spawned":[7,8,12,18],"killed_by":"Book of Stabbing","ascension_level":20}