{"gold_per_floor":[115,68,68,68,81,81,94,123,123,123,153,164,216,248,248,322,322,332,332,346,8,8,35,35,35,58,58,88,106,106,116,116,189,189,207,207,220,220,273,300,300,334,334,369,414,429,456,473,473,473,473,473,101,130,130],"floor_reached":56,"playtime":2377,"items_purged":["Strike_B","Defend_B"],"score":1990,"play_id":"8c7c52d4-683d-42f6-8274-321e3bbb3412","local_time":"20190721233750","is_ascension_mode":true,"campfire_choices":[{"data":"Zap","floor":6,"key":"SMITH"},{"data":"Defragment","floor":15,"key":"SMITH"},{"data":"Defragment","floor":25,"key":"SMITH"},{"data":"White Noise","floor":27,"key":"SMITH"},{"data":"Recycle","floor":32,"key":"SMITH"},{"floor":41,"key":"RECALL"},{"data":"Buffer","floor":49,"key":"SMITH"},{"data":"Coolheaded","floor":52,"key":"SMITH"}],"neow_cost":"NONE","seed_source_timestamp":32407316552103,"circlet_count":0,"master_deck":["AscendersBane","Defend_B","Defend_B","Defend_B","Zap+1","Dualcast","Ball Lightning+1","Coolheaded","Genetic Algorithm","White Noise+1","Conserve Battery","Glacier","Defragment+1","Biased Cognition","Coolheaded","Defragment+1","Storm","Machine Learning","Coolheaded+1","Electrodynamics","Buffer+1","Recycle+1","Core Surge","Sunder","Glacier","Self Repair","Storm+1"],"relics":["Cracked Core","NeowsBlessing","Mercury Hourglass","Bottled Lightning","Symbiotic Virus","Thread and Needle","Bird Faced Urn","Juzu Bracelet","Runic Pyramid","Lee\u0027s Waffle","Ancient Tea Set","Potion Belt","Torii","Velvet Choker","Centennial Puzzle","Calipers","Happy Flower","Gambling Chip","Unceasing Top","Regal Pillow","Runic Capacitor","Oddly Smooth Stone"],"potions_floor_usage":[8,28,55,55,55],"damage_taken":[{"damage":0,"enemies":"Cultist","floor":1,"turns":1},{"damage":0,"enemies":"Jaw Worm","floor":5,"turns":1},{"damage":0,"enemies":"2 Louse","floor":7,"turns":1},{"damage":25,"enemies":"Lagavulin","floor":8,"turns":5},{"damage":11,"enemies":"Gremlin Nob","floor":11,"turns":3},{"damage":1,"enemies":"Large Slime","floor":12,"turns":5},{"damage":6,"enemies":"3 Sentries","floor":14,"turns":5},{"damage":9,"enemies":"The Guardian","floor":16,"turns":9},{"damage":0,"enemies":"Chosen","floor":18,"turns":5},{"damage":18,"enemies":"2 Thieves","floor":20,"turns":4},{"damage":24,"enemies":"Gremlin Leader","floor":23,"turns":9},{"damage":16,"enemies":"Slavers","floor":28,"turns":3},{"damage":15,"enemies":"Snake Plant","floor":29,"turns":4},{"damage":0,"enemies":"Sentry and Sphere","floor":31,"turns":3},{"damage":31,"enemies":"Collector","floor":33,"turns":9},{"damage":13,"enemies":"Orb Walker","floor":35,"turns":3},{"damage":12,"enemies":"3 Shapes","floor":37,"turns":2},{"damage":7,"enemies":"Reptomancer","floor":40,"turns":6},{"damage":18,"enemies":"Nemesis","floor":42,"turns":13},{"damage":9,"enemies":"Giant Head","floor":44,"turns":10},{"damage":16,"enemies":"2 Orb Walkers","floor":45,"turns":2},{"damage":0,"enemies":"Spire Growth","floor":46,"turns":6},{"damage":19,"enemies":"Reptomancer","floor":47,"turns":6},{"damage":0,"enemies":"4 Shapes","floor":48,"turns":3},{"damage":29,"enemies":"Awakened One","floor":50,"turns":19},{"damage":18,"enemies":"Shield and Spear","floor":54,"turns":3},{"damage":1,"enemies":"The Heart","floor":55,"turns":10}],"seed_played":"6312662401737370314","potions_obtained":[{"floor":1,"key":"EssenceOfSteel"},{"floor":8,"key":"GamblersBrew"},{"floor":11,"key":"Swift Potion"},{"floor":29,"key":"PowerPotion"},{"floor":33,"key":"Energy Potion"},{"floor":37,"key":"Ancient Potion"},{"floor":54,"key":"LiquidBronze"}],"is_trial":false,"path_per_floor":["M","$","?","?","M","R","M","E","T","T","E","M","?","E","R","B",null,"M","?","M","$","$","E","?","R","T","R","E","M","?","M","R","B",null,"M","?","M","?","T","E","R","E","T","E","?","M","E","M","R","B",null,"R","$","E","B",null],"character_chosen":"DEFECT","items_purchased":["Coolheaded","Defragment","Lee\u0027s Waffle","Runic Capacitor","Ancient Potion"],"campfire_rested":0,"item_purchase_floors":[2,21,21,53,53],"current_hp_per_floor":[64,64,64,64,64,64,64,39,39,39,28,29,29,25,25,20,58,64,64,52,78,78,58,58,58,58,58,54,47,47,57,57,42,69,68,68,66,66,66,73,73,66,66,73,65,78,74,78,78,70,76,76,76,73,78],"gold":130,"neow_bonus":"THREE_ENEMY_KILL","is_prod":false,"is_daily":false,"chose_seed":false,"campfire_upgraded":7,"win_rate":0,"timestamp":1563766670,"path_taken":["M","$","?","?","?","R","M","E","T","?","E","M","?","E","R","BOSS","M","?","M","?","$","E","?","R","T","R","E","M","?","M","R","BOSS","M","?","M","?","?","E","R","E","T","E","?","M","E","M","R","BOSS","R","$","E","BOSS"],"build_version":"2019-07-17","purchased_purges":2,"victory":true,"max_hp_per_floor":[71,71,71,71,71,71,71,71,71,71,71,71,71,71,71,71,71,71,71,71,78,78,78,78,78,78,78,78,78,78,78,78,78,78,78,78,78,78,78,78,78,78,78,78,78,78,78,78,78,78,78,78,78,78,78],"card_choices":[{"not_picked":["Blizzard","Barrage"],"picked":"Ball Lightning","floor":1},{"not_picked":["Tempest","Reprogram"],"picked":"Genetic Algorithm","floor":5},{"not_picked":["Stack","Hologram"],"picked":"White Noise","floor":7},{"not_picked":["Gash","Lockon"],"picked":"Conserve Battery","floor":8},{"not_picked":["Steam","Double Energy","Hologram"],"picked":"SKIP","floor":11},{"not_picked":["Electrodynamics","Turbo"],"picked":"Glacier","floor":12},{"not_picked":["Rebound","Doom and Gloom"],"picked":"Defragment","floor":14},{"not_picked":["Electrodynamics","Multi-Cast"],"picked":"Biased Cognition","floor":16},{"not_picked":["Ball Lightning","Streamline"],"picked":"Coolheaded","floor":18},{"not_picked":["Streamline","Go for the Eyes","Conserve Battery"],"picked":"SKIP","floor":20},{"not_picked":["Darkness","Coolheaded"],"picked":"Storm","floor":23},{"not_picked":["Go for the Eyes","Steam"],"picked":"Coolheaded","floor":28},{"not_picked":["Streamline","Gash","Redo"],"picked":"SKIP","floor":29},{"not_picked":["Hologram","Redo"],"picked":"Recycle","floor":31},{"not_picked":["Biased Cognition","Rainbow"],"picked":"Core Surge","floor":33},{"not_picked":["Force Field+1","Gash","Blizzard"],"picked":"SKIP","floor":35},{"not_picked":["Cold Snap+1","Steam","Hello World"],"picked":"SKIP","floor":37},{"not_picked":["Double Energy","Hologram","Steam"],"picked":"SKIP","floor":40},{"not_picked":["Recycle+1","Beam Cell+1"],"picked":"Sunder","floor":42},{"not_picked":["Tempest","Gash"],"picked":"Glacier","floor":44},{"not_picked":["Skim","Melter"],"picked":"Self Repair","floor":46},{"not_picked":["Compile Driver+1","Tempest","FTL"],"picked":"SKIP","floor":47},{"not_picked":["Meteor Strike","Stack"],"picked":"Storm+1","floor":48},{"not_picked":["Go for the Eyes","Rip and Tear+1","Skim"],"picked":"SKIP","floor":54}],"player_experience":715254,"relics_obtained":[{"floor":4,"key":"Mercury Hourglass"},{"floor":8,"key":"Bottled Lightning"},{"floor":9,"key":"Symbiotic Virus"},{"floor":10,"key":"Thread and Needle"},{"floor":11,"key":"Bird Faced Urn"},{"floor":14,"key":"Juzu Bracelet"},{"floor":23,"key":"Ancient Tea Set"},{"floor":26,"key":"Potion Belt"},{"floor":28,"key":"Torii"},{"floor":39,"key":"Centennial Puzzle"},{"floor":40,"key":"Calipers"},{"floor":42,"key":"Happy Flower"},{"floor":44,"key":"Gambling Chip"},{"floor":45,"key":"Unceasing Top"},{"floor":47,"key":"Regal Pillow"},{"floor":54,"key":"Oddly Smooth Stone"}],"event_choices":[{"damage_healed":0,"gold_gain":0,"player_choice":"Grow","damage_taken":0,"max_hp_gain":0,"max_hp_loss":0,"event_name":"Living Wall","floor":3,"gold_loss":0,"cards_upgraded":["Ball Lightning"]},{"damage_healed":0,"gold_gain":0,"player_choice":"Relic","damage_taken":0,"max_hp_gain":0,"max_hp_loss":0,"event_name":"Wheel of Change","floor":4,"gold_loss":0},{"damage_healed":0,"gold_gain":52,"player_choice":"Gained Gold","damage_taken":0,"max_hp_gain":0,"max_hp_loss":0,"event_name":"Golden Wing","floor":13,"gold_loss":0},{"damage_healed":0,"gold_gain":0,"cards_transformed":["Strike_B"],"player_choice":"Transformed","damage_taken":0,"max_hp_gain":0,"max_hp_loss":0,"event_name":"Transmorgrifier","floor":19,"gold_loss":0,"cards_obtained":["Fusion"]},{"damage_healed":0,"gold_gain":0,"player_choice":"1 cards matched","damage_taken":0,"max_hp_gain":0,"max_hp_loss":0,"event_name":"Match and Keep!","floor":24,"gold_loss":0,"cards_obtained":["Machine Learning"]},{"damage_healed":0,"gold_gain":0,"cards_transformed":["Fusion","Strike_B"],"player_choice":"Became Test Subject","damage_taken":0,"max_hp_gain":0,"max_hp_loss":0,"event_name":"Drug Dealer","floor":30,"gold_loss":0,"cards_obtained":["Electrodynamics","Buffer"]},{"cards_removed":["Strike_B"],"damage_healed":0,"gold_gain":0,"player_choice":"Removed Attack","damage_taken":0,"max_hp_gain":0,"max_hp_loss":0,"event_name":"Falling","floor":36,"gold_loss":0},{"damage_healed":0,"gold_gain":0,"player_choice":"Ignored","damage_taken":0,"max_hp_gain":0,"max_hp_loss":0,"event_name":"Tomb of Lord Red Mask","floor":38,"gold_loss":0},{"damage_healed":0,"gold_gain":0,"player_choice":"Fight","damage_taken":0,"max_hp_gain":0,"max_hp_loss":0,"event_name":"Mysterious Sphere","floor":45,"gold_loss":0}],"is_beta":false,"boss_relics":[{"not_picked":["Lizard Tail","Pandora\u0027s Box"],"picked":"Runic Pyramid"},{"not_picked":["Philosopher\u0027s Stone","Orrery"],"picked":"Velvet Choker"}],"items_purged_floors":[21,53],"is_endless":false,"potions_floor_spawned":[1,8,11,23,29,33,37,44,45,46,48,54],"ascension_level":14}