{"path_per_floor":["M","M","$","M","?","?","E","M","T","$","E","M","?"],"character_chosen":"THE_SILENT","items_purchased":["Backflip","Finesse","Blood Vial","Flying Knee","Dagger Spray"],"gold_per_floor":[109,126,5,22,22,197,223,233,260,22,56,71,71],"floor_reached":14,"campfire_rested":0,"playtime":1075,"current_hp_per_floor":[68,68,68,66,66,66,17,26,26,26,12,14,14],"items_purged":[],"gold":71,"play_id":"4225cf4b-a0e7-49b3-b31e-c2f28a676cb4","is_prod":false,"is_daily":false,"campfire_rituals":0,"campfire_upgraded":0,"is_hardmode":false,"path_taken":["M","?","$","M","?","?","E","?","T","?","E","M","?","M"],"build_version":"2018-01-11-PROD2","purchased_purges":0,"victory":false,"master_deck":["Defend_G","Defend_G","Defend_G","Defend_G","Defend_G","Strike_G","Strike_G","Strike_G","Strike_G","Strike_G","Survivor","Neutralize","Deflect","Dagger Spray","Backflip","Finesse","Prepared","Doubt","Quick Slash","Distraction","Flying Knee","Dagger Spray","Flying Knee","A Thousand Cuts"],"max_hp_per_floor":[70,70,70,70,70,70,70,70,70,70,70,70,70],"relics":["Ring of the Snake","Omamori","War Paint","Blood Vial","Calipers"],"campfire_meditates":0,"card_choices":[{"not_picked":["Well Laid Plans","Calculated Gamble"],"picked":"Deflect"},{"not_picked":["Outmaneuver","Prepared"],"picked":"Dagger Spray"},{"not_picked":["Dash","Dagger Spray"],"picked":"Prepared"},{"not_picked":["Poisoned Stab","Escape Plan"],"picked":"Quick Slash"},{"not_picked":["PiercingWail","Sucker Punch"],"picked":"Distraction"},{"not_picked":["Outmaneuver","Dagger Throw"],"picked":"Flying Knee"},{"not_picked":["Masterful Stab","Dash"],"picked":"A Thousand Cuts"}],"player_experience":27455,"potions_floor_usage":[7,8],"damage_taken":[{"damage":2,"enemies":"Blue Slaver","floor":1,"turns":5},{"damage":0,"enemies":"Small Slimes","floor":2,"turns":5},{"damage":2,"enemies":"Jaw Worm","floor":4,"turns":5},{"damage":49,"enemies":"Gremlin Nob","floor":7,"turns":6},{"damage":6,"enemies":"3 Louse","floor":8,"turns":7},{"damage":16,"enemies":"Lagavulin","floor":11,"turns":8},{"damage":0,"enemies":"Exordium Wildlife","floor":12,"turns":4},{"damage":21,"enemies":"Exordium Thugs","floor":14,"turns":1}],"event_choices":[{"event_name":"The Cleric","player_choice":"Leave","floor":5,"damage_taken":0},{"event_name":"Liars Game","player_choice":"agreed","floor":6,"damage_taken":0},{"event_name":"Golden Wing","player_choice":"Ignored","floor":13,"damage_taken":0}],"boss_relics":[],"potions_floor_spawned":[1,7,12],"seed_played":"-5188136612203884320","killed_by":"Exordium Thugs","is_trial":false}