{"gold_per_floor":[115,127,142,152,252,280,280,12,58,70,70,83,83,83,83,207,270,293,311,329,405,7,38,38,82,156,192,204,216,249,261],"floor_reached":31,"playtime":1497,"items_purged":["Strike_B"],"score":350,"play_id":"aa1cdf46-1294-4b22-8b3c-2833d895af6d","local_time":"20190812181852","is_ascension_mode":true,"campfire_choices":[{"data":"Electrodynamics","floor":7,"key":"SMITH"},{"data":"Coolheaded","floor":13,"key":"SMITH"},{"floor":15,"key":"REST"},{"data":"Electrodynamics","floor":24,"key":"SMITH"},{"data":"Consume","floor":28,"key":"SMITH"}],"neow_cost":"NONE","seed_source_timestamp":35881722180218,"circlet_count":0,"master_deck":["Strike_B+1","Strike_B","Defend_B","Defend_B","Defend_B","Defend_B","Zap","Dualcast","Electrodynamics+1","FTL","Coolheaded+1","Lockon","Steam","Rebound+1","Ball Lightning","Electrodynamics+1","Cold Snap+1","Consume+1","Conserve Battery","FTL+1","Madness+1","Zap+1","Machine Learning","Steam+1"],"relics":["Cracked Core","Matryoshka","PreservedInsect","Smiling Mask","Art of War","Golden Idol","Tiny House","Whetstone","Toxic Egg 2","Mango","Omamori","Unceasing Top","Singing Bowl","MawBank"],"potions_floor_usage":[25,27,27,31],"damage_taken":[{"damage":5,"enemies":"Small Slimes","floor":1,"turns":3},{"damage":1,"enemies":"Cultist","floor":2,"turns":3},{"damage":0,"enemies":"2 Louse","floor":3,"turns":1},{"damage":3,"enemies":"Gremlin Gang","floor":4,"turns":2},{"damage":21,"enemies":"Lagavulin","floor":6,"turns":7},{"damage":3,"enemies":"Red Slaver","floor":10,"turns":2},{"damage":7,"enemies":"Exordium Thugs","floor":12,"turns":4},{"damage":5,"enemies":"Slime Boss","floor":16,"turns":6},{"damage":0,"enemies":"Spheric Guardian","floor":18,"turns":3},{"damage":12,"enemies":"Chosen","floor":19,"turns":3},{"damage":27,"enemies":"Snecko","floor":20,"turns":4},{"damage":13,"enemies":"Gremlin Leader","floor":23,"turns":4},{"damage":29,"enemies":"Slavers","floor":25,"turns":2},{"damage":13,"enemies":"Book of Stabbing","floor":27,"turns":3},{"damage":9,"enemies":"Sentry and Sphere","floor":30,"turns":3},{"damage":6,"enemies":"Snake Plant","floor":31,"turns":1}],"seed_played":"7028921732015598068","potions_obtained":[{"floor":2,"key":"Explosive Potion"},{"floor":3,"key":"GamblersBrew"},{"floor":6,"key":"Regen Potion"},{"floor":25,"key":"Poison Potion"},{"floor":30,"key":"Ancient Potion"}],"is_trial":false,"path_per_floor":["M","M","M","M","?","E","R","$","T","M","?","M","R","?","R","B",null,"M","M","M","T","$","E","R","E","T","E","R","?","M","M"],"character_chosen":"DEFECT","items_purchased":["PreservedInsect","Ball Lightning","Mango","Madness+1"],"campfire_rested":1,"item_purchase_floors":[8,8,22,22],"current_hp_per_floor":[70,69,69,66,66,45,45,45,45,42,24,17,17,17,39,34,80,80,68,41,41,55,42,42,13,13,11,11,11,2,0],"gold":261,"neow_bonus":"ONE_RANDOM_RARE_CARD","is_prod":false,"is_daily":false,"chose_seed":false,"campfire_upgraded":4,"win_rate":0,"timestamp":1565651932,"path_taken":["M","M","M","M","?","E","R","?","T","M","?","M","R","?","R","BOSS","M","M","?","?","$","E","R","E","T","E","R","?","M","?"],"build_version":"2019-07-17","purchased_purges":1,"victory":false,"max_hp_per_floor":[75,75,75,75,75,75,75,75,75,75,75,75,75,75,75,75,80,80,80,80,80,94,94,94,94,94,96,96,96,96,96],"card_choices":[{"not_picked":["Streamline","Recycle"],"picked":"FTL","floor":1},{"not_picked":["Compile Driver","Turbo"],"picked":"Coolheaded","floor":2},{"not_picked":["Coolheaded","Scrape"],"picked":"Lockon","floor":3},{"not_picked":["FTL","Skim"],"picked":"Steam","floor":4},{"not_picked":["Redo","Amplify"],"picked":"Rebound","floor":6},{"not_picked":["Gash","Barrage","Blizzard"],"picked":"SKIP","floor":10},{"not_picked":["Ball Lightning","Streamline","Stack"],"picked":"SKIP","floor":12},{"not_picked":["Hyperbeam","Fission"],"picked":"Electrodynamics","floor":16},{"not_picked":["Steam Power","Rebound"],"picked":"Cold Snap","floor":17},{"not_picked":["Barrage","Coolheaded"],"picked":"Consume","floor":18},{"not_picked":["Steam","Go for the Eyes"],"picked":"Conserve Battery","floor":19},{"not_picked":["Sweeping Beam","Gash"],"picked":"FTL+1","floor":20},{"not_picked":["Rebound","Rip and Tear+1","Cold Snap"],"picked":"SKIP","floor":23},{"not_picked":["Gash","All For One","Capacitor+1"],"picked":"SKIP","floor":25},{"not_picked":["Steam Power+1","Cold Snap","Streamline"],"picked":"Singing Bowl","floor":27},{"not_picked":["Rebound","Turbo+1"],"picked":"Steam+1","floor":30}],"player_experience":134179,"relics_obtained":[{"floor":6,"key":"Matryoshka"},{"floor":9,"key":"Smiling Mask"},{"floor":9,"key":"Art of War"},{"floor":21,"key":"Whetstone"},{"floor":21,"key":"Toxic Egg 2"},{"floor":23,"key":"Omamori"},{"floor":25,"key":"Unceasing Top"},{"floor":26,"key":"Singing Bowl"},{"floor":27,"key":"MawBank"}],"event_choices":[{"damage_healed":0,"gold_gain":100,"player_choice":"Gold","damage_taken":0,"max_hp_gain":0,"max_hp_loss":0,"event_name":"Wheel of Change","floor":5,"gold_loss":0},{"damage_healed":0,"gold_gain":0,"player_choice":"Take Damage","damage_taken":18,"relics_obtained":["Golden Idol"],"max_hp_gain":0,"max_hp_loss":0,"event_name":"Golden Idol","floor":11,"gold_loss":0},{"cards_removed":["Strike_B"],"damage_healed":0,"gold_gain":0,"player_choice":"Purged","damage_taken":0,"max_hp_gain":0,"max_hp_loss":0,"event_name":"Purifier","floor":14,"gold_loss":0},{"damage_healed":0,"gold_gain":0,"player_choice":"2 cards matched","damage_taken":0,"max_hp_gain":0,"max_hp_loss":0,"event_name":"Match and Keep!","floor":29,"gold_loss":0,"cards_obtained":["Zap","Machine Learning"]}],"is_beta":false,"boss_relics":[{"not_picked":["Busted Crown","Cursed Key"],"picked":"Tiny House"}],"items_purged_floors":[8],"is_endless":false,"potions_floor_spawned":[2,3,6,20,25,30],"killed_by":"Snake Plant","ascension_level":2}