{"path_per_floor":["M","M","?","?","M","E","M","?","T","E","R","T","M","$","R","B",null,"M","$","M","M","?","R","E","R","T","E","M","?","M","E","R","B",null,"M","?","M","M","M","E","R","M","T","M","M","$","E","$","R","B"],"character_chosen":"THE_SILENT","items_purchased":["Adrenaline","Underhanded Strike","Acrobatics","Tactician","Well Laid Plans","Blood Vial","Flash of Steel","Infinite Blades","Predator"],"gold_per_floor":[110,122,122,122,137,180,194,194,270,301,301,301,326,73,73,194,194,214,4,29,44,44,44,87,87,87,126,149,149,168,201,201,331,331,351,351,372,396,414,454,454,478,478,493,507,11,42,42,42,42],"floor_reached":51,"campfire_rested":4,"playtime":4475,"current_hp_per_floor":[70,67,67,65,65,47,42,35,35,15,34,34,34,34,34,43,65,65,65,64,52,52,52,49,49,49,29,26,26,21,16,50,15,65,62,75,75,50,45,15,52,13,13,17,21,21,26,26,64,7],"items_purged":["Strike_G","Parasite"],"gold":42,"play_id":"6cfca2b8-a045-47ed-95dc-054a7b049250","is_prod":false,"is_daily":false,"campfire_rituals":0,"campfire_upgraded":3,"is_hardmode":false,"path_taken":["M","M","?","?","M","E","?","?","T","E","R","?","M","?","R","BOSS","M","$","M","M","?","R","E","R","T","E","M","?","M","E","R","BOSS","M","?","M","M","M","E","R","M","T","M","?","?","E","$","R","BOSS"],"build_version":"2018-01-18-PROD3","purchased_purges":2,"victory":true,"master_deck":["Defend_G","Defend_G","Defend_G","Defend_G","Strike_G","Strike_G","Strike_G","Strike_G","Survivor","Neutralize","Prepared","Flying Knee","Deflect","Acrobatics","Flying Knee","Predator","Dagger Throw","Adrenaline","Underhanded Strike","Acrobatics","Tools of the Trade","Underhanded Strike","Well Laid Plans","Dagger Spray","Caltrops","Flying Knee","Sucker Punch","Leg Sweep","Slice","Prepared","Tactician","Prepared","Flechettes","Underhanded Strike","Prepared","Leg Sweep","Backflip","Reflex","Caltrops","Flash of Steel","Infinite Blades","Predator","After Image"],"max_hp_per_floor":[70,70,70,65,65,65,65,65,65,65,65,65,65,65,65,65,65,65,65,65,65,65,65,65,65,65,65,65,65,65,65,65,65,65,65,75,75,75,75,75,75,75,75,75,75,72,79,79,79,79],"relics":["Ring of the Snake","Golden Idol","Lantern","Pantograph","Dodecahedron","Matryoshka","Molten Egg","Tingsha","Cursed Key","Bird Faced Urn","Regal Pillow","Bottled Tornado","Bottled Flame","Bag of Preparation","Sozu","Omamori","Torii","Blood Vial","Strawberry"],"campfire_meditates":0,"card_choices":[{"not_picked":["Dodge and Roll","Masterful Stab"],"picked":"Prepared"},{"not_picked":["Deflect","Endless Agony"],"picked":"Flying Knee"},{"not_picked":["Endless Agony","Malaise"],"picked":"Deflect"},{"not_picked":["Sucker Punch","Distraction"],"picked":"Acrobatics"},{"not_picked":["Sucker Punch","Masterful Stab"],"picked":"Flying Knee"},{"not_picked":["Catalyst","Bane"],"picked":"Predator"},{"not_picked":["Quick Slash","Doppelganger"],"picked":"Dagger Throw"},{"not_picked":["Corpse Explosion","Wraith Form"],"picked":"Tools of the Trade"},{"not_picked":["Outmaneuver","All Out Attack"],"picked":"Underhanded Strike"},{"not_picked":["Outmaneuver","Bouncing Flask"],"picked":"Dagger Spray"},{"not_picked":["Poisoned Stab","Malaise"],"picked":"Caltrops"},{"not_picked":["Flechettes","Bane"],"picked":"Flying Knee"},{"not_picked":["Bane","Predator"],"picked":"Sucker Punch"},{"not_picked":["Noxious Fumes","PiercingWail"],"picked":"Leg Sweep"},{"not_picked":["PiercingWail","Sucker Punch"],"picked":"Slice"},{"not_picked":["Unload","Reflex"],"picked":"Prepared"},{"not_picked":["Venomology","Corpse Explosion"],"picked":"Tactician"},{"not_picked":["Outmaneuver","Deadly Poison"],"picked":"Prepared"},{"not_picked":["Acrobatics","Outmaneuver"],"picked":"Flechettes"},{"not_picked":["Quick Slash","Dash"],"picked":"Underhanded Strike"},{"not_picked":["Deflect","Noxious Fumes"],"picked":"Prepared"},{"not_picked":["Footwork","Quick Slash"],"picked":"Leg Sweep"},{"not_picked":["Deadly Poison","Sucker Punch"],"picked":"Backflip"},{"not_picked":["Dagger Spray","Endless Agony"],"picked":"Reflex"},{"not_picked":["Quick Slash","Dodge and Roll"],"picked":"Caltrops"},{"not_picked":["Deflect","Flying Knee"],"picked":"After Image"}],"player_experience":53066,"potions_floor_usage":[28,28,31,33,33],"damage_taken":[{"damage":0.0,"enemies":"Cultist","floor":1.0,"turns":4.0},{"damage":3.0,"enemies":"Jaw Worm","floor":2.0,"turns":3.0},{"damage":0.0,"enemies":"Small Slimes","floor":5.0,"turns":3.0},{"damage":18.0,"enemies":"Gremlin Nob","floor":6.0,"turns":6.0},{"damage":5.0,"enemies":"Exordium Wildlife","floor":7.0,"turns":5.0},{"damage":20.0,"enemies":"Lagavulin","floor":10.0,"turns":9.0},{"damage":0.0,"enemies":"Large Slime","floor":13.0,"turns":4.0},{"damage":16.0,"enemies":"Hexaghost","floor":16.0,"turns":7.0},{"damage":0.0,"enemies":"Spheric Guardian","floor":18.0,"turns":2.0},{"damage":1.0,"enemies":"Shell Parasite","floor":20.0,"turns":3.0},{"damage":12.0,"enemies":"Centurion and Healer","floor":21.0,"turns":3.0},{"damage":3.0,"enemies":"Slavers","floor":24.0,"turns":4.0},{"damage":26,"enemies":"Book of Stabbing","floor":27,"turns":5},{"damage":7,"enemies":"Snecko","floor":28,"turns":3},{"damage":9,"enemies":"Snake Plant","floor":30,"turns":5},{"damage":9,"enemies":"Slavers","floor":31,"turns":5},{"damage":52,"enemies":"Automaton","floor":33,"turns":8},{"damage":3,"enemies":"3 Shapes","floor":35,"turns":4},{"damage":0,"enemies":"Orb Walker","floor":37,"turns":3},{"damage":25,"enemies":"Maw","floor":38,"turns":7},{"damage":11,"enemies":"3 Darklings","floor":39,"turns":5},{"damage":36,"enemies":"2 Orb Walkers","floor":40,"turns":5},{"damage":45,"enemies":"4 Shapes","floor":42,"turns":4},{"damage":0,"enemies":"Sphere and 2 Shapes","floor":44,"turns":3},{"damage":2,"enemies":"3 Darklings","floor":45,"turns":4},{"damage":14,"enemies":"Giant Head","floor":47,"turns":8},{"damage":80,"enemies":"Time Eater","floor":50,"turns":15}],"event_choices":[{"event_name":"Living Wall","player_choice":"Forget","floor":3.0,"damage_taken":0.0},{"event_name":"Golden Idol","player_choice":"Lose Max HP","floor":4.0,"damage_taken":0.0},{"event_name":"Scrap Ooze","player_choice":"success","floor":8.0,"damage_taken":7.0},{"event_name":"The Lab","player_choice":"Got Potions","floor":22.0,"damage_taken":0.0},{"event_name":"Drug Dealer","player_choice":"Ignored","floor":29,"damage_taken":0},{"event_name":"Bonfire Elementals","player_choice":"RARE","floor":36,"damage_taken":0}],"boss_relics":[{"not_picked":["Runic Dome","Orrery"],"picked":"Sozu"}],"potions_floor_spawned":[2,7,16,20,27,30,31,33,35,37,39,45],"seed_played":"8106539694357220798","is_trial":false}