{"gold_per_floor":[114,134,144,171,9,9,9,9,9,39,59,90,104,116,116,215,215,226,8,8,108,39,39,39,39,64,64,64,64,14,39,39,142,142,160,211,222,222,222,222,254,254,327,327,0,10,10,26,26,26],"floor_reached":51,"playtime":3734,"items_purged":["Strike_G"],"score":672,"play_id":"613e7bd3-8a21-4dbc-8b05-5d94e3a75cc2","local_time":"20190529182314","is_ascension_mode":false,"campfire_choices":[{"data":"Metamorphosis","floor":6,"key":"SMITH"},{"data":"Noxious Fumes","floor":8,"key":"SMITH"},{"floor":15,"key":"REST"},{"floor":23,"key":"REST"},{"data":"Bouncing Flask","floor":27,"key":"SMITH"},{"data":"Discovery","floor":29,"key":"SMITH"},{"floor":32,"key":"REST"},{"floor":40,"key":"REST"},{"floor":42,"key":"REST"},{"floor":44,"key":"REST"},{"floor":47,"key":"REST"},{"floor":49,"key":"REST"}],"neow_cost":"NONE","seed_source_timestamp":896635663701161,"circlet_count":0,"master_deck":["Defend_G","Defend_G","Defend_G","Defend_G","Strike_G","Strike_G","Strike_G","Strike_G","Survivor","Neutralize","Footwork","Noxious Fumes+1","Flying Knee","Metamorphosis+1","Discovery+1","Quick Slash","Well Laid Plans","Skewer","Blade Dance","Dagger Spray+1","Phantasmal Killer","Bouncing Flask+1","PiercingWail+1","Catalyst+1","Shame","Backflip+1","Prepared+1","Adrenaline+1","Dagger Spray+1","Deadly Poison+1"],"relics":["Ring of the Serpent","Centennial Puzzle","Torii","Boot","Calipers","Juzu Bracelet","Toxic Egg 2","The Specimen","Pocketwatch","Lantern","Snake Skull","Lizard Tail","StoneCalendar","Pear","Letter Opener","Red Mask"],"potions_floor_usage":[11,12,12,14,21,33,46,50],"damage_taken":[{"damage":2,"enemies":"Cultist","floor":1,"turns":5},{"damage":2,"enemies":"2 Louse","floor":2,"turns":4},{"damage":0,"enemies":"Small Slimes","floor":3,"turns":3},{"damage":21,"enemies":"3 Sentries","floor":10,"turns":6},{"damage":1,"enemies":"Gremlin Gang","floor":11,"turns":5},{"damage":26,"enemies":"Gremlin Nob","floor":12,"turns":5},{"damage":1,"enemies":"2 Fungi Beasts","floor":13,"turns":3},{"damage":14,"enemies":"Exordium Thugs","floor":14,"turns":3},{"damage":3,"enemies":"The Guardian","floor":16,"turns":10},{"damage":5,"enemies":"3 Byrds","floor":18,"turns":3},{"damage":31,"enemies":"Colosseum Slavers","floor":21,"turns":4},{"damage":49,"enemies":"Colosseum Nobs","floor":21,"turns":4},{"damage":7,"enemies":"Gremlin Leader","floor":31,"turns":5},{"damage":42,"enemies":"Collector","floor":33,"turns":4},{"damage":0,"enemies":"3 Darklings","floor":35,"turns":4},{"damage":127,"enemies":"2 Orb Walkers","floor":36,"turns":7},{"damage":1,"enemies":"Orb Walker","floor":37,"turns":3},{"damage":28,"enemies":"Nemesis","floor":41,"turns":5},{"damage":23,"enemies":"Sphere and 2 Shapes","floor":46,"turns":4},{"damage":8,"enemies":"Transient","floor":48,"turns":5},{"damage":79,"enemies":"Time Eater","floor":50,"turns":9}],"seed_played":"-3599103464927276548","potions_obtained":[{"floor":1,"key":"Energy Potion"},{"floor":3,"key":"PowerPotion"},{"floor":10,"key":"Swift Potion"},{"floor":13,"key":"Swift Potion"},{"floor":18,"key":"GamblersBrew"},{"floor":20,"key":"AttackPotion"},{"floor":20,"key":"FairyPotion"},{"floor":20,"key":"Swift Potion"},{"floor":37,"key":"AttackPotion"},{"floor":46,"key":"Dexterity Potion"},{"floor":48,"key":"GamblersBrew"}],"is_trial":false,"path_per_floor":["M","M","M","T","$","R","?","R","T","E","M","E","M","M","R","B",null,"M","$","?","?","$","R","?","?","T","R","?","R","$","E","R","B",null,"M","?","M","?","?","R","E","R","T","R","?","M","R","M","R","B",null],"character_chosen":"THE_SILENT","items_purchased":["Metamorphosis","Juzu Bracelet","Catalyst+1","Backflip+1"],"campfire_rested":8,"item_purchase_floors":[5,19,22,30],"current_hp_per_floor":[75,73,73,73,73,73,73,73,73,52,51,25,24,10,33,30,77,72,72,72,7,7,30,30,30,30,30,30,30,30,23,46,4,77,77,14,13,13,13,34,16,40,40,64,64,41,65,57,81,2],"gold":26,"neow_bonus":"TEN_PERCENT_HP_BONUS","is_prod":false,"is_daily":false,"chose_seed":false,"campfire_upgraded":4,"win_rate":0.0,"timestamp":1559172194,"path_taken":["M","M","M","?","$","R","?","R","T","E","?","E","M","M","R","BOSS","M","$","?","?","$","R","?","?","T","R","?","R","?","E","R","BOSS","M","?","M","?","?","R","E","R","T","R","?","M","R","M","R","BOSS"],"build_version":"2019-01-23","purchased_purges":1,"victory":true,"max_hp_per_floor":[77,77,77,77,77,77,77,77,77,77,77,77,77,77,77,77,77,77,77,77,77,77,77,77,77,77,77,77,77,77,77,77,77,77,77,77,77,73,73,73,83,83,83,83,83,83,83,83,83,83],"card_choices":[{"not_picked":["Riddle With Holes","Underhanded Strike"],"picked":"Footwork","floor":1},{"not_picked":["Poisoned Stab","Masterful Stab"],"picked":"Noxious Fumes","floor":2},{"not_picked":["Distraction","Calculated Gamble"],"picked":"Flying Knee","floor":3},{"not_picked":["Prepared","Underhanded Strike","Backstab"],"picked":"SKIP","floor":10},{"not_picked":["Deflect","Bane"],"picked":"Well Laid Plans","floor":11},{"not_picked":["Slice","Tactician"],"picked":"Skewer","floor":12},{"not_picked":["Dodge and Roll","Backflip"],"picked":"Blade Dance","floor":13},{"not_picked":["Slice","Leg Sweep"],"picked":"Dagger Spray","floor":14},{"not_picked":["Venomology","A Thousand Cuts"],"picked":"Phantasmal Killer","floor":16},{"not_picked":["Slice","Prepared"],"picked":"Bouncing Flask","floor":18},{"not_picked":["Reflex","Predator"],"picked":"PiercingWail","floor":21},{"not_picked":["Caltrops","Expertise+1"],"picked":"Prepared+1","floor":31},{"not_picked":["Tools of the Trade","Wraith Form v2"],"picked":"Adrenaline+1","floor":33},{"not_picked":["Quick Slash+1","Sucker Punch+1"],"picked":"Dagger Spray+1","floor":35},{"not_picked":["Flying Knee+1","Dagger Throw+1","Acrobatics+1"],"picked":"SKIP","floor":37},{"not_picked":["Eviscerate","Finisher","Choke"],"picked":"SKIP","floor":41},{"not_picked":["Footwork+1","Sucker Punch"],"picked":"Deadly Poison+1","floor":46},{"not_picked":["Quick Slash+1","Flying Knee+1","Deflect+1"],"picked":"SKIP","floor":48}],"player_experience":18969,"relics_obtained":[{"floor":4,"key":"Centennial Puzzle"},{"floor":9,"key":"Torii"},{"floor":10,"key":"Boot"},{"floor":12,"key":"Calipers"},{"floor":21,"key":"Toxic Egg 2"},{"floor":21,"key":"The Specimen"},{"floor":26,"key":"Lantern"},{"floor":31,"key":"Snake Skull"},{"floor":36,"key":"StoneCalendar"},{"floor":41,"key":"Pear"},{"floor":43,"key":"Letter Opener"}],"event_choices":[{"damage_healed":0,"gold_gain":0,"player_choice":"2 cards matched","damage_taken":0,"max_hp_gain":0,"max_hp_loss":0,"event_name":"Match and Keep!","floor":7,"gold_loss":0,"cards_obtained":["Discovery","Quick Slash"]},{"damage_healed":0,"gold_gain":0,"player_choice":"Got Potions","damage_taken":0,"max_hp_gain":0,"max_hp_loss":0,"event_name":"Lab","floor":20,"gold_loss":0},{"damage_healed":0,"gold_gain":0,"player_choice":"Fight","damage_taken":0,"max_hp_gain":0,"max_hp_loss":0,"event_name":"Colosseum","floor":21,"gold_loss":0},{"damage_healed":0,"gold_gain":0,"player_choice":"Fought Nobs","damage_taken":0,"max_hp_gain":0,"max_hp_loss":0,"event_name":"Colosseum","floor":21,"gold_loss":0},{"cards_removed":["Defend_G"],"damage_healed":0,"gold_gain":0,"player_choice":"Purged","damage_taken":0,"max_hp_gain":0,"max_hp_loss":0,"event_name":"Purifier","floor":24,"gold_loss":0},{"damage_healed":0,"gold_gain":0,"player_choice":"Stole Relic","damage_taken":0,"relics_obtained":["Pocketwatch"],"max_hp_gain":0,"max_hp_loss":0,"event_name":"Addict","floor":25,"gold_loss":0,"cards_obtained":["Shame"]},{"damage_healed":0,"gold_gain":0,"player_choice":"Upgraded","damage_taken":0,"max_hp_gain":0,"max_hp_loss":0,"event_name":"Upgrade Shrine","floor":28,"gold_loss":0,"cards_upgraded":["Dagger Spray"]},{"damage_healed":0,"gold_gain":0,"player_choice":"Fight","damage_taken":0,"max_hp_gain":0,"max_hp_loss":0,"event_name":"Mysterious Sphere","floor":36,"gold_loss":0},{"damage_healed":0,"gold_gain":0,"player_choice":"Max HP","damage_taken":0,"max_hp_gain":0,"max_hp_loss":4,"event_name":"Winding Halls","floor":38,"gold_loss":0},{"damage_healed":0,"gold_gain":0,"player_choice":"Ignored","damage_taken":0,"max_hp_gain":0,"max_hp_loss":0,"event_name":"NoteForYourself","floor":39,"gold_loss":0},{"damage_healed":0,"gold_gain":0,"player_choice":"Paid","damage_taken":0,"relics_obtained":["Red Mask"],"max_hp_gain":0,"max_hp_loss":0,"event_name":"Tomb of Lord Red Mask","floor":45,"gold_loss":327}],"is_beta":false,"boss_relics":[{"not_picked":["Tiny House","White Beast Statue"],"picked":"Ring of the Serpent"},{"not_picked":["Velvet Choker","Astrolabe"],"picked":"Lizard Tail"}],"items_purged_floors":[19],"is_endless":false,"potions_floor_spawned":[1,3,10,13,18,37,46,48],"ascension_level":0}