{"gold_per_floor":[115,34,47,58,133,160,160,170,170,203,203,216,249,58,58,161,161,175,194,204,219,219,219,73,73,73,73,87,87],"floor_reached":29,"playtime":2009,"items_purged":["Strike_B"],"score":270,"play_id":"2015d4e4-d492-40d2-ba7f-b9d0255fb367","local_time":"20190815004714","is_ascension_mode":false,"campfire_choices":[{"data":"Loop","floor":7,"key":"SMITH"},{"data":"Defragment","floor":11,"key":"SMITH"},{"floor":15,"key":"REST"},{"data":"Fission","floor":23,"key":"SMITH"},{"data":"Capacitor","floor":25,"key":"SMITH"},{"data":"Reinforced Body","floor":27,"key":"SMITH"}],"neow_cost":"NONE","seed_source_timestamp":1164591248167900,"circlet_count":0,"master_deck":["Strike_B","Strike_B","Defend_B","Defend_B","Defend_B","Zap","Dualcast","Barrage","Loop+1","Barrage","Defragment+1","Ball Lightning","Cold Snap","Reinforced Body+1","Heatsinks","Fission+1","Go for the Eyes+1","Heatsinks","Coolheaded+1","Capacitor+1","Force Field","Electrodynamics"],"relics":["Cracked Core","NeowsBlessing","Boot","Pear","Peace Pipe","Mango","Nloth\u0027s Gift","Question Card"],"potions_floor_usage":[16,16,28,28],"damage_taken":[{"damage":0,"enemies":"Jaw Worm","floor":1,"turns":1},{"damage":0,"enemies":"2 Louse","floor":3,"turns":1},{"damage":0,"enemies":"Cultist","floor":4,"turns":1},{"damage":16,"enemies":"Gremlin Nob","floor":6,"turns":4},{"damage":5,"enemies":"Looter","floor":8,"turns":4},{"damage":16,"enemies":"Lagavulin","floor":10,"turns":6},{"damage":10,"enemies":"2 Fungi Beasts","floor":12,"turns":3},{"damage":17,"enemies":"3 Sentries","floor":13,"turns":4},{"damage":29,"enemies":"The Guardian","floor":16,"turns":9},{"damage":13,"enemies":"3 Byrds","floor":18,"turns":4},{"damage":20,"enemies":"Spheric Guardian","floor":19,"turns":4},{"damage":8,"enemies":"Cultist and Chosen","floor":20,"turns":7},{"damage":35,"enemies":"3 Cultists","floor":21,"turns":6},{"damage":20,"enemies":"Snake Plant","floor":28,"turns":4},{"damage":15,"enemies":"Centurion and Healer","floor":29,"turns":2}],"seed_played":"-8808624568709342811","potions_obtained":[{"floor":4,"key":"Ancient Potion"},{"floor":8,"key":"Poison Potion"},{"floor":12,"key":"FocusPotion"},{"floor":16,"key":"Regen Potion"},{"floor":19,"key":"LiquidBronze"},{"floor":20,"key":"FearPotion"}],"is_trial":false,"path_per_floor":["M","$","M","M","?","E","R","M","T","E","R","M","E","$","R","B",null,"M","M","M","M","?","R","$","R","T","R","M","M"],"character_chosen":"DEFECT","items_purchased":["Loop","Reinforced Body","Heatsinks","Capacitor","Force Field"],"campfire_rested":1,"item_purchase_floors":[2,14,14,24,24],"current_hp_per_floor":[75,75,75,75,64,48,48,43,53,37,37,27,24,24,53,24,99,86,66,58,23,23,23,23,23,23,23,15,0],"gold":87,"neow_bonus":"THREE_ENEMY_KILL","is_prod":false,"is_daily":false,"chose_seed":false,"campfire_upgraded":5,"win_rate":0,"timestamp":1565855234,"path_taken":["M","$","M","M","?","E","R","M","T","E","R","M","E","$","R","BOSS","M","M","M","M","?","R","$","R","T","R","M","?"],"build_version":"2019-07-17","purchased_purges":1,"victory":false,"max_hp_per_floor":[75,75,75,75,75,75,75,75,85,85,85,85,99,99,99,99,99,99,99,99,99,99,99,99,99,99,99,99,99],"card_choices":[{"not_picked":["Stack","Self Repair"],"picked":"Barrage","floor":1},{"not_picked":["Hologram","Steam Power"],"picked":"Barrage","floor":3},{"not_picked":["Force Field","Go for the Eyes","Rebound"],"picked":"SKIP","floor":4},{"not_picked":["Conserve Battery","Leap","Redo"],"picked":"SKIP","floor":6},{"not_picked":["Lockon","Auto Shields"],"picked":"Defragment","floor":8},{"not_picked":["Recycle","FTL","Reprogram"],"picked":"SKIP","floor":10},{"not_picked":["Go for the Eyes","Amplify"],"picked":"Ball Lightning","floor":12},{"not_picked":["Gash","Sweeping Beam"],"picked":"Cold Snap","floor":13},{"not_picked":["Meteor Strike","Buffer"],"picked":"Fission","floor":16},{"not_picked":["Blizzard","Ball Lightning"],"picked":"Go for the Eyes+1","floor":18},{"not_picked":["Rip and Tear","Conserve Battery","Go for the Eyes"],"picked":"SKIP","floor":19},{"not_picked":["Rebound","Compile Driver"],"picked":"Heatsinks","floor":20},{"not_picked":["Steam+1","Turbo+1"],"picked":"Coolheaded+1","floor":21},{"not_picked":["Loop","Storm","Static Discharge+1"],"picked":"Electrodynamics","floor":28}],"player_experience":146243,"relics_obtained":[{"floor":6,"key":"Boot"},{"floor":9,"key":"Pear"},{"floor":10,"key":"Peace Pipe"},{"floor":13,"key":"Mango"},{"floor":26,"key":"Question Card"}],"event_choices":[{"damage_healed":0,"gold_gain":75,"player_choice":"Gather Gold","damage_taken":11,"max_hp_gain":0,"max_hp_loss":0,"event_name":"World of Goop","floor":5,"gold_loss":0},{"damage_healed":0,"gold_gain":0,"player_choice":"Traded Relic","damage_taken":0,"relics_obtained":["Nloth\u0027s Gift"],"max_hp_gain":0,"max_hp_loss":0,"event_name":"N\u0027loth","floor":22,"relics_lost":["Empty Cage"],"gold_loss":0}],"is_beta":false,"boss_relics":[{"not_picked":["Calling Bell","Lizard Tail"],"picked":"Empty Cage"}],"items_purged_floors":[14],"is_endless":false,"potions_floor_spawned":[4,8,12,16,19,20,21],"killed_by":"Centurion and Healer","ascension_level":0}