{"gold_per_floor":[20,34,34,54,29,29,64,90,138,138,151,116,116,186,186,259,259,277,227,245,301,301,301,314,347,347,363,363],"floor_reached":28,"playtime":929,"items_purged":[],"score":425,"play_id":"4659a4c6-bffb-4124-8919-c5c31f17c685","local_time":"20190715222202","is_ascension_mode":true,"campfire_choices":[{"data":"1","floor":6.0,"key":"LIFT"},{"data":"2","floor":10.0,"key":"LIFT"},{"data":"3","floor":15.0,"key":"LIFT"},{"data":"Feed","floor":23.0,"key":"SMITH"}],"neow_cost":"NO_GOLD","seed_source_timestamp":514562821086405,"circlet_count":0,"master_deck":["AscendersBane","Strike_R","Strike_R","Strike_R","Strike_R","Strike_R","Defend_R","Defend_R","Defend_R","Defend_R","Bash","True Grit+1","Rampage+1","Headbutt","Shrug It Off+1","Wild Strike","Cleave","Feed+1","Headbutt","Reckless Charge+1","Writhe","Pain","Rupture","Burning Pact","Decay","Power Through"],"special_seed":0,"relics":["Burning Blood","Girya","War Paint","Odd Mushroom","Smiling Mask","Blue Candle","Cursed Key","Tiny Chest","WarpedTongs","PreservedInsect","Dodecahedron"],"potions_floor_usage":[],"damage_taken":[{"damage":0.0,"enemies":"Small Slimes","floor":1.0,"turns":4.0},{"damage":7.0,"enemies":"2 Louse","floor":2.0,"turns":5.0},{"damage":9.0,"enemies":"Jaw Worm","floor":4.0,"turns":5.0},{"damage":43.0,"enemies":"Lagavulin","floor":7.0,"turns":8.0},{"damage":9.0,"enemies":"The Mushroom Lair","floor":8.0,"turns":4.0},{"damage":10.0,"enemies":"Blue Slaver","floor":11.0,"turns":3.0},{"damage":34.0,"enemies":"The Guardian","floor":16.0,"turns":11.0},{"damage":25.0,"enemies":"3 Byrds","floor":18.0,"turns":5.0},{"damage":12.0,"enemies":"Chosen","floor":20.0,"turns":3.0},{"damage":13.0,"enemies":"Snecko","floor":24.0,"turns":4.0},{"damage":34.0,"enemies":"Gremlin Leader","floor":25.0,"turns":6.0},{"damage":12.0,"enemies":"Cultist and Chosen","floor":27.0,"turns":6.0},{"damage":14,"enemies":"Book of Stabbing","floor":28,"turns":2}],"seed_played":"-3626063065311110029","potions_obtained":[{"floor":2.0,"key":"Strength Potion"},{"floor":7.0,"key":"Swift Potion"},{"floor":16.0,"key":"Dexterity Potion"}],"is_trial":false,"path_per_floor":["M","M","?","M","$","R","E","?","T","R","M","?","?","T","R","B",null,"M","?","M","T","?","R","M","E","T","M","E"],"character_chosen":"IRONCLAD","items_purchased":["Shrug It Off"],"campfire_rested":0,"item_purchase_floors":[5],"current_hp_per_floor":[74,73,73,70,70,70,33,30,30,30,26,44,49,49,49,21,65,49,49,46,46,46,46,39,15,15,13,0],"gold":363,"neow_bonus":"ONE_RARE_RELIC","is_prod":false,"is_daily":false,"chose_seed":false,"campfire_upgraded":1,"win_rate":0,"timestamp":1563247322,"path_taken":["M","M","?","M","$","R","E","?","T","R","?","?","?","?","R","BOSS","M","?","?","?","?","R","?","E","T","M","E"],"build_version":"2019-07-05","purchased_purges":0,"victory":false,"max_hp_per_floor":[75,75,75,75,75,75,75,75,75,75,75,75,80,80,80,80,80,83,83,86,86,86,86,86,90,90,94,94],"card_choices":[{"not_picked":["Dropkick","Iron Wave"],"picked":"True Grit","floor":1.0},{"not_picked":["Cleave","Sword Boomerang"],"picked":"Rampage","floor":2.0},{"not_picked":["Heavy Blade","Cleave"],"picked":"Headbutt","floor":4.0},{"not_picked":["Rage","Dropkick"],"picked":"Wild Strike","floor":7.0},{"not_picked":["Sentinel","Fire Breathing"],"picked":"Cleave","floor":8.0},{"not_picked":["Ghostly Armor","Cleave","Shrug It Off"],"picked":"SKIP","floor":11.0},{"not_picked":["Impervious","Brutality"],"picked":"Feed","floor":16.0},{"not_picked":["Wild Strike","Clash+1"],"picked":"Headbutt","floor":18.0},{"not_picked":["Blood for Blood","Dropkick"],"picked":"Reckless Charge+1","floor":20.0},{"not_picked":["Clothesline","Perfected Strike"],"picked":"Rupture","floor":24.0},{"not_picked":["Hemokinesis","Sword Boomerang"],"picked":"Burning Pact","floor":25.0},{"not_picked":["Armaments","Headbutt"],"picked":"Power Through","floor":27.0}],"player_experience":376153,"relics_obtained":[{"floor":7.0,"key":"War Paint"},{"floor":8.0,"key":"Odd Mushroom"},{"floor":9.0,"key":"Smiling Mask"},{"floor":14.0,"key":"Blue Candle"},{"floor":21.0,"key":"Tiny Chest"},{"floor":25.0,"key":"PreservedInsect"},{"floor":26.0,"key":"Dodecahedron"}],"event_choices":[{"damage_healed":0.0,"max_hp_gain":0.0,"max_hp_loss":0.0,"gold_gain":0.0,"event_name":"Living Wall","player_choice":"Grow","floor":3.0,"gold_loss":0.0,"damage_taken":0.0,"cards_upgraded":["Rampage"]},{"damage_healed":0.0,"max_hp_gain":0.0,"max_hp_loss":0.0,"gold_gain":0.0,"event_name":"Mushrooms","player_choice":"Fought Mushrooms","floor":8.0,"gold_loss":0.0,"damage_taken":0.0},{"damage_healed":18.0,"max_hp_gain":0.0,"max_hp_loss":0.0,"gold_gain":0.0,"event_name":"The Cleric","player_choice":"Healed","floor":12.0,"gold_loss":35.0,"damage_taken":0.0},{"damage_healed":0.0,"max_hp_gain":5.0,"max_hp_loss":0.0,"gold_gain":0.0,"event_name":"Big Fish","player_choice":"Donut","floor":13.0,"gold_loss":0.0,"damage_taken":0.0},{"damage_healed":0.0,"max_hp_gain":0.0,"max_hp_loss":0.0,"gold_gain":0.0,"event_name":"The Joust","player_choice":"Bet on Murderer","floor":19.0,"gold_loss":50.0,"damage_taken":0.0},{"damage_healed":0.0,"max_hp_gain":0.0,"max_hp_loss":0.0,"gold_gain":0.0,"event_name":"Accursed Blacksmith","player_choice":"Rummage","floor":22.0,"gold_loss":0.0,"damage_taken":0.0,"relics_obtained":["WarpedTongs"],"cards_obtained":["Pain"]}],"is_beta":false,"boss_relics":[{"not_picked":["Empty Cage","Lizard Tail"],"picked":"Cursed Key"}],"items_purged_floors":[],"is_endless":false,"potions_floor_spawned":[2,7,16,20],"killed_by":"Book of Stabbing","ascension_level":16}