{"gold_per_floor":[115,125,125,200,230,230,263,263,288,288,318,373,383,414,414,512,512,532,551,159,177,197,231,231,259,329,329,329,329,339,91,91,194,194,205,218,218,232,232,258,258,291,315,315,415,415,425,437,437,437,437,437,74,107,107],"floor_reached":56,"playtime":3277,"items_purged":["Strike_G","Infinite Blades","Parasite"],"score":1918,"play_id":"b9627f28-6d90-439a-b7a7-efe6c0858ec3","local_time":"20190706132525","is_ascension_mode":true,"campfire_choices":[{"floor":6,"key":"REST"},{"floor":8,"key":"REST"},{"data":"Night Terror","floor":10,"key":"SMITH"},{"floor":15,"key":"REST"},{"data":"Caltrops","floor":24,"key":"SMITH"},{"data":"After Image","floor":27,"key":"SMITH"},{"data":"Well Laid Plans","floor":29,"key":"SMITH"},{"data":"Caltrops","floor":32,"key":"SMITH"},{"data":"Skewer","floor":41,"key":"SMITH"},{"floor":49,"key":"RECALL"},{"data":"Neutralize","floor":52,"key":"SMITH"}],"neow_cost":"NONE","seed_source_timestamp":368303846543066,"circlet_count":0,"master_deck":["AscendersBane","Strike_G+1","Defend_G","Defend_G","Defend_G","Defend_G","Defend_G","Survivor+1","Neutralize+1","Night Terror+1","Crippling Poison+1","Dodge and Roll+1","Dodge and Roll+1","Doppelganger+1","After Image+1","Well Laid Plans+1","Caltrops+1","Finesse+1","Calculated Gamble+1","Deflect+1","Skewer+1","Predator","Catalyst+1","Caltrops+1","Malaise+1","Prepared+1","PiercingWail+1","Leg Sweep+1","Bouncing Flask+1"],"relics":["Ring of the Snake","Tiny Chest","Toxic Egg 2","Art of War","Pantograph","Oddly Smooth Stone","Happy Flower","Coffee Dripper","Orichalcum","Ninja Scroll","Matryoshka","Juzu Bracelet","Cursed Key","Ancient Tea Set","Singing Bowl","Dream Catcher","Anchor","Bird Faced Urn","Dodecahedron","Mummified Hand"],"potions_floor_usage":[7,25,54,55,55],"damage_taken":[{"damage":0,"enemies":"Jaw Worm","floor":1,"turns":4},{"damage":0,"enemies":"2 Louse","floor":2,"turns":2},{"damage":35,"enemies":"Gremlin Nob","floor":7,"turns":5},{"damage":11,"enemies":"Lagavulin","floor":11,"turns":8},{"damage":0,"enemies":"Cultist","floor":13,"turns":4},{"damage":7,"enemies":"3 Sentries","floor":14,"turns":4},{"damage":29,"enemies":"The Guardian","floor":16,"turns":24},{"damage":25,"enemies":"Spheric Guardian","floor":18,"turns":8},{"damage":0,"enemies":"Shell Parasite","floor":19,"turns":6},{"damage":0,"enemies":"Cultist and Chosen","floor":21,"turns":8},{"damage":5,"enemies":"3 Cultists","floor":22,"turns":4},{"damage":1,"enemies":"Book of Stabbing","floor":23,"turns":8},{"damage":5,"enemies":"Gremlin Leader","floor":25,"turns":8},{"damage":0,"enemies":"Snecko","floor":30,"turns":4},{"damage":10,"enemies":"Champ","floor":33,"turns":4},{"damage":0,"enemies":"3 Shapes","floor":35,"turns":5},{"damage":3,"enemies":"3 Darklings","floor":36,"turns":4},{"damage":19,"enemies":"Jaw Worm Horde","floor":38,"turns":5},{"damage":0,"enemies":"Nemesis","floor":40,"turns":9},{"damage":9,"enemies":"Reptomancer","floor":42,"turns":8},{"damage":11,"enemies":"Mind Bloom Boss Battle","floor":45,"turns":6},{"damage":0,"enemies":"4 Shapes","floor":47,"turns":4},{"damage":0,"enemies":"3 Darklings","floor":48,"turns":5},{"damage":9,"enemies":"Donu and Deca","floor":50,"turns":9},{"damage":0,"enemies":"Shield and Spear","floor":54,"turns":7},{"damage":24,"enemies":"The Heart","floor":55,"turns":11}],"seed_played":"-1610144743830448557","potions_obtained":[{"floor":2,"key":"Regen Potion"},{"floor":7,"key":"Explosive Potion"},{"floor":14,"key":"Explosive Potion"},{"floor":23,"key":"GhostInAJar"},{"floor":25,"key":"FairyPotion"},{"floor":33,"key":"GhostInAJar"},{"floor":54,"key":"Block Potion"}],"is_trial":false,"path_per_floor":["M","M","?","?","?","R","E","R","T","R","E","T","M","E","R","B",null,"M","M","$","M","M","E","R","E","T","R","?","R","M","$","R","B",null,"M","M","?","M","?","E","R","E","T","T","?","?","M","M","R","B",null,"R","$","E","B",null],"character_chosen":"THE_SILENT","items_purchased":["Caltrops","Finesse+1","Orichalcum","GhostInAJar","Caltrops","Dodecahedron"],"campfire_rested":3,"item_purchase_floors":[20,20,20,31,31,53],"current_hp_per_floor":[63,63,49,38,20,41,20,41,41,41,30,30,30,23,44,40,63,38,38,38,38,33,32,32,27,27,27,27,27,27,27,27,42,63,63,60,60,41,41,41,41,32,32,32,48,48,58,68,68,67,74,74,73,75,51],"gold":107,"neow_bonus":"ONE_RANDOM_RARE_CARD","is_prod":false,"is_daily":false,"chose_seed":false,"campfire_upgraded":7,"win_rate":0,"timestamp":1562433925,"path_taken":["M","M","?","?","?","R","E","R","T","R","E","?","M","E","R","BOSS","M","M","$","M","M","E","R","E","T","R","?","R","M","$","R","BOSS","M","M","?","M","?","E","R","E","T","?","?","?","M","M","R","BOSS","R","$","E","BOSS"],"build_version":"2019-07-05","purchased_purges":3,"victory":true,"max_hp_per_floor":[70,70,70,70,70,70,70,70,70,70,70,70,70,70,70,70,70,70,70,70,70,70,70,70,70,70,70,70,70,70,70,70,70,70,70,70,70,70,70,70,70,70,70,70,72,72,74,76,76,76,76,76,73,75,75],"card_choices":[{"not_picked":["Blade Dance","Dash"],"picked":"Dagger Spray","floor":1},{"not_picked":["Slice","Eviscerate","Deflect"],"picked":"SKIP","floor":2},{"not_picked":["Flying Knee","Bullet Time"],"picked":"Crippling Poison","floor":7},{"not_picked":["Endless Agony","Riddle With Holes"],"picked":"Dodge and Roll+1","floor":11},{"not_picked":["Prepared+1","Dagger Spray"],"picked":"Dodge and Roll+1","floor":13},{"not_picked":["Riddle With Holes","Expertise+1"],"picked":"Doppelganger+1","floor":14},{"not_picked":["Storm of Steel+1","Bullet Time+1"],"picked":"After Image","floor":16},{"not_picked":["Outmaneuver+1","Slice","Distraction+1"],"picked":"SKIP","floor":18},{"not_picked":["Sucker Punch","Deflect+1"],"picked":"Well Laid Plans","floor":19},{"not_picked":["Cloak And Dagger+1","Deflect+1"],"picked":"Calculated Gamble+1","floor":21},{"not_picked":["Cloak And Dagger+1","Flying Knee"],"picked":"Deflect+1","floor":22},{"not_picked":["Prepared+1","Riddle With Holes"],"picked":"Skewer","floor":23},{"not_picked":["Masterful Stab","Outmaneuver+1","Slice"],"picked":"SKIP","floor":25},{"not_picked":["Bouncing Flask+1","Crippling Poison+1"],"picked":"Catalyst+1","floor":30},{"not_picked":["Adrenaline+1","Corpse Explosion+1"],"picked":"Malaise+1","floor":33},{"not_picked":["Sucker Punch+1","Infinite Blades"],"picked":"Prepared+1","floor":35},{"not_picked":["Accuracy+1","Cloak And Dagger+1","Quick Slash"],"picked":"SKIP","floor":36},{"not_picked":["Well Laid Plans","Flying Knee"],"picked":"PiercingWail+1","floor":38},{"not_picked":["Blade Dance+1","Backstab"],"picked":"Leg Sweep+1","floor":40},{"not_picked":["Tools of the Trade","Underhanded Strike"],"picked":"Bouncing Flask+1","floor":42},{"not_picked":["Sucker Punch+1","Backflip+1","Deadly Poison+1"],"picked":"Singing Bowl","floor":45},{"not_picked":["Expertise+1","Outmaneuver+1","Terror+1"],"picked":"Singing Bowl","floor":47},{"not_picked":["Endless Agony","Flying Knee","Outmaneuver+1"],"picked":"Singing Bowl","floor":48},{"not_picked":["Cloak And Dagger+1","Sucker Punch+1","Dodge and Roll+1"],"picked":"Singing Bowl","floor":54}],"player_experience":659935,"relics_obtained":[{"floor":7,"key":"Toxic Egg 2"},{"floor":9,"key":"Art of War"},{"floor":11,"key":"Pantograph"},{"floor":12,"key":"Oddly Smooth Stone"},{"floor":14,"key":"Happy Flower"},{"floor":23,"key":"Ninja Scroll"},{"floor":25,"key":"Matryoshka"},{"floor":26,"key":"Juzu Bracelet"},{"floor":40,"key":"Ancient Tea Set"},{"floor":42,"key":"Singing Bowl"},{"floor":43,"key":"Dream Catcher"},{"floor":43,"key":"Anchor"},{"floor":45,"key":"Bird Faced Urn"},{"floor":54,"key":"Mummified Hand"}],"event_choices":[{"damage_healed":0,"gold_gain":0,"player_choice":"Entered Light","damage_taken":14,"max_hp_gain":0,"max_hp_loss":0,"event_name":"Shining Light","floor":3,"gold_loss":0,"cards_upgraded":["Strike_G","Strike_G"]},{"damage_healed":0,"gold_gain":75,"player_choice":"Gather Gold","damage_taken":11,"max_hp_gain":0,"max_hp_loss":0,"event_name":"World of Goop","floor":4,"gold_loss":0},{"damage_healed":0,"gold_gain":0,"player_choice":"Success","damage_taken":18,"relics_obtained":["Tiny Chest"],"max_hp_gain":0,"max_hp_loss":0,"event_name":"Scrap Ooze","floor":5,"gold_loss":0},{"damage_healed":0,"gold_gain":0,"cards_transformed":["Strike_G","Strike_G"],"player_choice":"Became Test Subject","damage_taken":0,"max_hp_gain":0,"max_hp_loss":0,"event_name":"Drug Dealer","floor":28,"gold_loss":0,"cards_obtained":["Predator","Infinite Blades"]},{"damage_healed":0,"gold_gain":0,"player_choice":"Upgraded","damage_taken":0,"max_hp_gain":0,"max_hp_loss":0,"event_name":"Upgrade Shrine","floor":37,"gold_loss":0,"cards_upgraded":["Survivor"]},{"cards_removed":["Dagger Spray"],"damage_healed":0,"gold_gain":0,"player_choice":"Purged","damage_taken":0,"max_hp_gain":0,"max_hp_loss":0,"event_name":"Purifier","floor":39,"gold_loss":0},{"damage_healed":0,"gold_gain":0,"player_choice":"Fight","damage_taken":0,"max_hp_gain":0,"max_hp_loss":0,"event_name":"MindBloom","floor":45,"gold_loss":0},{"cards_removed":["Strike_G"],"damage_healed":0,"gold_gain":0,"player_choice":"Removed Attack","damage_taken":0,"max_hp_gain":0,"max_hp_loss":0,"event_name":"Falling","floor":46,"gold_loss":0}],"is_beta":false,"boss_relics":[{"not_picked":["Eternal Feather","Tiny House"],"picked":"Coffee Dripper"},{"not_picked":["Busted Crown","Velvet Choker"],"picked":"Cursed Key"}],"items_purged_floors":[20,31,53],"is_endless":false,"potions_floor_spawned":[2,7,14,22,23,25,33,38,42,47,54],"ascension_level":12}