{"gold_per_floor":[216,234,18,35,45,45,73,73,73,91,423,423,435,447,447,549,549,564,213,213,313,325,352,368,368,442,461,461,478,478,258,258,258],"floor_reached":33,"playtime":1547,"items_purged":["Strike_R"],"score":471,"play_id":"3469d768-c701-4619-9803-e735302bb354","local_time":"20190625170340","is_ascension_mode":true,"campfire_choices":[{"data":"Bash","floor":6,"key":"SMITH"},{"data":"Intimidate","floor":8,"key":"SMITH"},{"data":"1","floor":12,"key":"LIFT"},{"data":"2","floor":15,"key":"LIFT"},{"floor":25,"key":"REST"},{"data":"Shockwave","floor":28,"key":"SMITH"},{"data":"3","floor":30,"key":"LIFT"},{"floor":32,"key":"REST"}],"neow_cost":"NONE","seed_source_timestamp":419209995984560,"circlet_count":0,"master_deck":["AscendersBane","Strike_R","Strike_R","Strike_R","Strike_R","Defend_R","Defend_R","Defend_R","Defend_R","Bash+1","Spot Weakness","Headbutt","Shrug It Off","Intimidate+1","Clothesline","Feel No Pain","Inflame","Rampage","Body Slam","True Grit","Immolate","Flame Barrier","Shockwave+1","Wild Strike","Exhume","Dropkick"],"relics":["Burning Blood","Sling","Charon\u0027s Ashes","Girya","Old Coin","Sozu","Gambling Chip","Du-Vu Doll","Bottled Flame","Bag of Marbles","Ornamental Fan","Lantern"],"potions_floor_usage":[16,18],"damage_taken":[{"damage":1,"enemies":"Cultist","floor":1,"turns":3},{"damage":4,"enemies":"Small Slimes","floor":2,"turns":4},{"damage":2,"enemies":"2 Louse","floor":4,"turns":3},{"damage":5,"enemies":"2 Fungi Beasts","floor":5,"turns":5},{"damage":30,"enemies":"Lagavulin","floor":7,"turns":9},{"damage":8,"enemies":"Blue Slaver","floor":10,"turns":5},{"damage":20,"enemies":"Gremlin Nob","floor":11,"turns":4},{"damage":9,"enemies":"Looter","floor":13,"turns":3},{"damage":1,"enemies":"2 Fungi Beasts","floor":14,"turns":4},{"damage":32,"enemies":"Hexaghost","floor":16,"turns":10},{"damage":13,"enemies":"Shell Parasite","floor":18,"turns":5},{"damage":12,"enemies":"Colosseum Slavers","floor":21,"turns":4},{"damage":7,"enemies":"Colosseum Nobs","floor":21,"turns":3},{"damage":18,"enemies":"2 Thieves","floor":22,"turns":3},{"damage":24,"enemies":"Slavers","floor":23,"turns":2},{"damage":0,"enemies":"3 Cultists","floor":24,"turns":2},{"damage":18,"enemies":"Snake Plant","floor":27,"turns":2},{"damage":9,"enemies":"Centurion and Healer","floor":29,"turns":5},{"damage":77,"enemies":"Champ","floor":33,"turns":9}],"seed_played":"-609786031142752218","potions_obtained":[{"floor":1,"key":"EntropicBrew"},{"floor":4,"key":"Energy Potion"}],"is_trial":false,"path_per_floor":["M","M","$","M","M","R","E","R","T","M","E","R","M","M","R","B",null,"M","$","?","?","M","E","M","R","T","M","R","M","R","$","R","B"],"character_chosen":"IRONCLAD","items_purchased":["Sling","Shrug It Off","Shockwave","Gambling Chip","Lantern"],"campfire_rested":2,"item_purchase_floors":[3,3,19,19,31],"current_hp_per_floor":[77,79,79,80,80,80,56,56,56,54,40,40,37,42,42,16,64,57,57,57,50,38,20,26,50,50,38,38,35,35,35,59,0],"gold":258,"neow_bonus":"HUNDRED_GOLD","is_prod":false,"is_daily":false,"chose_seed":false,"campfire_upgraded":3,"win_rate":0,"timestamp":1561500220,"path_taken":["M","M","$","M","M","R","E","R","T","M","E","R","M","?","R","BOSS","M","$","?","?","M","E","M","R","T","M","R","M","R","$","R","BOSS"],"build_version":"2019-01-23","purchased_purges":1,"victory":false,"max_hp_per_floor":[80,80,80,80,80,80,80,80,80,80,80,80,80,80,80,80,80,80,80,80,80,80,80,80,80,80,80,80,80,80,80,80,80],"card_choices":[{"not_picked":["Sword Boomerang","Seeing Red"],"picked":"Spot Weakness","floor":1},{"not_picked":["Iron Wave","Rupture"],"picked":"Headbutt","floor":2},{"not_picked":["Second Wind","Flex"],"picked":"Intimidate","floor":4},{"not_picked":["Pommel Strike","Second Wind"],"picked":"Clothesline","floor":5},{"not_picked":["Headbutt","Dark Embrace"],"picked":"Feel No Pain","floor":7},{"not_picked":["Iron Wave","Second Wind"],"picked":"Inflame","floor":10},{"not_picked":["Heavy Blade","Havoc"],"picked":"Rampage","floor":11},{"not_picked":["Sentinel","Feel No Pain"],"picked":"Body Slam","floor":13},{"not_picked":["Rupture","Headbutt"],"picked":"True Grit","floor":14},{"not_picked":["Bludgeon","Impervious"],"picked":"Immolate","floor":16},{"not_picked":["Clash","Iron Wave"],"picked":"Flame Barrier","floor":18},{"not_picked":["Blood for Blood","Sword Boomerang"],"picked":"Wild Strike","floor":22},{"not_picked":["Clash","Thunderclap","Cleave"],"picked":"SKIP","floor":23},{"not_picked":["Headbutt","Sever Soul"],"picked":"Exhume","floor":24},{"not_picked":["Cleave","Anger","Rupture"],"picked":"SKIP","floor":27},{"not_picked":["Anger","Rupture"],"picked":"Dropkick","floor":29}],"player_experience":286158,"relics_obtained":[{"floor":7,"key":"Charon\u0027s Ashes"},{"floor":9,"key":"Girya"},{"floor":11,"key":"Old Coin"},{"floor":21,"key":"Du-Vu Doll"},{"floor":21,"key":"Bottled Flame"},{"floor":23,"key":"Bag of Marbles"},{"floor":26,"key":"Ornamental Fan"}],"event_choices":[{"damage_healed":0,"gold_gain":0,"player_choice":"Ignored","damage_taken":0,"max_hp_gain":0,"max_hp_loss":0,"event_name":"Vampires","floor":20,"gold_loss":0},{"damage_healed":0,"gold_gain":0,"player_choice":"Fight","damage_taken":0,"max_hp_gain":0,"max_hp_loss":0,"event_name":"Colosseum","floor":21,"gold_loss":0},{"damage_healed":0,"gold_gain":0,"player_choice":"Fought Nobs","damage_taken":0,"max_hp_gain":0,"max_hp_loss":0,"event_name":"Colosseum","floor":21,"gold_loss":0}],"is_beta":false,"boss_relics":[{"not_picked":["Black Blood","Astrolabe"],"picked":"Sozu"}],"items_purged_floors":[31],"is_endless":false,"potions_floor_spawned":[1,4,10,21,22,23,27,29],"killed_by":"Champ","ascension_level":12}