{"gold_per_floor":[113,188,168,186,200,217,242,13,39,39,39,56,83,99,99,202,202,202,202,202,202,202,202,202,202,202,202,202,202,202,127,127,127,127,127,127,127,127,127,127,127,127,127,127,127,127,127,127,127,127,127,127,34,34,34],"floor_reached":55,"playtime":3332,"items_purged":["Perfected Strike+1"],"score":1122,"play_id":"8905f36d-8512-4b6e-9cf9-314624541151","local_time":"20190323154458","is_ascension_mode":true,"campfire_choices":[{"data":"Armaments","floor":10,"key":"SMITH"},{"floor":15,"key":"REST"},{"floor":23,"key":"REST"},{"data":"Armaments","floor":28,"key":"SMITH"},{"data":"Feed","floor":32,"key":"SMITH"},{"floor":42,"key":"REST"},{"floor":44,"key":"RECALL"},{"floor":49,"key":"REST"},{"data":"Battle Trance","floor":52,"key":"SMITH"}],"neow_cost":"NONE","seed_source_timestamp":909768378278105,"circlet_count":0,"master_deck":["Defend_R+1","Defend_R","Defend_R+1","Bash","Clothesline","Shrug It Off","Feed+1","Armaments+1","Shrug It Off","Intimidate","Anger","Battle Trance+1","Demon Form","Reaper","Inflame","Headbutt","Brutality","Thunderclap","Armaments+1","Metallicize","Bite","Bite","Bite","Bite","Bite","Inflame","Juggernaut","Exhume","True Grit+1","Double Tap","Rupture+1","Warcry+1","Impervious","Shrug It Off","Metallicize"],"relics":["Burning Blood","Whetstone","Orichalcum","Oddly Smooth Stone","War Paint","Ectoplasm","Incense Burner","Shuriken","Regal Pillow","Sozu","PreservedInsect","Art of War","Old Coin","Anchor"],"potions_floor_usage":[7,13,14,24,24,29,33,55],"damage_taken":[{"damage":4,"enemies":"Small Slimes","floor":1,"turns":4},{"damage":1,"enemies":"Cultist","floor":4,"turns":3},{"damage":9,"enemies":"Jaw Worm","floor":5,"turns":3},{"damage":16,"enemies":"Large Slime","floor":6,"turns":5},{"damage":32,"enemies":"3 Sentries","floor":7,"turns":7},{"damage":5,"enemies":"3 Louse","floor":12,"turns":3},{"damage":12,"enemies":"Lagavulin","floor":13,"turns":8},{"damage":11,"enemies":"Lots of Slimes","floor":14,"turns":6},{"damage":37,"enemies":"The Guardian","floor":16,"turns":13},{"damage":24,"enemies":"Spheric Guardian","floor":18,"turns":6},{"damage":16,"enemies":"Shell Parasite","floor":19,"turns":7},{"damage":26,"enemies":"Centurion and Healer","floor":20,"turns":5},{"damage":32,"enemies":"Snake Plant","floor":21,"turns":5},{"damage":47,"enemies":"Chosen and Byrds","floor":22,"turns":8},{"damage":43,"enemies":"Slavers","floor":24,"turns":5},{"damage":35,"enemies":"Sentry and Sphere","floor":25,"turns":6},{"damage":32,"enemies":"Centurion and Healer","floor":29,"turns":5},{"damage":5,"enemies":"Gremlin Leader","floor":30,"turns":8},{"damage":61,"enemies":"Champ","floor":33,"turns":12},{"damage":33,"enemies":"3 Darklings","floor":35,"turns":7},{"damage":32,"enemies":"3 Shapes","floor":38,"turns":6},{"damage":31,"enemies":"3 Darklings","floor":40,"turns":5},{"damage":83,"enemies":"Reptomancer","floor":41,"turns":8},{"damage":19,"enemies":"Sphere and 2 Shapes","floor":45,"turns":6},{"damage":27,"enemies":"Giant Head","floor":46,"turns":7},{"damage":45,"enemies":"Jaw Worm Horde","floor":47,"turns":6},{"damage":69,"enemies":"Nemesis","floor":48,"turns":7},{"damage":114,"enemies":"Awakened One","floor":50,"turns":9},{"damage":72,"enemies":"Shield and Spear","floor":54,"turns":8},{"damage":77,"enemies":"The Heart","floor":55,"turns":5}],"seed_played":"1382080580343112180","potions_obtained":[{"floor":3,"key":"AttackPotion"},{"floor":5,"key":"SpeedPotion"},{"floor":6,"key":"SneckoOil"},{"floor":7,"key":"PowerPotion"},{"floor":13,"key":"GamblersBrew"},{"floor":18,"key":"FairyPotion"},{"floor":19,"key":"EssenceOfSteel"},{"floor":21,"key":"PowerPotion"},{"floor":29,"key":"Weak Potion"},{"floor":33,"key":"Ancient Potion"}],"is_trial":false,"path_per_floor":["M","?","?","M","M","M","E","$","T","R","?","M","E","M","R","B",null,"M","M","M","M","M","R","E","M","T","?","R","M","E","$","R","B",null,"M","?","?","M","?","M","E","R","T","R","M","E","M","E","R","B",null,"R","$","E","B"],"character_chosen":"IRONCLAD","items_purchased":["Orichalcum","Armaments","Shrug It Off","Shrug It Off","Metallicize"],"campfire_rested":4,"item_purchase_floors":[8,8,8,53,53],"current_hp_per_floor":[82,71,71,76,73,63,37,37,37,37,37,41,38,36,65,37,84,69,62,65,50,17,51,48,35,35,35,35,20,47,47,47,31,72,90,85,85,67,67,62,38,80,80,80,89,86,96,48,95,36,94,94,94,67,0],"gold":34,"neow_bonus":"TEN_PERCENT_HP_BONUS","is_prod":false,"is_daily":false,"chose_seed":false,"campfire_upgraded":4,"win_rate":0,"timestamp":1553370298,"path_taken":["M","?","?","M","?","M","E","$","T","R","?","M","E","M","R","BOSS","M","M","?","M","M","R","E","M","T","?","R","M","E","$","R","BOSS","M","?","?","M","?","?","E","R","T","R","M","E","?","E","R","BOSS","R","$","E","BOSS"],"build_version":"2019-01-23","purchased_purges":1,"victory":false,"max_hp_per_floor":[88,88,88,88,88,88,88,88,88,88,88,91,94,97,97,100,100,103,106,109,113,116,116,119,119,119,83,83,86,86,86,86,86,86,90,85,85,89,89,89,93,93,93,93,97,101,109,109,109,113,113,113,113,117,117],"card_choices":[{"not_picked":["Sword Boomerang","Cleave"],"picked":"Clothesline","floor":1},{"not_picked":["Barricade","Dropkick"],"picked":"Twin Strike","floor":4},{"not_picked":["Cleave","Second Wind"],"picked":"Perfected Strike","floor":5},{"not_picked":["Pommel Strike","Headbutt"],"picked":"Shrug It Off","floor":6},{"not_picked":["Sentinel","Warcry"],"picked":"Feed","floor":7},{"not_picked":["Feel No Pain","Armaments"],"picked":"Anger","floor":12},{"not_picked":["Rage","Clash"],"picked":"Battle Trance","floor":13},{"not_picked":["Uppercut","Body Slam"],"picked":"Demon Form","floor":14},{"not_picked":["Limit Break","Brutality"],"picked":"Reaper","floor":16},{"not_picked":["Feel No Pain","Iron Wave+1"],"picked":"Inflame","floor":18},{"not_picked":["True Grit","Havoc"],"picked":"Headbutt","floor":19},{"not_picked":["Hemokinesis","Iron Wave","Twin Strike"],"picked":"SKIP","floor":20},{"not_picked":["Armaments","Perfected Strike"],"picked":"Brutality","floor":21},{"not_picked":["Body Slam","Pommel Strike"],"picked":"Thunderclap","floor":22},{"not_picked":["Anger","Twin Strike"],"picked":"Armaments","floor":24},{"not_picked":["Heavy Blade+1","Flex"],"picked":"Metallicize","floor":25},{"not_picked":["Feel No Pain","Warcry"],"picked":"Inflame","floor":29},{"not_picked":["Clothesline","Thunderclap"],"picked":"Juggernaut","floor":30},{"not_picked":["Barricade","Double Tap"],"picked":"Exhume","floor":33},{"not_picked":["Power Through+1","Entrench"],"picked":"True Grit+1","floor":35},{"not_picked":["Entrench","Seeing Red","Shrug It Off"],"picked":"SKIP","floor":38},{"not_picked":["Evolve+1","Thunderclap","True Grit+1"],"picked":"SKIP","floor":40},{"not_picked":["Hemokinesis","Evolve"],"picked":"Double Tap","floor":41},{"not_picked":["Armaments","Perfected Strike","Seeing Red+1"],"picked":"SKIP","floor":45},{"not_picked":["Body Slam","Blood for Blood"],"picked":"Rupture+1","floor":46},{"not_picked":["Ghostly Armor+1","Twin Strike"],"picked":"Warcry+1","floor":47},{"not_picked":["Hemokinesis","Dual Wield"],"picked":"Impervious","floor":48},{"not_picked":["Twin Strike+1","True Grit+1","Thunderclap+1"],"picked":"SKIP","floor":54}],"player_experience":344165,"relics_obtained":[{"floor":7,"key":"Whetstone"},{"floor":9,"key":"Oddly Smooth Stone"},{"floor":13,"key":"War Paint"},{"floor":24,"key":"Incense Burner"},{"floor":26,"key":"Shuriken"},{"floor":30,"key":"Regal Pillow"},{"floor":41,"key":"PreservedInsect"},{"floor":46,"key":"Art of War"},{"floor":48,"key":"Old Coin"},{"floor":54,"key":"Anchor"}],"event_choices":[{"damage_healed":0,"gold_gain":75,"player_choice":"Gather Gold","damage_taken":11,"max_hp_gain":0,"max_hp_loss":0,"event_name":"World of Goop","floor":2,"gold_loss":0},{"damage_healed":0,"gold_gain":0,"player_choice":"Bought 1 Potion","damage_taken":0,"max_hp_gain":0,"max_hp_loss":0,"event_name":"The Woman in Blue","floor":3,"gold_loss":0},{"damage_healed":0,"gold_gain":0,"cards_transformed":["Twin Strike"],"player_choice":"Transformed","damage_taken":0,"max_hp_gain":0,"max_hp_loss":0,"event_name":"Transmorgrifier","floor":11,"gold_loss":0,"cards_obtained":["Intimidate"]},{"damage_healed":0,"gold_gain":0,"player_choice":"Became a vampire","damage_taken":0,"max_hp_gain":0,"max_hp_loss":36,"event_name":"Vampires","floor":27,"gold_loss":0,"cards_obtained":["Bite","Bite","Bite","Bite","Bite"]},{"damage_healed":0,"gold_gain":0,"player_choice":"Max HP","damage_taken":0,"max_hp_gain":0,"max_hp_loss":5,"event_name":"Winding Halls","floor":36,"gold_loss":0},{"cards_removed":["Defend_R"],"damage_healed":0,"gold_gain":0,"player_choice":"Removed Skill","damage_taken":0,"max_hp_gain":0,"max_hp_loss":0,"event_name":"Falling","floor":37,"gold_loss":0},{"damage_healed":0,"gold_gain":0,"player_choice":"Ignored","damage_taken":0,"max_hp_gain":0,"max_hp_loss":0,"event_name":"SecretPortal","floor":39,"gold_loss":0}],"is_beta":false,"boss_relics":[{"not_picked":["Mark of Pain","Runic Cube"],"picked":"Ectoplasm"},{"not_picked":["Eternal Feather","Astrolabe"],"picked":"Sozu"}],"items_purged_floors":[31],"is_endless":false,"potions_floor_spawned":[5,6,7,13,18,19,21,29,33,38,40,41,45,48,54],"killed_by":"The Heart","ascension_level":6}