{"gold_per_floor":[116,29,29,49,49,49,14,14,14,34,68,78,107,107,107,179,179,199,216,38,57,73,73,107,107,132,132],"floor_reached":27,"playtime":2469,"items_purged":["Strike_G"],"score":482,"play_id":"31ed11a9-8456-4951-9b8b-3005082a3ef2","local_time":"20190807200240","is_ascension_mode":true,"campfire_choices":[{"floor":6,"key":"REST"},{"floor":15,"key":"REST"},{"data":"Noxious Fumes","floor":23,"key":"SMITH"},{"data":"Catalyst","floor":25,"key":"SMITH"}],"neow_cost":"NONE","seed_source_timestamp":124141612124400,"circlet_count":0,"master_deck":["AscendersBane","Strike_G","Strike_G","Strike_G","Strike_G","Defend_G+1","Defend_G","Defend_G","Defend_G","Defend_G+1","Survivor","Neutralize","Noxious Fumes+1","Cloak And Dagger","Dash","Acrobatics","Bouncing Flask","Bane","Dagger Spray","After Image","Flying Knee","Backflip","Cloak And Dagger","Catalyst+1","Noxious Fumes+1"],"relics":["Ring of the Snake","Kunai","Potion Belt","Mercury Hourglass","GremlinMask","Busted Crown","Molten Egg 2","Blood Vial"],"potions_floor_usage":[13,19,21,22,24,24],"damage_taken":[{"damage":3,"enemies":"Small Slimes","floor":1,"turns":4},{"damage":3,"enemies":"2 Louse","floor":4,"turns":3},{"damage":0,"enemies":"Jaw Worm","floor":10,"turns":5},{"damage":36,"enemies":"3 Sentries","floor":11,"turns":9},{"damage":0,"enemies":"2 Fungi Beasts","floor":12,"turns":4},{"damage":29,"enemies":"Gremlin Nob","floor":13,"turns":4},{"damage":3,"enemies":"Hexaghost","floor":16,"turns":9},{"damage":4,"enemies":"Chosen","floor":18,"turns":4},{"damage":1,"enemies":"Shell Parasite","floor":19,"turns":5},{"damage":0,"enemies":"Centurion and Healer","floor":21,"turns":9},{"damage":19,"enemies":"Cultist and Chosen","floor":22,"turns":6},{"damage":28,"enemies":"Slavers","floor":24,"turns":6},{"damage":12,"enemies":"Snecko","floor":27,"turns":4}],"seed_played":"-3699368163845111057","potions_obtained":[{"floor":11,"key":"PowerPotion"},{"floor":12,"key":"SpeedPotion"},{"floor":13,"key":"GhostInAJar"},{"floor":16,"key":"GhostInAJar"},{"floor":18,"key":"Dexterity Potion"},{"floor":21,"key":"SpeedPotion"}],"is_trial":false,"path_per_floor":["M","$","?","M","?","R","?","T","T","M","E","M","E","?","R","B",null,"M","M","$","M","M","R","E","R","T","M"],"character_chosen":"THE_SILENT","items_purchased":["Dash","Cloak And Dagger","Catalyst"],"campfire_rested":2,"item_purchase_floors":[2,20,20],"current_hp_per_floor":[56,56,61,58,37,58,71,71,71,71,35,35,6,6,27,24,59,55,54,54,54,35,35,7,7,7,0],"gold":132,"neow_bonus":"THREE_CARDS","is_prod":false,"is_daily":false,"chose_seed":false,"campfire_upgraded":2,"win_rate":0,"timestamp":1565222560,"path_taken":["M","$","?","M","?","R","?","?","T","M","E","?","E","?","R","BOSS","M","M","$","M","M","R","E","R","T","?"],"build_version":"2019-07-17","purchased_purges":1,"victory":false,"max_hp_per_floor":[66,66,71,71,71,71,71,71,71,71,71,71,71,71,71,71,71,71,71,71,71,71,71,71,71,71,71],"card_choices":[{"not_picked":["Bane","Dagger Spray"],"picked":"Noxious Fumes","floor":0},{"not_picked":["Acrobatics","Blade Dance"],"picked":"Cloak And Dagger","floor":1},{"not_picked":["Eviscerate","Tactician"],"picked":"Acrobatics","floor":4},{"not_picked":["Backflip","Acrobatics"],"picked":"Bouncing Flask","floor":10},{"not_picked":["Noxious Fumes","Escape Plan"],"picked":"Bane","floor":11},{"not_picked":["Heel Hook","Underhanded Strike","Eviscerate"],"picked":"SKIP","floor":12},{"not_picked":["Heel Hook","Prepared"],"picked":"Dagger Spray","floor":13},{"not_picked":["Phantasmal Killer","Glass Knife"],"picked":"After Image","floor":16},{"not_picked":[],"picked":"Flying Knee","floor":18},{"not_picked":[],"picked":"Backflip","floor":19},{"not_picked":["Slice"],"picked":"SKIP","floor":21},{"not_picked":["Prepared"],"picked":"SKIP","floor":22},{"not_picked":["Prepared"],"picked":"SKIP","floor":22},{"not_picked":[],"picked":"Noxious Fumes+1","floor":24}],"player_experience":2334809,"relics_obtained":[{"floor":8,"key":"Kunai"},{"floor":11,"key":"Potion Belt"},{"floor":13,"key":"Mercury Hourglass"},{"floor":24,"key":"Molten Egg 2"},{"floor":26,"key":"Blood Vial"}],"event_choices":[{"damage_healed":0,"gold_gain":0,"player_choice":"Donut","damage_taken":0,"max_hp_gain":5,"max_hp_loss":0,"event_name":"Big Fish","floor":3,"gold_loss":0},{"damage_healed":0,"gold_gain":0,"player_choice":"Entered Light","damage_taken":21,"max_hp_gain":0,"max_hp_loss":0,"event_name":"Shining Light","floor":5,"gold_loss":0,"cards_upgraded":["Defend_G","Defend_G"]},{"damage_healed":17,"gold_gain":0,"player_choice":"Healed","damage_taken":0,"max_hp_gain":0,"max_hp_loss":0,"event_name":"The Cleric","floor":7,"gold_loss":35},{"damage_healed":0,"gold_gain":0,"player_choice":"Trade","damage_taken":0,"relics_obtained":["GremlinMask"],"max_hp_gain":0,"max_hp_loss":0,"event_name":"FaceTrader","floor":14,"gold_loss":0}],"is_beta":false,"boss_relics":[{"not_picked":["Tiny House","Astrolabe"],"picked":"Busted Crown"}],"items_purged_floors":[20],"is_endless":false,"potions_floor_spawned":[11,12,13,16,18,21],"killed_by":"Snecko","ascension_level":20}