{"gold_per_floor":[13,13,29,46,35,69,85,85],"floor_reached":8,"playtime":486,"items_purged":[],"score":84,"play_id":"bcf8516b-f2e9-4332-b2ee-8937ff2535e1","local_time":"20190618184319","is_ascension_mode":true,"campfire_choices":[],"neow_cost":"NO_GOLD","seed_source_timestamp":595971005737089,"circlet_count":0,"master_deck":["Strike_B","Strike_B","Strike_B","Strike_B","Defend_B","Defend_B","Defend_B","Defend_B","Zap","Dualcast","Conserve Battery","Defragment","Streamline","Rip and Tear"],"relics":["Cracked Core","Gambling Chip","Dodecahedron"],"potions_floor_usage":[6,6],"damage_taken":[{"damage":11,"enemies":"Small Slimes","floor":1,"turns":4},{"damage":4,"enemies":"2 Louse","floor":3,"turns":3},{"damage":4,"enemies":"Jaw Worm","floor":4,"turns":4},{"damage":16,"enemies":"Exordium Thugs","floor":5,"turns":4},{"damage":16,"enemies":"Lagavulin","floor":6,"turns":5},{"damage":12,"enemies":"Large Slime","floor":7,"turns":6},{"damage":29,"enemies":"Gremlin Nob","floor":8,"turns":3}],"seed_played":"4265214443068302075","potions_obtained":[{"floor":4,"key":"Regen Potion"},{"floor":5,"key":"EssenceOfSteel"}],"is_trial":false,"path_per_floor":["M","?","M","M","M","E","M","E"],"character_chosen":"DEFECT","items_purchased":[],"campfire_rested":0,"item_purchase_floors":[],"current_hp_per_floor":[57,57,53,49,33,31,19,0],"gold":85,"neow_bonus":"ONE_RARE_RELIC","is_prod":false,"is_daily":false,"chose_seed":false,"campfire_upgraded":0,"win_rate":0,"timestamp":1560901399,"path_taken":["M","?","M","M","M","E","M","E"],"build_version":"2019-01-23","purchased_purges":0,"victory":false,"max_hp_per_floor":[75,75,75,75,75,75,75,75],"card_choices":[{"not_picked":["Reinforced Body","Steam"],"picked":"Conserve Battery","floor":1},{"not_picked":["Recycle","Barrage","Turbo"],"picked":"SKIP","floor":3},{"not_picked":["Scrape","Gash"],"picked":"Defragment","floor":4},{"not_picked":["Force Field","Reinforced Body"],"picked":"Streamline","floor":5},{"not_picked":["Go for the Eyes","Capacitor"],"picked":"Rip and Tear","floor":6},{"not_picked":["Sweeping Beam","Turbo","Streamline"],"picked":"SKIP","floor":7}],"player_experience":214349,"relics_obtained":[{"floor":6,"key":"Dodecahedron"}],"event_choices":[{"damage_healed":0,"gold_gain":0,"player_choice":"Ignored","damage_taken":0,"max_hp_gain":0,"max_hp_loss":0,"event_name":"Golden Wing","floor":2,"gold_loss":0}],"is_beta":false,"boss_relics":[],"items_purged_floors":[],"is_endless":false,"potions_floor_spawned":[4,5],"killed_by":"Gremlin Nob","ascension_level":8}