{"gold_per_floor":[115,115,130,130,150,175,175,189,214,230,241,253,10,23,23,118,118,128,228,244,1,14,14,46,46,46,0,0,16,28,28,28,123,123,134,61,106,206,206,239,239,89,135,135,145,145,175,189,189,189,189,189,20,51,51],"floor_reached":55,"playtime":9191,"items_purged":["Strike_B","Strike_B"],"score":767,"play_id":"5930084e-163f-4dbd-9072-a25a78714f69","local_time":"20190819011959","is_ascension_mode":true,"campfire_choices":[{"data":"Hologram","floor":7.0,"key":"SMITH"},{"data":"Loop","floor":15.0,"key":"SMITH"},{"floor":23.0,"key":"REST"},{"floor":25.0,"key":"REST"},{"data":"Defragment","floor":28.0,"key":"SMITH"},{"data":"Loop","floor":32.0,"key":"SMITH"},{"data":"Echo Form","floor":41.0,"key":"SMITH"},{"data":"Meteor Strike","floor":44.0,"key":"SMITH"},{"floor":46.0,"key":"RECALL"},{"data":"Trip","floor":49.0,"key":"SMITH"},{"data":"Streamline","floor":52.0,"key":"SMITH"}],"neow_cost":"NONE","seed_source_timestamp":0,"circlet_count":0,"master_deck":["Defend_B","Defend_B","Defend_B","Defend_B","Zap","Dualcast","Genetic Algorithm","Self Repair","Defragment+1","Hologram+1","Conserve Battery","Streamline","Streamline+1","Trip+1","Loop+1","Sweeping Beam","Conserve Battery","Loop+1","Leap+1","Streamline+1","Meteor Strike+1","Self Repair","Echo Form+1","Double Energy","Parasite","Apotheosis"],"special_seed":0,"relics":["Cracked Core","Ancient Tea Set","Oddly Smooth Stone","Snecko Eye","Shovel","Bottled Tornado","PreservedInsect","Anchor","Nuclear Battery","StoneCalendar","Ice Cream","Shuriken","Happy Flower","Lantern","Potion Belt","Blood Vial"],"potions_floor_usage":[55,55,55,55,55,55],"damage_taken":[{"damage":2.0,"enemies":"Jaw Worm","floor":1.0,"turns":3.0},{"damage":1.0,"enemies":"2 Louse","floor":3.0,"turns":2.0},{"damage":3.0,"enemies":"Cultist","floor":5.0,"turns":4.0},{"damage":40.0,"enemies":"Lagavulin","floor":6.0,"turns":8.0},{"damage":12.0,"enemies":"Exordium Wildlife","floor":8.0,"turns":3.0},{"damage":4.0,"enemies":"2 Fungi Beasts","floor":10.0,"turns":5.0},{"damage":1.0,"enemies":"Looter","floor":11.0,"turns":4.0},{"damage":0.0,"enemies":"Blue Slaver","floor":12.0,"turns":5.0},{"damage":16.0,"enemies":"Exordium Thugs","floor":14.0,"turns":5.0},{"damage":14.0,"enemies":"The Guardian","floor":16.0,"turns":8.0},{"damage":12.0,"enemies":"3 Byrds","floor":18.0,"turns":4.0},{"damage":15.0,"enemies":"Colosseum Slavers","floor":19.0,"turns":5.0},{"damage":37.0,"enemies":"Colosseum Nobs","floor":19.0,"turns":6.0},{"damage":1.0,"enemies":"Spheric Guardian","floor":20.0,"turns":4.0},{"damage":29.0,"enemies":"Centurion and Healer","floor":22.0,"turns":11.0},{"damage":12.0,"enemies":"Slavers","floor":24.0,"turns":4.0},{"damage":0.0,"enemies":"Chosen and Byrds","floor":29.0,"turns":4.0},{"damage":5.0,"enemies":"Shelled Parasite and Fungi","floor":30.0,"turns":7.0},{"damage":51.0,"enemies":"Collector","floor":33.0,"turns":10.0},{"damage":13.0,"enemies":"3 Darklings","floor":35.0,"turns":3.0},{"damage":13.0,"enemies":"2 Orb Walkers","floor":37.0,"turns":5.0},{"damage":0.0,"enemies":"Mind Bloom Boss Battle","floor":38.0,"turns":6.0},{"damage":23.0,"enemies":"Nemesis","floor":40.0,"turns":5.0},{"damage":0.0,"enemies":"Orb Walker","floor":45.0,"turns":3.0},{"damage":3.0,"enemies":"Giant Head","floor":47.0,"turns":6.0},{"damage":11.0,"enemies":"Writhing Mass","floor":48.0,"turns":5.0},{"damage":66.0,"enemies":"Donu and Deca","floor":50.0,"turns":9.0},{"damage":10.0,"enemies":"Shield and Spear","floor":54.0,"turns":5.0},{"damage":102,"enemies":"The Heart","floor":55,"turns":8}],"seed_played":"1536662872432178900","potions_obtained":[{"floor":5.0,"key":"Energy Potion"},{"floor":8.0,"key":"SteroidPotion"},{"floor":10.0,"key":"Weak Potion"},{"floor":14.0,"key":"Ancient Potion"},{"floor":24.0,"key":"Energy Potion"},{"floor":30.0,"key":"Poison Potion"},{"floor":33.0,"key":"Energy Potion"},{"floor":35.0,"key":"EntropicBrew"},{"floor":37.0,"key":"Fire Potion"}],"is_trial":false,"path_per_floor":["M","?","M","?","M","E","R","M","T","M","M","M","$","M","R","B",null,"M","?","M","$","M","R","E","R","T","?","R","M","M","$","R","B",null,"M","$","?","?","?","E","R","$","T","R","M","R","E","M","R","B",null,"R","$","E","B"],"character_chosen":"DEFECT","items_purchased":["Trip","Loop","PreservedInsect","Self Repair","Happy Flower","Apotheosis"],"campfire_rested":2,"item_purchase_floors":[13,13,21,36,42,53],"current_hp_per_floor":[73,66,72,72,75,42,42,37,37,40,46,53,53,44,44,37,75,70,32,38,38,16,38,26,48,48,48,48,55,57,57,57,13,75,69,69,70,75,75,73,73,73,73,73,75,75,75,75,75,23,75,75,75,75,0],"gold":51,"neow_bonus":"TRANSFORM_CARD","is_prod":false,"is_daily":false,"chose_seed":false,"campfire_upgraded":8,"win_rate":0,"timestamp":1566170399,"path_taken":["M","?","M","?","M","E","R","M","T","?","M","M","$","M","R","BOSS","M","?","M","$","M","R","E","R","T","?","R","M","M","$","R","BOSS","M","$","?","?","?","E","R","$","T","R","M","R","E","M","R","BOSS","R","$","E","BOSS"],"build_version":"2019-01-23","purchased_purges":2,"victory":false,"max_hp_per_floor":[75,75,75,75,75,75,75,75,75,75,75,75,75,75,75,75,75,75,75,75,75,75,75,75,75,75,75,75,75,75,75,75,75,75,75,75,75,75,75,75,75,75,75,75,75,75,75,75,75,75,75,75,75,75,75],"card_choices":[{"not_picked":["Rebound","Turbo"],"picked":"Self Repair","floor":1.0},{"not_picked":["Compile Driver","Undo","Force Field"],"picked":"SKIP","floor":3.0},{"not_picked":["Ball Lightning","Leap"],"picked":"Hologram","floor":5.0},{"not_picked":["Multi-Cast","Ball Lightning","Heatsinks"],"picked":"SKIP","floor":6.0},{"not_picked":["Rip and Tear","Scrape"],"picked":"Conserve Battery","floor":8.0},{"not_picked":["Cold Snap","Redo"],"picked":"Leap","floor":10.0},{"not_picked":["Barrage","Gash"],"picked":"Streamline","floor":11.0},{"not_picked":["Doom and Gloom","FTL"],"picked":"Streamline","floor":12.0},{"not_picked":["Rip and Tear","Beam Cell"],"picked":"Sweeping Beam","floor":14.0},{"not_picked":["Skim","Cold Snap"],"picked":"Conserve Battery","floor":18.0},{"not_picked":["Capacitor","Hologram"],"picked":"Loop","floor":20.0},{"not_picked":["Cold Snap","Streamline"],"picked":"Leap+1","floor":22.0},{"not_picked":["Go for the Eyes","Beam Cell+1","Amplify"],"picked":"SKIP","floor":24.0},{"not_picked":["Steam Power","Coolheaded","Streamline"],"picked":"SKIP","floor":29.0},{"not_picked":["Barrage","Fusion"],"picked":"Streamline+1","floor":30.0},{"not_picked":["Hyperbeam","Creative AI"],"picked":"Meteor Strike","floor":33.0},{"not_picked":["Genetic Algorithm+1","Turbo","Gash"],"picked":"SKIP","floor":35.0},{"not_picked":["Ball Lightning+1","Cold Snap+1"],"picked":"Echo Form","floor":38.0},{"not_picked":["All For One","Streamline"],"picked":"Double Energy","floor":40.0},{"not_picked":["Force Field","Aggregate+1","Compile Driver"],"picked":"SKIP","floor":45.0},{"not_picked":["Force Field","Aggregate+1","Compile Driver"],"picked":"SKIP","floor":45.0},{"not_picked":["Steam+1","White Noise","Barrage+1"],"picked":"SKIP","floor":47.0},{"not_picked":["Turbo+1","Leap+1","Aggregate+1"],"picked":"SKIP","floor":48.0},{"not_picked":["Lockon+1","Beam Cell","Rip and Tear"],"picked":"SKIP","floor":54.0}],"player_experience":228577,"relics_obtained":[{"floor":6.0,"key":"Ancient Tea Set"},{"floor":9.0,"key":"Oddly Smooth Stone"},{"floor":19.0,"key":"Shovel"},{"floor":19.0,"key":"Bottled Tornado"},{"floor":24.0,"key":"Anchor"},{"floor":37.0,"key":"StoneCalendar"},{"floor":38.0,"key":"Ice Cream"},{"floor":40.0,"key":"Shuriken"},{"floor":43.0,"key":"Lantern"},{"floor":47.0,"key":"Potion Belt"},{"floor":54.0,"key":"Blood Vial"}],"event_choices":[{"cards_removed":["Strike_B"],"damage_healed":0.0,"max_hp_gain":0.0,"max_hp_loss":0.0,"gold_gain":0.0,"event_name":"Golden Wing","player_choice":"Card Removal","floor":2.0,"gold_loss":0.0,"damage_taken":7.0},{"damage_healed":0.0,"max_hp_gain":0.0,"max_hp_loss":0.0,"gold_gain":0.0,"event_name":"Match and Keep!","player_choice":"1 cards matched","floor":4.0,"gold_loss":0.0,"damage_taken":0.0,"cards_obtained":["Defragment"]},{"damage_healed":0.0,"max_hp_gain":0.0,"max_hp_loss":0.0,"gold_gain":0.0,"event_name":"Colosseum","player_choice":"Fight","floor":19.0,"gold_loss":0.0,"damage_taken":0.0},{"damage_healed":0.0,"max_hp_gain":0.0,"max_hp_loss":0.0,"gold_gain":0.0,"event_name":"Colosseum","player_choice":"Fought Nobs","floor":19.0,"gold_loss":0.0,"damage_taken":0.0},{"damage_healed":0.0,"max_hp_gain":0.0,"max_hp_loss":0.0,"gold_gain":0.0,"event_name":"Masked Bandits","player_choice":"Paid Fearfully","floor":27.0,"gold_loss":46.0,"damage_taken":0.0},{"damage_healed":0.0,"max_hp_gain":0.0,"max_hp_loss":0.0,"gold_gain":0.0,"event_name":"Mysterious Sphere","player_choice":"Fight","floor":37.0,"gold_loss":0.0,"damage_taken":0.0},{"damage_healed":0.0,"max_hp_gain":0.0,"max_hp_loss":0.0,"gold_gain":0.0,"event_name":"MindBloom","player_choice":"Fight","floor":38.0,"gold_loss":0.0,"damage_taken":0.0},{"cards_removed":["Leap"],"damage_healed":0.0,"max_hp_gain":0.0,"max_hp_loss":0.0,"gold_gain":0.0,"event_name":"Falling","player_choice":"Removed Skill","floor":39.0,"gold_loss":0.0,"damage_taken":0.0}],"is_beta":false,"boss_relics":[{"not_picked":["White Beast Statue","Tiny House"],"picked":"Snecko Eye"},{"not_picked":["Orrery","Philosopher\u0027s Stone"],"picked":"Nuclear Battery"}],"items_purged_floors":[13,21],"is_endless":false,"potions_floor_spawned":[5,8,10,14,19,24,30,33,35,37],"killed_by":"The Heart","ascension_level":2}