{"gold_per_floor":[109,119,131,131,131,131,160,176,226,226,240,240,271,371,371,445,445,462,307,323,33,45,45,45],"floor_reached":24,"playtime":986,"items_purged":[],"score":340,"play_id":"767237b1-a9af-4c99-8e8e-59b9d37d782c","local_time":"20190703081840","is_ascension_mode":true,"campfire_choices":[{"data":"Bash","floor":6.0,"key":"SMITH"},{"data":"Armaments","floor":10.0,"key":"SMITH"},{"floor":15.0,"key":"REST"},{"floor":23,"key":"REST"}],"neow_cost":"NONE","seed_source_timestamp":1079100774890682,"circlet_count":0,"master_deck":["AscendersBane","Strike_R","Strike_R","Strike_R+1","Strike_R","Strike_R","Defend_R","Defend_R","Defend_R","Defend_R+1","Bash+1","Reaper","Inflame","Ghostly Armor","Carnage+1","Pummel","Armaments+1","Body Slam","Iron Wave","Limit Break","Pommel Strike","Headbutt","Flame Barrier","Corruption"],"special_seed":0,"relics":["Burning Blood","Darkstone Periapt","Potion Belt","Anchor","Philosopher\u0027s Stone","Bronze Scales","Bag of Preparation"],"potions_floor_usage":[22],"damage_taken":[{"damage":4.0,"enemies":"Small Slimes","floor":1.0,"turns":5.0},{"damage":1.0,"enemies":"Cultist","floor":2.0,"turns":4.0},{"damage":2.0,"enemies":"2 Louse","floor":3.0,"turns":4.0},{"damage":18.0,"enemies":"Gremlin Nob","floor":7.0,"turns":4.0},{"damage":14.0,"enemies":"Large Slime","floor":8.0,"turns":6.0},{"damage":60.0,"enemies":"Gremlin Gang","floor":11.0,"turns":5.0},{"damage":30.0,"enemies":"3 Sentries","floor":13.0,"turns":7.0},{"damage":26.0,"enemies":"Slime Boss","floor":16.0,"turns":9.0},{"damage":24,"enemies":"2 Thieves","floor":18,"turns":4},{"damage":22,"enemies":"Shell Parasite","floor":20,"turns":3},{"damage":34,"enemies":"Cultist and Chosen","floor":22,"turns":7},{"damage":62,"enemies":"Gremlin Leader","floor":24,"turns":10}],"seed_played":"-1300784983878796567","potions_obtained":[{"floor":1.0,"key":"Swift Potion"},{"floor":8.0,"key":"AttackPotion"},{"floor":16.0,"key":"Block Potion"},{"floor":20,"key":"Ancient Potion"}],"is_trial":false,"path_per_floor":["M","M","M","?","?","R","E","M","T","R","M","?","E","?","R","B",null,"M","$","M","$","M","R","E"],"character_chosen":"IRONCLAD","items_purchased":["Bronze Scales","Bag of Preparation","Flame Barrier","Corruption"],"campfire_rested":2,"item_purchase_floors":[19,21,21,21],"current_hp_per_floor":[78,80,80,80,80,80,68,72,72,72,30,14,8,8,32,12,63,52,52,36,36,8,32,0],"gold":45,"neow_bonus":"ONE_RANDOM_RARE_CARD","is_prod":false,"is_daily":false,"chose_seed":false,"campfire_upgraded":2,"win_rate":0,"timestamp":1562159920,"path_taken":["M","M","M","?","?","R","E","M","T","R","?","?","E","?","R","BOSS","M","$","M","$","?","R","E"],"build_version":"2019-07-01","purchased_purges":0,"victory":false,"max_hp_per_floor":[80,80,80,80,80,80,80,80,80,80,80,80,80,80,80,80,80,80,80,80,80,80,80,80],"card_choices":[{"not_picked":["Bloodletting","Sword Boomerang"],"picked":"Inflame","floor":1.0},{"not_picked":["Pommel Strike","Sever Soul"],"picked":"Ghostly Armor","floor":2.0},{"not_picked":["Body Slam","Metallicize"],"picked":"Carnage","floor":3.0},{"not_picked":["Flex","Sentinel"],"picked":"Pummel","floor":7.0},{"not_picked":["Perfected Strike","Hemokinesis"],"picked":"Armaments","floor":8.0},{"not_picked":["Sword Boomerang","Exhume"],"picked":"Body Slam","floor":11.0},{"not_picked":["True Grit","Cleave"],"picked":"Iron Wave","floor":13.0},{"not_picked":["Impervious","Immolate"],"picked":"Limit Break","floor":16.0},{"not_picked":["Havoc","Twin Strike"],"picked":"Pommel Strike","floor":18},{"not_picked":["Evolve","Carnage"],"picked":"Headbutt","floor":20},{"not_picked":["Clash","Searing Blow","Headbutt"],"picked":"SKIP","floor":22}],"player_experience":325299,"relics_obtained":[{"floor":7.0,"key":"Darkstone Periapt"},{"floor":9.0,"key":"Potion Belt"},{"floor":13.0,"key":"Anchor"}],"event_choices":[{"damage_healed":0.0,"max_hp_gain":0.0,"max_hp_loss":0.0,"gold_gain":0.0,"event_name":"Living Wall","player_choice":"Grow","floor":4.0,"gold_loss":0.0,"damage_taken":0.0,"cards_upgraded":["Carnage"]},{"damage_healed":0.0,"max_hp_gain":0.0,"max_hp_loss":0.0,"gold_gain":0.0,"event_name":"Wheel of Change","player_choice":"Full Heal","floor":5.0,"gold_loss":0.0,"damage_taken":0.0},{"damage_healed":0.0,"max_hp_gain":0.0,"max_hp_loss":0.0,"gold_gain":0.0,"event_name":"Shining Light","player_choice":"Entered Light","floor":12.0,"gold_loss":0.0,"damage_taken":16.0,"cards_upgraded":["Defend_R","Strike_R"]},{"damage_healed":0.0,"max_hp_gain":0.0,"max_hp_loss":0.0,"gold_gain":100.0,"event_name":"Golden Shrine","player_choice":"Pray","floor":14.0,"gold_loss":0.0,"damage_taken":0.0}],"is_beta":false,"boss_relics":[{"not_picked":["Coffee Dripper","Sozu"],"picked":"Philosopher\u0027s Stone"}],"items_purged_floors":[],"is_endless":false,"potions_floor_spawned":[1,8,16,20],"killed_by":"Gremlin Leader","ascension_level":13}