{"gold_per_floor":[111,128,128,148,148,148,174,191,191,266,44,78,78],"floor_reached":13,"playtime":793,"items_purged":["Defend_B"],"score":102,"play_id":"6c07f608-5053-4e01-bdbd-1ac99a9c1a1e","local_time":"20190725094833","is_ascension_mode":true,"campfire_choices":[{"data":"Cold Snap","floor":6,"key":"SMITH"}],"neow_cost":"NONE","seed_source_timestamp":160903118833492,"circlet_count":0,"master_deck":["Strike_B","Strike_B","Strike_B","Defend_B","Defend_B","Defend_B","Zap","Dualcast","Self Repair","Cold Snap+1","Redo","Regret","Barrage","Conserve Battery","Biased Cognition","Coolheaded"],"relics":["Cracked Core","Strawberry","Ginger","Calipers","Ice Cream","Singing Bowl"],"potions_floor_usage":[4,7],"damage_taken":[{"damage":2,"enemies":"Jaw Worm","floor":1,"turns":3},{"damage":6,"enemies":"Cultist","floor":2,"turns":3},{"damage":1,"enemies":"2 Louse","floor":4,"turns":2},{"damage":25,"enemies":"3 Sentries","floor":7,"turns":5},{"damage":17,"enemies":"Blue Slaver","floor":8,"turns":4},{"damage":32,"enemies":"Lagavulin","floor":12,"turns":7},{"damage":18,"enemies":"Exordium Wildlife","floor":13,"turns":4}],"seed_played":"-3980577587578010874","potions_obtained":[{"floor":1,"key":"SkillPotion"},{"floor":2,"key":"Explosive Potion"}],"is_trial":false,"path_per_floor":["M","M","?","M","?","R","E","M","T","?","$","E","M"],"character_chosen":"DEFECT","items_purchased":["Biased Cognition"],"campfire_rested":0,"item_purchase_floors":[11],"current_hp_per_floor":[80,81,81,82,82,82,64,54,54,43,43,18,0],"gold":78,"neow_bonus":"RANDOM_COMMON_RELIC","is_prod":false,"is_daily":false,"chose_seed":false,"campfire_upgraded":1,"win_rate":0,"timestamp":1564066113,"path_taken":["M","M","?","?","?","R","E","M","T","?","?","E","?"],"build_version":"2019-07-17","purchased_purges":1,"victory":false,"max_hp_per_floor":[82,82,82,82,82,82,82,82,82,82,82,82,82],"card_choices":[{"not_picked":["Steam","Tempest"],"picked":"Self Repair","floor":1},{"not_picked":["Coolheaded","FTL"],"picked":"Cold Snap","floor":2},{"not_picked":["Compile Driver","Turbo"],"picked":"Redo","floor":4},{"not_picked":["Steam","Rip and Tear"],"picked":"Barrage","floor":7},{"not_picked":["Hello World","Darkness"],"picked":"Conserve Battery","floor":8},{"not_picked":["Fission","FTL"],"picked":"Coolheaded","floor":12}],"player_experience":93186,"relics_obtained":[{"floor":7,"key":"Calipers"},{"floor":9,"key":"Ice Cream"},{"floor":12,"key":"Singing Bowl"}],"event_choices":[{"cards_removed":["Strike_B"],"damage_healed":0,"gold_gain":0,"player_choice":"Card Removal","damage_taken":0,"max_hp_gain":0,"max_hp_loss":0,"event_name":"Wheel of Change","floor":3,"gold_loss":0},{"damage_healed":0,"gold_gain":0,"player_choice":"Box","damage_taken":0,"relics_obtained":["Ginger"],"max_hp_gain":0,"max_hp_loss":0,"event_name":"Big Fish","floor":5,"gold_loss":0,"cards_obtained":["Regret"]},{"damage_healed":0,"gold_gain":75,"player_choice":"Gather Gold","damage_taken":11,"max_hp_gain":0,"max_hp_loss":0,"event_name":"World of Goop","floor":10,"gold_loss":0}],"is_beta":false,"boss_relics":[],"items_purged_floors":[11],"is_endless":false,"potions_floor_spawned":[1,2],"killed_by":"Exordium Wildlife","ascension_level":2}