{"gold_per_floor":[117,117,129,148,24,24,39,64,134,169,169,169,198,20,20,124,124,144,144,17,33,44,44,44,44,44,44,58,70,70,83,83,183,183,203,0,14,31,43,43,43,54,54,54,88,103,103,119,119,119],"floor_reached":51,"playtime":2533,"items_purged":["Defend_G","Strike_G","Strike_G"],"score":797,"play_id":"5916141d-c709-47bf-b92c-516db8e9f650","local_time":"20190105020826","is_ascension_mode":true,"campfire_choices":[{"floor":6,"key":"REST"},{"floor":12,"key":"REST"},{"data":"Noxious Fumes","floor":15,"key":"SMITH"},{"data":"Prepared","floor":23,"key":"SMITH"},{"data":"After Image","floor":25,"key":"SMITH"},{"floor":30,"key":"REST"},{"data":"After Image","floor":32,"key":"SMITH"},{"floor":40,"key":"REST"},{"data":"After Image","floor":44,"key":"SMITH"},{"floor":49,"key":"REST"}],"neow_cost":"PERCENT_DAMAGE","seed_source_timestamp":1180282852093905,"circlet_count":0,"master_deck":["Defend_G","Defend_G","Defend_G","Defend_G","Survivor","Neutralize","Poisoned Stab","Dodge and Roll","Noxious Fumes+1","Poisoned Stab","Backflip","After Image+1","Bouncing Flask","Calculated Gamble","After Image+1","Clumsy","Catalyst","Writhe","Caltrops","Acrobatics","Leg Sweep","Prepared+1","Dodge and Roll","PiercingWail","Dodge and Roll","Reflex","After Image+1","PiercingWail+1","Escape Plan","Dagger Throw+1","Dash+1","Catalyst+1","Bullet Time","Injury","Backflip","Acrobatics+1","Pain","Blur+1","Dash+1"],"relics":["Ring of the Snake","Odd Mushroom","Gremlin Horn","Omamori","Strawberry","Bronze Scales","Calling Bell","Bag of Marbles","Dodecahedron","Ice Cream","Lantern","Art of War","Cursed Key","Question Card","Mummified Hand","Pocketwatch","Prayer Wheel"],"potions_floor_usage":[10,31,33,33,33,50],"damage_taken":[{"damage":9,"enemies":"Jaw Worm","floor":1,"turns":9},{"damage":0,"enemies":"Cultist","floor":3,"turns":4},{"damage":4,"enemies":"2 Louse","floor":4,"turns":3},{"damage":0,"enemies":"Large Slime","floor":7,"turns":5},{"damage":14,"enemies":"The Mushroom Lair","floor":8,"turns":5},{"damage":18,"enemies":"Gremlin Nob","floor":10,"turns":5},{"damage":6,"enemies":"3 Sentries","floor":13,"turns":9},{"damage":19,"enemies":"The Guardian","floor":16,"turns":9},{"damage":12,"enemies":"3 Byrds","floor":18,"turns":4},{"damage":13,"enemies":"Spheric Guardian","floor":21,"turns":4},{"damage":7,"enemies":"Snake Plant","floor":22,"turns":4},{"damage":10,"enemies":"Centurion and Healer","floor":28,"turns":7},{"damage":19,"enemies":"Sentry and Sphere","floor":29,"turns":7},{"damage":5,"enemies":"Snecko","floor":31,"turns":6},{"damage":6,"enemies":"Champ","floor":33,"turns":12},{"damage":0,"enemies":"Orb Walker","floor":35,"turns":4},{"damage":18,"enemies":"3 Shapes","floor":37,"turns":5},{"damage":15,"enemies":"3 Darklings","floor":38,"turns":6},{"damage":20,"enemies":"Sphere and 2 Shapes","floor":39,"turns":6},{"damage":0,"enemies":"Maw","floor":42,"turns":10},{"damage":7,"enemies":"Giant Head","floor":45,"turns":10},{"damage":1,"enemies":"Jaw Worm Horde","floor":46,"turns":5},{"damage":7,"enemies":"Spire Growth","floor":48,"turns":3},{"damage":45,"enemies":"Awakened One","floor":50,"turns":15}],"seed_played":"-7773958706225269618","potions_obtained":[{"floor":1,"key":"SpeedPotion"},{"floor":7,"key":"Block Potion"},{"floor":8,"key":"Poison Potion"},{"floor":13,"key":"Dexterity Potion"},{"floor":29,"key":"Regen Potion"},{"floor":31,"key":"Poison Potion"},{"floor":33,"key":"Fire Potion"},{"floor":35,"key":"SpeedPotion"},{"floor":37,"key":"EssenceOfSteel"}],"is_trial":false,"path_per_floor":["M","?","M","M","$","R","M","?","T","E","?","R","E","$","R","B",null,"M","?","$","M","M","R","?","R","T","$","M","M","R","M","R","B",null,"M","$","M","M","M","R","?","M","T","R","E","M","T","M","R","B",null],"character_chosen":"THE_SILENT","items_purchased":["Poisoned Stab","Calculated Gamble","Caltrops","Acrobatics","Escape Plan"],"campfire_rested":5,"item_purchase_floors":[5,14,20,20,36],"current_hp_per_floor":[40,40,40,36,36,57,57,43,43,25,29,52,46,46,46,27,77,65,65,65,52,45,45,45,45,45,45,35,16,39,49,49,43,77,77,77,59,44,24,47,47,47,47,47,40,39,39,32,55,10],"gold":119,"neow_bonus":"REMOVE_TWO","is_prod":false,"is_daily":false,"chose_seed":false,"campfire_upgraded":5,"win_rate":0,"timestamp":1546672106,"path_taken":["M","?","M","M","$","R","?","?","T","E","?","R","E","$","R","BOSS","M","?","?","?","?","R","?","R","T","$","M","M","R","M","R","BOSS","M","?","M","?","M","R","?","?","T","R","E","M","?","?","R","BOSS"],"build_version":"2019-01-03v4","purchased_purges":3,"victory":true,"max_hp_per_floor":[70,70,70,70,70,70,70,70,70,70,77,77,77,77,77,77,77,77,77,77,77,77,77,77,77,77,77,77,77,77,77,77,77,77,77,77,77,77,77,77,77,77,77,77,77,77,77,77,77,77],"card_choices":[{"not_picked":["Backflip","PiercingWail"],"picked":"Poisoned Stab","floor":1},{"not_picked":["Catalyst","Backflip"],"picked":"Dodge and Roll","floor":3},{"not_picked":["Quick Slash","Outmaneuver"],"picked":"Noxious Fumes","floor":4},{"not_picked":["Choke","Quick Slash","Underhanded Strike"],"picked":"SKIP","floor":7},{"not_picked":["Phantasmal Killer","Underhanded Strike"],"picked":"Backflip","floor":8},{"not_picked":["Bane","Dagger Throw"],"picked":"After Image","floor":10},{"not_picked":["PiercingWail","A Thousand Cuts"],"picked":"Bouncing Flask","floor":13},{"not_picked":["Envenom","Grand Finale"],"picked":"After Image","floor":16},{"not_picked":["Concentrate","Slice"],"picked":"Catalyst","floor":18},{"not_picked":["Heel Hook","Backflip"],"picked":"Leg Sweep","floor":21},{"not_picked":["Deflect","All Out Attack"],"picked":"Prepared","floor":22},{"not_picked":["Underhanded Strike","Concentrate"],"picked":"PiercingWail","floor":28},{"not_picked":["Accuracy+1","Quick Slash"],"picked":"Dodge and Roll","floor":29},{"not_picked":["Riddle With Holes","Dagger Spray"],"picked":"Reflex","floor":31},{"not_picked":["Envenom","Night Terror"],"picked":"After Image","floor":33},{"not_picked":["Eviscerate+1","Slice+1"],"picked":"PiercingWail+1","floor":35},{"not_picked":["Cloak And Dagger","Predator"],"picked":"Dagger Throw+1","floor":37},{"not_picked":["Slice+1","Dagger Spray"],"picked":"Dash+1","floor":38},{"not_picked":["Underhanded Strike","Heel Hook+1"],"picked":"Catalyst+1","floor":39},{"not_picked":["Bane","Distraction","Dagger Spray+1"],"picked":"Bullet Time","floor":42},{"not_picked":["Slice+1","Dodge and Roll","Skewer+1"],"picked":"Backflip","floor":45},{"not_picked":["Backflip","Poisoned Stab","Slice"],"picked":"Acrobatics+1","floor":46},{"not_picked":["Dagger Spray+1","Slice","Sucker Punch"],"picked":"Blur+1","floor":48},{"not_picked":["Outmaneuver+1","Choke","Deflect+1"],"picked":"Dash+1","floor":48}],"player_experience":220115,"relics_obtained":[{"floor":8,"key":"Odd Mushroom"},{"floor":9,"key":"Gremlin Horn"},{"floor":10,"key":"Omamori"},{"floor":13,"key":"Bronze Scales"},{"floor":17,"key":"Bag of Marbles"},{"floor":17,"key":"Dodecahedron"},{"floor":17,"key":"Ice Cream"},{"floor":26,"key":"Art of War"},{"floor":41,"key":"Question Card"},{"floor":43,"key":"Mummified Hand"},{"floor":45,"key":"Pocketwatch"},{"floor":47,"key":"Prayer Wheel"}],"event_choices":[{"cards_removed":["Strike_G"],"damage_healed":0,"gold_gain":0,"player_choice":"Offered Basic","damage_taken":0,"max_hp_gain":0,"max_hp_loss":0,"event_name":"Bonfire Elementals","floor":2,"gold_loss":0},{"damage_healed":0,"gold_gain":0,"player_choice":"Fought Mushrooms","damage_taken":0,"max_hp_gain":0,"max_hp_loss":0,"event_name":"Mushrooms","floor":8,"gold_loss":0},{"damage_healed":0,"gold_gain":0,"player_choice":"Success","damage_taken":3,"relics_obtained":["Strawberry"],"max_hp_gain":0,"max_hp_loss":0,"event_name":"Scrap Ooze","floor":11,"gold_loss":0},{"damage_healed":0,"gold_gain":0,"player_choice":"Opened","damage_taken":0,"relics_obtained":["Lantern"],"max_hp_gain":0,"max_hp_loss":0,"event_name":"The Mausoleum","floor":19,"gold_loss":0,"cards_obtained":["Writhe"]},{"damage_healed":0,"gold_gain":0,"player_choice":"1 cards matched","damage_taken":0,"max_hp_gain":0,"max_hp_loss":0,"event_name":"Match and Keep!","floor":24,"gold_loss":0,"cards_obtained":["Dodge and Roll"]},{"damage_healed":0,"gold_gain":0,"player_choice":"Relic","damage_taken":0,"max_hp_gain":0,"max_hp_loss":0,"event_name":"Wheel of Change","floor":41,"gold_loss":0}],"is_beta":false,"boss_relics":[{"not_picked":["Runic Pyramid","Lizard Tail"],"picked":"Calling Bell"},{"not_picked":["Busted Crown","Snecko Eye"],"picked":"Cursed Key"}],"items_purged_floors":[5,14,36],"is_endless":false,"potions_floor_spawned":[1,7,8,13,16,18,29,31,33,35,37,42],"ascension_level":1}