{"gold_per_floor":[17,28,39,39,59,89,89,108,108,126,126,155,169,196,196,269,269,287,41,54,54,54,54,88,103,130,30,57,57,68,84,84,156,156,176,176,190,65,65,77,94,94,94,94,128,144,164,192,192,192,192,192,192,29,54,54],"floor_reached":57,"playtime":4408,"items_purged":["Strike_R","Perfected Strike+1","Bite"],"score":2802,"play_id":"Baalorlord-aa641b1d","local_time":"20190810171242","is_ascension_mode":true,"campfire_choices":[{"data":"Perfected Strike","floor":7,"key":"SMITH"},{"floor":11,"key":"DIG"},{"floor":15,"key":"DIG"},{"floor":23,"key":"DIG"},{"floor":29,"key":"DIG"},{"floor":32,"key":"DIG"},{"floor":42,"key":"DIG"},{"floor":44,"key":"RECALL"},{"floor":49,"key":"DIG"},{"floor":53,"key":"DIG"}],"neow_cost":"NO_GOLD","seed_source_timestamp":189503257720500,"circlet_count":0,"master_deck":["AscendersBane","Defend_R","Defend_R","Defend_R","Defend_R","Bash+1","Anger","Disarm","Metallicize","Twin Strike","Shrug It Off","Feel No Pain","Shockwave","Uppercut","Impervious","Battle Trance","Battle Trance","Writhe","Bite","Bite","Bite","Bite+1","Clothesline+1","Shrug It Off","Corruption+1","Shrug It Off","Demon Form","Shrug It Off","Armaments+1","Seeing Red+1","Warcry+1","Demon Form"],"relics":["Burning Blood","Turnip","Mercury Hourglass","Self Forming Clay","Shovel","Mango","Bronze Scales","Du-Vu Doll","Paper Frog","Sozu","Centennial Puzzle","Magic Flower","Ancient Tea Set","Charon\u0027s Ashes","Kunai","Question Card","Whetstone","Runic Pyramid","PreservedInsect","Singing Bowl","Orichalcum","Prayer Wheel","Bottled Tornado","Sundial","Vajra","Pen Nib"],"potions_floor_usage":[12,13,14,16,16,56,56],"damage_taken":[{"damage":2,"enemies":"Cultist","floor":1,"turns":4},{"damage":7,"enemies":"Jaw Worm","floor":2,"turns":3},{"damage":11,"enemies":"2 Louse","floor":3,"turns":2},{"damage":14,"enemies":"Looter","floor":5,"turns":4},{"damage":26,"enemies":"Lagavulin","floor":6,"turns":5},{"damage":7,"enemies":"Gremlin Gang","floor":8,"turns":4},{"damage":0,"enemies":"Exordium Thugs","floor":10,"turns":3},{"damage":25,"enemies":"Gremlin Nob","floor":12,"turns":4},{"damage":3,"enemies":"Lots of Slimes","floor":13,"turns":3},{"damage":5,"enemies":"3 Sentries","floor":14,"turns":6},{"damage":4,"enemies":"Slime Boss","floor":16,"turns":7},{"damage":15,"enemies":"2 Thieves","floor":18,"turns":3},{"damage":9,"enemies":"Chosen","floor":20,"turns":4},{"damage":12,"enemies":"Gremlin Leader","floor":24,"turns":6},{"damage":22,"enemies":"Sentry and Sphere","floor":25,"turns":5},{"damage":19,"enemies":"Book of Stabbing","floor":28,"turns":4},{"damage":0,"enemies":"Snake Plant","floor":30,"turns":2},{"damage":0,"enemies":"Centurion and Healer","floor":31,"turns":5},{"damage":27,"enemies":"Automaton","floor":33,"turns":10},{"damage":22,"enemies":"3 Darklings","floor":35,"turns":5},{"damage":1,"enemies":"Orb Walker","floor":37,"turns":4},{"damage":6,"enemies":"Sphere and 2 Shapes","floor":40,"turns":4},{"damage":8,"enemies":"Jaw Worm Horde","floor":41,"turns":4},{"damage":0,"enemies":"Giant Head","floor":45,"turns":6},{"damage":33,"enemies":"3 Darklings","floor":46,"turns":7},{"damage":0,"enemies":"4 Shapes","floor":47,"turns":5},{"damage":3,"enemies":"Reptomancer","floor":48,"turns":4},{"damage":22,"enemies":"Donu and Deca","floor":50,"turns":7},{"damage":27,"enemies":"Time Eater","floor":51,"turns":7},{"damage":50,"enemies":"Shield and Spear","floor":55,"turns":10},{"damage":34,"enemies":"The Heart","floor":56,"turns":8}],"seed_played":"4401345778618457069","potions_obtained":[{"floor":5,"key":"Swift Potion"},{"floor":8,"key":"EssenceOfSteel"},{"floor":12,"key":"EntropicBrew"},{"floor":13,"key":"Block Potion"},{"floor":16,"key":"BloodPotion"}],"is_trial":false,"path_per_floor":["M","M","M","?","M","E","R","M","T","M","R","E","M","E","R","B",null,"M","$","M","?","?","R","E","M","T","$","E","R","M","M","R","B",null,"M","?","M","$","?","M","M","R","T","R","E","M","M","E","R","B","B",null,"R","$","E","B",null],"character_chosen":"IRONCLAD","items_purchased":["Centennial Puzzle","Vajra"],"campfire_rested":0,"item_purchase_floors":[19,54],"current_hp_per_floor":[72,71,66,66,58,38,38,37,37,43,57,38,41,42,42,44,78,69,69,66,66,62,62,62,61,61,61,61,61,62,62,62,59,61,62,62,62,62,62,62,62,62,62,62,64,61,68,68,68,68,68,68,68,68,57,70],"gold":54,"neow_bonus":"ONE_RARE_RELIC","is_prod":false,"is_daily":false,"chose_seed":false,"campfire_upgraded":1,"win_rate":0,"timestamp":1565471562,"path_taken":["M","?","M","?","M","E","R","M","T","?","R","E","M","E","R","BOSS","M","$","M","?","?","R","E","M","T","$","E","R","M","M","R","BOSS","M","?","?","$","?","M","M","R","T","R","E","M","?","E","R","BOSS","BOSS","R","$","E","BOSS"],"build_version":"2019-07-17","purchased_purges":3,"victory":true,"max_hp_per_floor":[75,75,75,75,75,75,75,75,75,75,89,89,89,89,89,89,89,89,89,89,89,62,62,62,62,62,62,62,62,62,62,62,62,62,62,62,62,62,62,62,62,62,62,62,64,66,68,68,68,68,68,68,68,68,70,70],"card_choices":[{"not_picked":["Thunderclap","Wild Strike"],"picked":"Anger","floor":1},{"not_picked":["Wild Strike","Flex"],"picked":"Cleave","floor":2},{"not_picked":["True Grit","Wild Strike"],"picked":"Disarm","floor":3},{"not_picked":["Sword Boomerang","Dropkick"],"picked":"Perfected Strike","floor":5},{"not_picked":["Shockwave","Juggernaut"],"picked":"Metallicize","floor":6},{"not_picked":["Havoc","Warcry"],"picked":"Twin Strike","floor":8},{"not_picked":["Blood for Blood","Thunderclap"],"picked":"Shrug It Off","floor":10},{"not_picked":["Thunderclap","Intimidate"],"picked":"Feel No Pain","floor":12},{"not_picked":["Body Slam","Wild Strike"],"picked":"Shockwave","floor":13},{"not_picked":["Double Tap","Iron Wave"],"picked":"Uppercut","floor":14},{"not_picked":["Bludgeon","Demon Form"],"picked":"Impervious","floor":16},{"not_picked":["Dropkick","Shockwave"],"picked":"Battle Trance","floor":18},{"not_picked":["Havoc","Body Slam"],"picked":"Battle Trance","floor":20},{"not_picked":["Perfected Strike","Twin Strike"],"picked":"Clothesline+1","floor":24},{"not_picked":["Infernal Blade","Second Wind"],"picked":"Shrug It Off","floor":25},{"not_picked":["True Grit","Battle Trance","Dual Wield"],"picked":"SKIP","floor":28},{"not_picked":["Iron Wave","Metallicize+1","Hemokinesis"],"picked":"Corruption+1","floor":30},{"not_picked":["Pommel Strike","Entrench","Intimidate"],"picked":"Shrug It Off","floor":31},{"not_picked":["Reaper","Double Tap","Bludgeon"],"picked":"Demon Form","floor":33},{"not_picked":["Battle Trance+1","Wild Strike+1","Clash"],"picked":"Shrug It Off","floor":35},{"not_picked":["Thunderclap","Warcry","Sword Boomerang"],"picked":"Armaments+1","floor":37},{"not_picked":["Thunderclap","Sentinel","Burning Pact"],"picked":"Seeing Red+1","floor":40},{"not_picked":["Heavy Blade","Evolve","Ghostly Armor"],"picked":"Warcry+1","floor":41},{"not_picked":["Infernal Blade+1","Pommel Strike","Pummel","Headbutt"],"picked":"Singing Bowl","floor":45},{"not_picked":["True Grit","Twin Strike","Intimidate","Infernal Blade+1"],"picked":"Singing Bowl","floor":46},{"not_picked":["Seeing Red","Blood for Blood","Anger","Cleave"],"picked":"Singing Bowl","floor":47},{"not_picked":["Clothesline","Pommel Strike","Perfected Strike"],"picked":"Demon Form","floor":48},{"not_picked":["Hemokinesis","Havoc","Anger","Iron Wave"],"picked":"Singing Bowl","floor":55}],"player_experience":2355705,"relics_obtained":[{"floor":6,"key":"Self Forming Clay"},{"floor":9,"key":"Shovel"},{"floor":11,"key":"Mango"},{"floor":12,"key":"Bronze Scales"},{"floor":14,"key":"Du-Vu Doll"},{"floor":15,"key":"Paper Frog"},{"floor":23,"key":"Ancient Tea Set"},{"floor":24,"key":"Charon\u0027s Ashes"},{"floor":28,"key":"Kunai"},{"floor":29,"key":"Question Card"},{"floor":32,"key":"Whetstone"},{"floor":42,"key":"PreservedInsect"},{"floor":43,"key":"Singing Bowl"},{"floor":45,"key":"Orichalcum"},{"floor":48,"key":"Prayer Wheel"},{"floor":49,"key":"Bottled Tornado"},{"floor":53,"key":"Sundial"},{"floor":55,"key":"Pen Nib"}],"event_choices":[{"cards_removed":["Cleave"],"damage_healed":0,"gold_gain":0,"player_choice":"Gave Card","damage_taken":0,"relics_obtained":["Mercury Hourglass"],"max_hp_gain":0,"max_hp_loss":0,"event_name":"WeMeetAgain","floor":4,"gold_loss":0},{"damage_healed":0,"gold_gain":0,"player_choice":"Opened","damage_taken":0,"relics_obtained":["Magic Flower"],"max_hp_gain":0,"max_hp_loss":0,"event_name":"The Mausoleum","floor":21,"gold_loss":0,"cards_obtained":["Writhe"]},{"damage_healed":0,"gold_gain":0,"player_choice":"Became a vampire","damage_taken":0,"max_hp_gain":0,"max_hp_loss":27,"event_name":"Vampires","floor":22,"gold_loss":0,"cards_obtained":["Bite","Bite","Bite","Bite","Bite"]},{"damage_healed":0,"gold_gain":0,"player_choice":"Got Potions","damage_taken":0,"max_hp_gain":0,"max_hp_loss":0,"event_name":"Lab","floor":36,"gold_loss":0},{"damage_healed":0,"gold_gain":0,"player_choice":"Ignored","damage_taken":0,"max_hp_gain":0,"max_hp_loss":0,"event_name":"SecretPortal","floor":39,"gold_loss":0}],"is_beta":false,"boss_relics":[{"not_picked":["Lizard Tail","Busted Crown"],"picked":"Sozu"},{"not_picked":["Fusion Hammer","Astrolabe"],"picked":"Runic Pyramid"}],"items_purged_floors":[19,27,38],"is_endless":false,"potions_floor_spawned":[5,8,12,13,16,18,20,30,35,40,41,46],"ascension_level":20}