{"gold_per_floor":[113,63,63,81,95,95,105,133,212,242,269,269,283,318,318,318],"floor_reached":16,"playtime":445,"items_purged":[],"score":168,"play_id":"52f06f71-91ab-4260-9da7-3c5ef40a05b8","local_time":"20190604204046","is_ascension_mode":true,"campfire_choices":[{"data":"Doom and Gloom","floor":6,"key":"SMITH"},{"floor":12,"key":"REST"},{"data":"Defragment","floor":15,"key":"SMITH"}],"neow_cost":"NONE","seed_source_timestamp":1808458209483328,"circlet_count":0,"master_deck":["Strike_B","Strike_B","Defend_B","Defend_B","Defend_B","Defend_B","Zap","Dualcast","Ball Lightning","Doom and Gloom+1","Barrage","Defragment+1","Electrodynamics","Defragment","Auto Shields"],"relics":["Philosopher\u0027s Stone","Incense Burner","Kunai","Art of War","Strawberry","Smiling Mask"],"potions_floor_usage":[10],"damage_taken":[{"damage":0,"enemies":"Jaw Worm","floor":1,"turns":3},{"damage":0,"enemies":"Cultist","floor":4,"turns":2},{"damage":2,"enemies":"2 Louse","floor":5,"turns":2},{"damage":4,"enemies":"2 Fungi Beasts","floor":7,"turns":2},{"damage":27,"enemies":"Lagavulin","floor":8,"turns":5},{"damage":18,"enemies":"3 Sentries","floor":10,"turns":6},{"damage":18,"enemies":"Blue Slaver","floor":13,"turns":3},{"damage":1,"enemies":"Lagavulin","floor":14,"turns":4},{"damage":34,"enemies":"Hexaghost","floor":16,"turns":7}],"seed_played":"4799621296326406279","potions_obtained":[{"floor":5,"key":"Poison Potion"},{"floor":8,"key":"Swift Potion"},{"floor":10,"key":"Energy Potion"},{"floor":14,"key":"FocusPotion"}],"is_trial":false,"path_per_floor":["M","?","?","M","M","R","M","E","T","E","T","R","M","E","R","B"],"character_chosen":"DEFECT","items_purchased":[],"campfire_rested":1,"item_purchase_floors":[],"current_hp_per_floor":[68,68,68,68,66,66,62,35,35,17,24,48,30,29,29,0],"gold":318,"neow_bonus":"BOSS_RELIC","is_prod":false,"is_daily":false,"chose_seed":false,"campfire_upgraded":2,"win_rate":0,"timestamp":1559695246,"path_taken":["M","?","?","?","M","R","M","E","T","E","?","R","M","E","R","BOSS"],"build_version":"2019-01-23","purchased_purges":0,"victory":false,"max_hp_per_floor":[75,75,75,75,75,75,75,75,75,75,82,82,82,82,82,82],"card_choices":[{"not_picked":["Skim","Hello World"],"picked":"Ball Lightning","floor":1},{"not_picked":["FTL","Gash"],"picked":"Doom and Gloom","floor":4},{"not_picked":["Rebound","Leap","Compile Driver"],"picked":"SKIP","floor":5},{"not_picked":["Compile Driver","Tempest"],"picked":"Barrage","floor":7},{"not_picked":["All For One","Hologram"],"picked":"Defragment","floor":8},{"not_picked":["Reinforced Body","Steam"],"picked":"Electrodynamics","floor":10},{"not_picked":["Lockon","Conserve Battery"],"picked":"Defragment","floor":13},{"not_picked":["Rebound","Leap"],"picked":"Auto Shields","floor":14}],"player_experience":571440,"relics_obtained":[{"floor":8,"key":"Incense Burner"},{"floor":9,"key":"Kunai"},{"floor":10,"key":"Art of War"},{"floor":11,"key":"Strawberry"},{"floor":14,"key":"Smiling Mask"}],"event_choices":[{"cards_removed":["Strike_B"],"damage_healed":0,"gold_gain":0,"player_choice":"Card Removal","damage_taken":0,"max_hp_gain":0,"max_hp_loss":0,"event_name":"The Cleric","floor":2,"gold_loss":50},{"cards_removed":["Strike_B"],"damage_healed":0,"gold_gain":0,"player_choice":"Offered Basic","damage_taken":0,"max_hp_gain":0,"max_hp_loss":0,"event_name":"Bonfire Elementals","floor":3,"gold_loss":0}],"is_beta":false,"boss_relics":[],"items_purged_floors":[],"is_endless":false,"potions_floor_spawned":[5,8,10,14],"killed_by":"Hexaghost","ascension_level":8}