{"gold_per_floor":[18,35,210,285,53,82,82,94,94,124,30,56,56,56,56,180,180,204,222,222,222,243,243,283,283,283,299,314,239,263,288,288,417,417,435,204,204,204,225,225,27,70,82,94,106,133,145],"floor_reached":47,"playtime":3779,"items_purged":["Poisoned Stab"],"score":516,"play_id":"a1b654b4-e579-42a1-a3ad-94b40627f3ea","local_time":"20190809100546","is_ascension_mode":true,"campfire_choices":[{"data":"Wraith Form v2","floor":7.0,"key":"SMITH"},{"floor":13.0,"key":"REST"},{"data":"Footwork","floor":15.0,"key":"SMITH"},{"data":"Backflip","floor":23.0,"key":"SMITH"},{"data":"Tools of the Trade","floor":25.0,"key":"SMITH"},{"data":"Noxious Fumes","floor":32.0,"key":"SMITH"},{"floor":40,"key":"REST"},{"floor":44,"key":"RECALL"}],"neow_cost":"NO_GOLD","seed_source_timestamp":0,"circlet_count":0,"master_deck":["Strike_G+1","Strike_G+1","Strike_G+1","Strike_G+1","Defend_G+1","Defend_G+1","Defend_G+1","Defend_G+1","Defend_G+1","Neutralize+1","Wraith Form v2+1","Footwork+1","Deadly Poison+1","Bane+1","Acrobatics+1","Caltrops+1","Quick Slash+1","Footwork+1","Noxious Fumes+1","Deadly Poison+1","After Image+1","Tools of the Trade+1","Noxious Fumes+1","Bane+1","Backflip+1","PiercingWail+1","Crippling Poison+1","PiercingWail+1","Malaise+1","Skewer+1","Choke+1","Riddle With Holes+1","Good Instincts","Choke+1"],"special_seed":0,"relics":["Ring of the Snake","Lantern","Letter Opener","Vajra","Bird Faced Urn","Ornamental Fan","Golden Idol","Eternal Feather","Snake Skull","Kunai","Sozu","Oddly Smooth Stone","Mark of the Bloom","Sling","MawBank"],"potions_floor_usage":[],"damage_taken":[{"damage":0.0,"enemies":"Small Slimes","floor":1.0,"turns":3.0},{"damage":6.0,"enemies":"Jaw Worm","floor":2.0,"turns":7.0},{"damage":32.0,"enemies":"3 Sentries","floor":6.0,"turns":9.0},{"damage":0.0,"enemies":"2 Louse","floor":8.0,"turns":2.0},{"damage":16.0,"enemies":"Gremlin Nob","floor":10.0,"turns":5.0},{"damage":6.0,"enemies":"Lagavulin","floor":12.0,"turns":6.0},{"damage":35.0,"enemies":"The Guardian","floor":16.0,"turns":9.0},{"damage":8.0,"enemies":"Shell Parasite","floor":18.0,"turns":7.0},{"damage":16.0,"enemies":"3 Byrds","floor":19.0,"turns":4.0},{"damage":33.0,"enemies":"Centurion and Healer","floor":22.0,"turns":7.0},{"damage":51.0,"enemies":"Gremlin Leader","floor":24.0,"turns":8.0},{"damage":8.0,"enemies":"Shelled Parasite and Fungi","floor":27.0,"turns":5.0},{"damage":0.0,"enemies":"Snecko","floor":28.0,"turns":6.0},{"damage":10.0,"enemies":"3 Cultists","floor":30.0,"turns":6.0},{"damage":12.0,"enemies":"Centurion and Healer","floor":31.0,"turns":6.0},{"damage":47.0,"enemies":"Champ","floor":33.0,"turns":12.0},{"damage":0,"enemies":"3 Darklings","floor":35,"turns":6},{"damage":44,"enemies":"3 Shapes","floor":39,"turns":3},{"damage":8,"enemies":"Giant Head","floor":42,"turns":8},{"damage":0,"enemies":"Jaw Worm Horde","floor":46,"turns":4},{"damage":15,"enemies":"Spire Growth","floor":47,"turns":3}],"seed_played":"-8476640083839190288","potions_obtained":[{"floor":1.0,"key":"Explosive Potion"},{"floor":2.0,"key":"Fire Potion"},{"floor":8.0,"key":"SmokeBomb"},{"floor":22.0,"key":"Fire Potion"},{"floor":24.0,"key":"SpeedPotion"},{"floor":28.0,"key":"Explosive Potion"},{"floor":31.0,"key":"Explosive Potion"}],"is_trial":false,"path_per_floor":["M","M","?","?","$","E","R","M","T","E","$","E","R","?","R","B",null,"M","M","?","?","M","R","E","R","T","M","M","?","M","M","R","B",null,"M","$","?","?","M","R","$","E","T","R","?","M","M"],"character_chosen":"THE_SILENT","items_purchased":["Lantern","Bane","Acrobatics","Noxious Fumes","Deadly Poison","Oddly Smooth Stone","Sling"],"campfire_rested":2,"item_purchase_floors":[5,5,5,11,11,36,41],"current_hp_per_floor":[70,64,64,53,53,21,21,21,21,5,5,7,28,28,28,3,65,61,49,49,49,32,47,8,23,23,27,43,43,45,43,61,22,65,65,65,65,65,21,21,21,13,13,13,13,13,0],"gold":145,"neow_bonus":"THREE_RARE_CARDS","is_prod":false,"is_daily":false,"chose_seed":false,"campfire_upgraded":5,"win_rate":0,"timestamp":1565363146,"path_taken":["M","M","?","?","$","E","R","M","T","E","?","E","R","?","R","BOSS","M","M","?","?","?","R","E","R","T","M","M","?","M","M","R","BOSS","M","$","?","?","?","R","?","E","T","R","?","M","M"],"build_version":"2019-07-17","purchased_purges":1,"victory":false,"max_hp_per_floor":[70,70,70,70,70,70,70,70,70,70,70,70,70,65,65,65,65,65,65,65,65,65,65,65,65,65,65,65,65,65,65,65,65,65,65,65,65,65,65,65,65,65,65,65,65,65,65],"card_choices":[{"not_picked":["Glass Knife","Unload"],"picked":"Wraith Form v2","floor":0.0},{"not_picked":["Well Laid Plans","Blade Dance"],"picked":"Footwork","floor":1.0},{"not_picked":["Terror","PiercingWail"],"picked":"Deadly Poison","floor":2.0},{"not_picked":["Cloak And Dagger","Calculated Gamble"],"picked":"Caltrops","floor":6.0},{"not_picked":["Eviscerate","PiercingWail"],"picked":"Quick Slash","floor":8.0},{"not_picked":["Caltrops","Endless Agony"],"picked":"Footwork","floor":10.0},{"not_picked":["Quick Slash","Blur"],"picked":"After Image","floor":12.0},{"not_picked":["Phantasmal Killer","Wraith Form v2"],"picked":"Tools of the Trade","floor":16.0},{"not_picked":["Deflect+1","Dagger Spray"],"picked":"Noxious Fumes","floor":18.0},{"not_picked":["PiercingWail","Dagger Spray+1"],"picked":"Bane+1","floor":19.0},{"not_picked":["Flechettes","Cloak And Dagger"],"picked":"Backflip","floor":22.0},{"not_picked":["Sucker Punch","Blade Dance+1"],"picked":"PiercingWail+1","floor":24.0},{"not_picked":["Quick Slash+1","Deadly Poison"],"picked":"Poisoned Stab","floor":27.0},{"not_picked":["Prepared","Blade Dance+1"],"picked":"Crippling Poison","floor":28.0},{"not_picked":["Finisher","Escape Plan"],"picked":"PiercingWail+1","floor":30.0},{"not_picked":["Accuracy+1","Slice+1","Acrobatics"],"picked":"SKIP","floor":31.0},{"not_picked":["Night Terror","Tools of the Trade"],"picked":"Malaise","floor":33.0},{"not_picked":["Acrobatics+1","Blade Dance+1"],"picked":"Skewer","floor":35},{"not_picked":["Dagger Spray","Escape Plan"],"picked":"Choke+1","floor":39},{"not_picked":["All Out Attack","Underhanded Strike"],"picked":"Riddle With Holes+1","floor":42},{"not_picked":["Discovery","Secret Technique"],"picked":"Good Instincts","floor":45},{"not_picked":["Distraction","Bane"],"picked":"Choke+1","floor":46}],"player_experience":114475,"relics_obtained":[{"floor":6.0,"key":"Letter Opener"},{"floor":9.0,"key":"Vajra"},{"floor":10.0,"key":"Bird Faced Urn"},{"floor":12.0,"key":"Ornamental Fan"},{"floor":24.0,"key":"Snake Skull"},{"floor":26.0,"key":"Kunai"},{"floor":42,"key":"MawBank"}],"event_choices":[{"damage_healed":0.0,"max_hp_gain":0.0,"max_hp_loss":0.0,"gold_gain":175.0,"event_name":"Liars Game","player_choice":"AGREE","floor":3.0,"gold_loss":0.0,"damage_taken":0.0,"cards_obtained":["Doubt"]},{"damage_healed":0.0,"max_hp_gain":0.0,"max_hp_loss":0.0,"gold_gain":75.0,"event_name":"World of Goop","player_choice":"Gather Gold","floor":4.0,"gold_loss":0.0,"damage_taken":11.0},{"damage_healed":0.0,"max_hp_gain":0.0,"max_hp_loss":5.0,"gold_gain":0.0,"event_name":"Golden Idol","player_choice":"Lose Max HP","floor":14.0,"gold_loss":0.0,"damage_taken":0.0,"relics_obtained":["Golden Idol"]},{"damage_healed":0.0,"max_hp_gain":0.0,"max_hp_loss":0.0,"gold_gain":0.0,"event_name":"Back to Basics","player_choice":"Simplicity","floor":20.0,"gold_loss":0.0,"damage_taken":0.0,"cards_upgraded":["Strike_G","Strike_G","Strike_G","Strike_G","Strike_G","Defend_G","Defend_G","Defend_G","Defend_G","Defend_G"]},{"cards_removed":["Doubt"],"damage_healed":0.0,"max_hp_gain":0.0,"max_hp_loss":0.0,"gold_gain":0.0,"event_name":"Fountain of Cleansing","player_choice":"Removed Curses","floor":21.0,"gold_loss":0.0,"damage_taken":0.0},{"cards_removed":["Survivor"],"damage_healed":0.0,"max_hp_gain":0.0,"max_hp_loss":0.0,"gold_gain":0.0,"event_name":"Beggar","player_choice":"Gave Gold","floor":29.0,"gold_loss":75.0,"damage_taken":0.0},{"damage_healed":0,"gold_gain":0,"player_choice":"Upgrade","damage_taken":0,"relics_obtained":["Mark of the Bloom"],"max_hp_gain":0,"max_hp_loss":0,"event_name":"MindBloom","floor":37,"gold_loss":0,"cards_upgraded":["Neutralize","Footwork","Deadly Poison","Bane","Acrobatics","Caltrops","Quick Slash","Deadly Poison","After Image","Noxious Fumes","Crippling Poison","Malaise","Skewer"]},{"cards_removed":["Strike_G"],"damage_healed":0,"gold_gain":0,"player_choice":"Removed Attack","damage_taken":0,"max_hp_gain":0,"max_hp_loss":0,"event_name":"Falling","floor":38,"gold_loss":0},{"damage_healed":0,"gold_gain":0,"player_choice":"Memory 1","damage_taken":0,"max_hp_gain":0,"max_hp_loss":0,"event_name":"SensoryStone","floor":45,"gold_loss":0}],"is_beta":false,"boss_relics":[{"not_picked":["Velvet Choker","HoveringKite"],"picked":"Eternal Feather"},{"not_picked":["Orrery","Fusion Hammer"],"picked":"Sozu"}],"items_purged_floors":[36],"is_endless":false,"potions_floor_spawned":[1,2,8,22,24,28,31,39,42],"killed_by":"Spire Growth","ascension_level":1}