{"gold_per_floor":[111,125,142,142,157,186,186,219,219,231,251,251,279,334,334,432,432,448,130,130,130,144,169,169,195,246,246,31,60,77,108,108,210,210,223,25,25,78,90,90,103,133,133,133,161,161,161,179,179,179],"floor_reached":51,"playtime":2683,"items_purged":["Strike_B","Pain"],"score":1336,"play_id":"c460f4c5-28a9-4d40-b019-0a1c4e4e0021","local_time":"20190619172850","is_ascension_mode":true,"campfire_choices":[{"data":"Zap","floor":7,"key":"SMITH"},{"data":"Tempest","floor":12,"key":"SMITH"},{"data":"Creative AI","floor":15,"key":"SMITH"},{"data":"Multi-Cast","floor":24,"key":"SMITH"},{"floor":27,"key":"REST"},{"data":"Consume","floor":32,"key":"SMITH"},{"data":"Rainbow","floor":40,"key":"SMITH"},{"data":"Loop","floor":44,"key":"SMITH"},{"data":"Ghostly","floor":46,"key":"SMITH"},{"data":"Ghostly","floor":49,"key":"SMITH"}],"neow_cost":"NONE","seed_source_timestamp":675689352878630,"circlet_count":0,"master_deck":["Strike_B","Strike_B","Defend_B","Defend_B","Defend_B","Defend_B","Zap+1","Dualcast","Rip and Tear","Glacier","Genetic Algorithm","Steam","Multi-Cast+1","Leap","Darkness","Tempest+1","Creative AI+1","Doom and Gloom","Electrodynamics","Go for the Eyes","Ghostly+1","Ghostly+1","Ghostly","Ghostly","Ghostly","Rainbow+1","Consume+1","Loop+1","Auto Shields+1","Creative AI","Ghostly"],"relics":["Cracked Core","Meat on the Bone","Pen Nib","Gremlin Horn","Vajra","Incense Burner","Bottled Flame","Inserter","Symbiotic Virus","WarpedTongs","Singing Bowl","PreservedInsect","Bronze Scales","Thread and Needle","Blood Vial","Busted Crown","DollysMirror","Mercury Hourglass","Pocketwatch","Strawberry","Frozen Egg 2","Ornamental Fan"],"potions_floor_usage":[6,13,22,25,29,30,35,50,50,50],"damage_taken":[{"damage":2,"enemies":"2 Louse","floor":1,"turns":2},{"damage":12,"enemies":"Jaw Worm","floor":2,"turns":2},{"damage":0,"enemies":"Cultist","floor":3,"turns":2},{"damage":0,"enemies":"Looter","floor":5,"turns":3},{"damage":11,"enemies":"Lagavulin","floor":6,"turns":7},{"damage":16,"enemies":"Gremlin Nob","floor":8,"turns":4},{"damage":0,"enemies":"Blue Slaver","floor":10,"turns":3},{"damage":0,"enemies":"Lots of Slimes","floor":11,"turns":3},{"damage":10,"enemies":"3 Sentries","floor":13,"turns":5},{"damage":10,"enemies":"3 Sentries","floor":14,"turns":8},{"damage":16,"enemies":"The Guardian","floor":16,"turns":10},{"damage":3,"enemies":"Chosen","floor":18,"turns":6},{"damage":14,"enemies":"2 Thieves","floor":22,"turns":3},{"damage":9,"enemies":"Gremlin Leader","floor":23,"turns":7},{"damage":5,"enemies":"Book of Stabbing","floor":25,"turns":7},{"damage":0,"enemies":"Slavers","floor":29,"turns":2},{"damage":0,"enemies":"Shelled Parasite and Fungi","floor":30,"turns":6},{"damage":0,"enemies":"Gremlin Leader","floor":31,"turns":7},{"damage":3,"enemies":"Collector","floor":33,"turns":10},{"damage":5,"enemies":"Orb Walker","floor":35,"turns":3},{"damage":0,"enemies":"2 Orb Walkers","floor":38,"turns":4},{"damage":9,"enemies":"3 Darklings","floor":39,"turns":5},{"damage":0,"enemies":"Spire Growth","floor":41,"turns":5},{"damage":0,"enemies":"Reptomancer","floor":42,"turns":3},{"damage":0,"enemies":"Giant Head","floor":45,"turns":8},{"damage":0,"enemies":"Maw","floor":48,"turns":8},{"damage":32,"enemies":"Awakened One","floor":50,"turns":11}],"seed_played":"-6764697501082223992","potions_obtained":[{"floor":2,"key":"LiquidBronze"},{"floor":3,"key":"EssenceOfSteel"},{"floor":11,"key":"Energy Potion"},{"floor":13,"key":"Weak Potion"},{"floor":22,"key":"EssenceOfSteel"},{"floor":23,"key":"Explosive Potion"},{"floor":25,"key":"Weak Potion"},{"floor":31,"key":"Dexterity Potion"},{"floor":33,"key":"Block Potion"},{"floor":39,"key":"SkillPotion"},{"floor":48,"key":"EssenceOfSteel"}],"is_trial":false,"path_per_floor":["M","M","M","?","M","E","R","E","T","M","M","R","E","?","R","B",null,"M","$","?","?","M","E","R","E","T","R","$","E","M","E","R","B",null,"M","$","T","?","M","R","M","E","T","R","E","R","?","M","R","B",null],"character_chosen":"DEFECT","items_purchased":["Symbiotic Virus","Consume","Loop","DollysMirror"],"campfire_rested":1,"item_purchase_floors":[19,28,28,36],"current_hp_per_floor":[73,61,61,43,43,44,44,40,40,52,52,52,42,44,44,40,72,69,69,41,41,27,30,30,27,27,39,39,41,41,43,43,42,46,44,44,44,48,43,43,47,58,58,58,62,62,62,66,66,36],"gold":179,"neow_bonus":"TEN_PERCENT_HP_BONUS","is_prod":false,"is_daily":false,"chose_seed":false,"campfire_upgraded":9,"win_rate":0,"timestamp":1560983330,"path_taken":["M","M","M","?","M","E","R","E","T","M","M","R","E","?","R","BOSS","M","$","?","?","M","E","R","E","T","R","$","E","M","E","R","BOSS","M","$","?","?","M","R","M","E","T","R","E","R","?","M","R","BOSS"],"build_version":"2019-01-23","purchased_purges":2,"victory":true,"max_hp_per_floor":[82,82,82,82,82,82,82,82,82,82,82,82,82,82,82,82,82,82,82,41,41,41,41,41,43,43,43,43,45,45,47,47,47,47,49,49,49,51,53,53,55,64,64,64,66,66,66,68,68,68],"card_choices":[{"not_picked":["Leap","Streamline"],"picked":"Rip and Tear","floor":1},{"not_picked":["Conserve Battery","Fusion"],"picked":"Glacier","floor":2},{"not_picked":["Compile Driver","Conserve Battery"],"picked":"Genetic Algorithm","floor":3},{"not_picked":["Compile Driver","Turbo"],"picked":"Steam","floor":5},{"not_picked":["Skim","Self Repair"],"picked":"Multi-Cast","floor":6},{"not_picked":["Conserve Battery","Meteor Strike"],"picked":"Leap","floor":8},{"not_picked":["Compile Driver","Chill"],"picked":"Darkness","floor":10},{"not_picked":["Steam","Streamline"],"picked":"Tempest","floor":11},{"not_picked":["Leap","Turbo"],"picked":"Creative AI","floor":13},{"not_picked":["Leap","Recycle"],"picked":"Doom and Gloom","floor":14},{"not_picked":["Biased Cognition","Meteor Strike"],"picked":"Electrodynamics","floor":16},{"not_picked":["Beam Cell","Redo"],"picked":"Go for the Eyes","floor":18},{"not_picked":["Darkness","Barrage","Cold Snap"],"picked":"SKIP","floor":22},{"not_picked":["Chaos+1","Conserve Battery"],"picked":"Rainbow","floor":23},{"not_picked":["Chill","Leap+1","Steam Power"],"picked":"Singing Bowl","floor":25},{"not_picked":["Leap","Capacitor","Gash"],"picked":"Singing Bowl","floor":29},{"not_picked":["Stack+1","Gash+1"],"picked":"Auto Shields+1","floor":30},{"not_picked":["Turbo","Redo","Consume"],"picked":"Singing Bowl","floor":31},{"not_picked":["Thunder Strike","Fission"],"picked":"Creative AI","floor":33},{"not_picked":["Reinforced Body+1"],"picked":"Singing Bowl","floor":35},{"not_picked":["Leap+1"],"picked":"Singing Bowl","floor":38},{"not_picked":["Streamline"],"picked":"Singing Bowl","floor":39},{"not_picked":["Self Repair+1"],"picked":"Singing Bowl","floor":41},{"not_picked":["Genetic Algorithm"],"picked":"Singing Bowl","floor":42},{"not_picked":["Genetic Algorithm+1"],"picked":"Singing Bowl","floor":45},{"not_picked":["Ball Lightning+1"],"picked":"Singing Bowl","floor":48}],"player_experience":218148,"relics_obtained":[{"floor":6,"key":"Pen Nib"},{"floor":8,"key":"Gremlin Horn"},{"floor":9,"key":"Vajra"},{"floor":13,"key":"Incense Burner"},{"floor":14,"key":"Bottled Flame"},{"floor":23,"key":"Singing Bowl"},{"floor":25,"key":"PreservedInsect"},{"floor":26,"key":"Bronze Scales"},{"floor":29,"key":"Thread and Needle"},{"floor":31,"key":"Blood Vial"},{"floor":37,"key":"Mercury Hourglass"},{"floor":38,"key":"Pocketwatch"},{"floor":42,"key":"Strawberry"},{"floor":43,"key":"Frozen Egg 2"},{"floor":45,"key":"Ornamental Fan"}],"event_choices":[{"damage_healed":0,"gold_gain":0,"player_choice":"Success","damage_taken":18,"relics_obtained":["Meat on the Bone"],"max_hp_gain":0,"max_hp_loss":0,"event_name":"Scrap Ooze","floor":4,"gold_loss":0},{"damage_healed":0,"gold_gain":0,"player_choice":"Searched \u00271\u0027 times","damage_taken":0,"max_hp_gain":0,"max_hp_loss":0,"event_name":"Dead Adventurer","floor":14,"gold_loss":0},{"damage_healed":0,"gold_gain":0,"player_choice":"Became a Ghost","damage_taken":0,"max_hp_gain":0,"max_hp_loss":41,"event_name":"Ghosts","floor":20,"gold_loss":0,"cards_obtained":["Ghostly","Ghostly","Ghostly","Ghostly","Ghostly"]},{"damage_healed":0,"gold_gain":0,"player_choice":"Rummage","damage_taken":0,"relics_obtained":["WarpedTongs"],"max_hp_gain":0,"max_hp_loss":0,"event_name":"Accursed Blacksmith","floor":21,"gold_loss":0,"cards_obtained":["Pain"]},{"damage_healed":0,"gold_gain":0,"player_choice":"Fight","damage_taken":0,"max_hp_gain":0,"max_hp_loss":0,"event_name":"Mysterious Sphere","floor":38,"gold_loss":0},{"cards_removed":["Strike_B"],"damage_healed":0,"gold_gain":0,"player_choice":"Offered Basic","damage_taken":0,"max_hp_gain":0,"max_hp_loss":0,"event_name":"Bonfire Elementals","floor":47,"gold_loss":0}],"is_beta":false,"boss_relics":[{"not_picked":["Nuclear Battery","FrozenCore"],"picked":"Inserter"},{"not_picked":["White Beast Statue","Pandora\u0027s Box"],"picked":"Busted Crown"}],"items_purged_floors":[19,28],"is_endless":false,"potions_floor_spawned":[2,3,11,13,22,23,25,31,33,39,41,45,48],"ascension_level":8}