{"gold_per_floor":[116,131,131,131,150,177,177,190,190,223,243,36,52,65,65,170,170,184,184,194,207,207],"floor_reached":22,"playtime":869,"items_purged":[],"score":200,"play_id":"fc4e7126-e9fa-4f93-84c3-ebf32c3eb571","local_time":"20190610171647","is_ascension_mode":false,"campfire_choices":[{"data":"Go for the Eyes","floor":7,"key":"SMITH"},{"data":"Loop","floor":15,"key":"SMITH"}],"neow_cost":"NONE","seed_source_timestamp":278497110828180,"circlet_count":0,"master_deck":["Strike_B","Strike_B","Strike_B","Strike_B","Defend_B","Defend_B","Defend_B","Defend_B","Zap+1","Dualcast","Stack","Go for the Eyes+1","Ball Lightning","Cold Snap","Glacier","FTL","Loop+1","Ball Lightning","Conserve Battery+1","Echo Form","Coolheaded+1","Sweeping Beam","Rainbow+1","Defragment+1","Undo+1"],"relics":["Cracked Core","Darkstone Periapt","Toxic Egg 2","Symbiotic Virus","Frozen Eye","Cursed Key"],"potions_floor_usage":[10,10,16,22],"damage_taken":[{"damage":9,"enemies":"Jaw Worm","floor":1,"turns":4},{"damage":1,"enemies":"Cultist","floor":2,"turns":4},{"damage":5,"enemies":"2 Louse","floor":5,"turns":2},{"damage":14,"enemies":"3 Sentries","floor":6,"turns":5},{"damage":5,"enemies":"Exordium Thugs","floor":8,"turns":4},{"damage":2,"enemies":"Lagavulin","floor":10,"turns":6},{"damage":5,"enemies":"Exordium Wildlife","floor":11,"turns":4},{"damage":5,"enemies":"Blue Slaver","floor":13,"turns":3},{"damage":0,"enemies":"3 Louse","floor":14,"turns":3},{"damage":3,"enemies":"Hexaghost","floor":16,"turns":9},{"damage":3,"enemies":"3 Byrds","floor":18,"turns":5},{"damage":18,"enemies":"2 Thieves","floor":20,"turns":3},{"damage":23,"enemies":"Centurion and Healer","floor":21,"turns":5},{"damage":32,"enemies":"Masked Bandits","floor":22,"turns":2}],"seed_played":"-7199618422078547770","potions_obtained":[{"floor":2,"key":"SpeedPotion"},{"floor":5,"key":"FearPotion"},{"floor":8,"key":"Block Potion"},{"floor":14,"key":"Dexterity Potion"},{"floor":21,"key":"Poison Potion"}],"is_trial":false,"path_per_floor":["M","M","?","$","M","E","R","M","T","E","M","$","M","M","R","B",null,"M","?","M","M","?"],"character_chosen":"DEFECT","items_purchased":["Frozen Eye"],"campfire_rested":0,"item_purchase_floors":[12],"current_hp_per_floor":[66,65,65,65,60,46,46,41,41,39,34,34,29,29,29,26,75,72,72,54,31,0],"gold":207,"neow_bonus":"THREE_CARDS","is_prod":false,"is_daily":false,"chose_seed":false,"campfire_upgraded":2,"win_rate":0,"timestamp":1560205007,"path_taken":["M","M","?","$","?","E","R","M","T","E","M","?","M","M","R","BOSS","M","?","M","?","?"],"build_version":"2019-01-23","purchased_purges":0,"victory":false,"max_hp_per_floor":[75,75,75,75,75,75,75,75,75,75,75,75,75,75,75,75,75,75,75,75,75,75],"card_choices":[{"not_picked":["Lockon","Redo"],"picked":"Stack","floor":0},{"not_picked":["Steam","Chaos"],"picked":"Go for the Eyes","floor":1},{"not_picked":["Redo","Auto Shields"],"picked":"Ball Lightning","floor":2},{"not_picked":["Force Field","Go for the Eyes","Scrape"],"picked":"SKIP","floor":5},{"not_picked":["Reprogram","Beam Cell"],"picked":"Cold Snap","floor":6},{"not_picked":["Consume","Coolheaded"],"picked":"Glacier","floor":8},{"not_picked":["Rip and Tear","Melter"],"picked":"FTL","floor":10},{"not_picked":["Ball Lightning","Hologram+1"],"picked":"Loop","floor":11},{"not_picked":["Recycle+1","Rebound"],"picked":"Ball Lightning","floor":13},{"not_picked":["Self Repair","Coolheaded+1"],"picked":"Conserve Battery+1","floor":14},{"not_picked":["Multi-Cast+1","Rainbow+1"],"picked":"Echo Form","floor":16},{"not_picked":["FTL","Steam+1"],"picked":"Coolheaded+1","floor":18},{"not_picked":["Streamline","Hologram+1"],"picked":"Defragment+1","floor":20},{"not_picked":["Redo+1","Go for the Eyes+1"],"picked":"Undo+1","floor":21}],"player_experience":159309,"relics_obtained":[{"floor":6,"key":"Darkstone Periapt"},{"floor":9,"key":"Toxic Egg 2"},{"floor":10,"key":"Symbiotic Virus"}],"event_choices":[{"damage_healed":0,"gold_gain":0,"player_choice":"Upgraded","damage_taken":0,"max_hp_gain":0,"max_hp_loss":0,"event_name":"Upgrade Shrine","floor":3,"gold_loss":0,"cards_upgraded":["Zap"]},{"damage_healed":0,"gold_gain":0,"player_choice":"2 cards matched","damage_taken":0,"max_hp_gain":0,"max_hp_loss":0,"event_name":"Match and Keep!","floor":19,"gold_loss":0,"cards_obtained":["Sweeping Beam","Rainbow"]},{"damage_healed":0,"gold_gain":0,"player_choice":"Fought Bandits","damage_taken":0,"max_hp_gain":0,"max_hp_loss":0,"event_name":"Masked Bandits","floor":22,"gold_loss":0}],"is_beta":false,"boss_relics":[{"not_picked":["Lizard Tail","Runic Pyramid"],"picked":"Cursed Key"}],"items_purged_floors":[],"is_endless":false,"potions_floor_spawned":[2,5,8,14,21],"killed_by":"Masked Bandits","ascension_level":0}