{"path_per_floor":["M","?","$","$","?","E","R","?","T","M","M","E","M","M","R","B",null,"M","M","$","?","$","E","R","M","T","?","R","M","?","M","R"],"character_chosen":"THE_SILENT","items_purchased":["Noxious Fumes","Flash of Steel","Distraction+1"],"gold_per_floor":[113,288,139,39,39,69,69,99,124,134,145,171,185,198,198,301,301,321,334,110,110,31,62,62,81,104,104,104,114,114,127,127,127],"floor_reached":33,"campfire_rested":4,"playtime":2126,"item_purchase_floors":[3,20,22],"current_hp_per_floor":[70,70,70,70,70,51,51,41,41,38,28,20,8,2,23,1,70,55,37,37,37,37,7,28,12,12,12,33,27,27,19,40,0],"items_purged":["Doubt","Defend_G","Strike_G"],"gold":127,"score":289,"play_id":"4cf13cb5-0e20-4850-95cb-884c12727805","local_time":"20180611230652","is_prod":false,"is_daily":false,"chose_seed":false,"is_ascension_mode":true,"campfire_upgraded":1,"win_rate":0,"timestamp":1528772812,"campfire_choices":[{"data":"Noxious Fumes","floor":7,"key":"SMITH"},{"floor":15,"key":"REST"},{"floor":24,"key":"REST"},{"floor":28,"key":"REST"},{"floor":32,"key":"REST"}],"path_taken":["M","?","?","$","?","E","R","?","T","M","M","E","M","M","R","BOSS","M","M","$","?","?","E","R","M","T","?","R","M","?","M","R","BOSS"],"build_version":"2018-06-07v3","seed_source_timestamp":86092026896163,"purchased_purges":3,"victory":false,"master_deck":["Defend_G","Defend_G","Defend_G","Strike_G+1","Strike_G","Strike_G","Strike_G+1","Survivor","Neutralize","Dagger Spray","Noxious Fumes+1","Regret","Crippling Poison","Prepared","Noxious Fumes","Prepared","Bouncing Flask","Cloak And Dagger","Dagger Throw","Doppelganger","Dodge and Roll","Dodge and Roll","Flash of Steel","Normality","Concentrate+1","Blur+1","Distraction+1","Distraction+1","RitualDagger","Choke"],"max_hp_per_floor":[70,70,70,70,70,70,70,70,70,70,70,70,70,70,70,70,70,70,70,70,70,70,70,70,70,70,70,70,70,70,70,70,70],"relics":["Ring of the Snake","Juzu Bracelet","Odd Mushroom","Whetstone","Ginger","Runic Dome","Toxic Egg 2","Anchor","Bag of Preparation","Nloth\u0027s Gift"],"card_choices":[{"not_picked":["Underhanded Strike","Concentrate"],"picked":"Dagger Spray","floor":1},{"not_picked":["Poisoned Stab","Riddle With Holes"],"picked":"Crippling Poison","floor":6},{"not_picked":["Deadly Poison","Expertise"],"picked":"Prepared","floor":8},{"not_picked":["PiercingWail","Noxious Fumes","Cloak And Dagger"],"picked":"SKIP","floor":10},{"not_picked":["PiercingWail","Cloak And Dagger"],"picked":"Noxious Fumes","floor":10},{"not_picked":["Bane","Dagger Throw"],"picked":"Prepared","floor":11},{"not_picked":["Die Die Die","Endless Agony"],"picked":"Bouncing Flask","floor":12},{"not_picked":["Dagger Throw","Sucker Punch"],"picked":"Cloak And Dagger","floor":13},{"not_picked":["Dagger Spray","Eviscerate"],"picked":"Dagger Throw","floor":14},{"not_picked":["Burst","Storm of Steel"],"picked":"Doppelganger","floor":16},{"not_picked":["Masterful Stab+1","Distraction"],"picked":"Dodge and Roll","floor":18},{"not_picked":["Dagger Throw","Bane"],"picked":"Dodge and Roll","floor":19},{"not_picked":["Outmaneuver+1","Dagger Throw"],"picked":"Concentrate+1","floor":23},{"not_picked":["Flying Knee+1","Dodge and Roll+1"],"picked":"Blur+1","floor":25},{"not_picked":["Cloak And Dagger+1","Skewer+1"],"picked":"Distraction+1","floor":29},{"not_picked":["Sucker Punch","Slice"],"picked":"Choke","floor":31}],"player_experience":94453,"potions_floor_usage":[12,16,25,33],"damage_taken":[{"damage":0,"enemies":"Jaw Worm","floor":1,"turns":5},{"damage":19,"enemies":"3 Sentries","floor":6,"turns":7},{"damage":10,"floor":8,"turns":3},{"damage":3,"enemies":"2 Louse","floor":10,"turns":2},{"damage":10,"enemies":"Small Slimes","floor":11,"turns":3},{"damage":8,"enemies":"Lagavulin","floor":12,"turns":6},{"damage":12,"enemies":"Exordium Thugs","floor":13,"turns":4},{"damage":6,"enemies":"Blue Slaver","floor":14,"turns":4},{"damage":22,"enemies":"Hexaghost","floor":16,"turns":9},{"damage":15,"enemies":"3 Byrds","floor":18,"turns":3},{"damage":18,"enemies":"2 Thieves","floor":19,"turns":4},{"damage":30,"enemies":"Book of Stabbing","floor":23,"turns":6},{"damage":16,"enemies":"Centurion and Healer","floor":25,"turns":5},{"damage":6,"enemies":"Snecko","floor":29,"turns":6},{"damage":8,"enemies":"Snake Plant","floor":31,"turns":4},{"damage":54,"enemies":"Champ","floor":33,"turns":7}],"relics_obtained":[{"floor":6,"key":"Juzu Bracelet"},{"floor":8,"key":"Odd Mushroom"},{"floor":9,"key":"Whetstone"},{"floor":12,"key":"Ginger"},{"floor":23,"key":"Anchor"},{"floor":26,"key":"Bag of Preparation"}],"event_choices":[{"event_name":"Liars Game","player_choice":"agreed","floor":2,"damage_taken":0},{"event_name":"Big Fish","player_choice":"Box","floor":5,"damage_taken":0},{"event_name":"Mushrooms","player_choice":"Fought Mushrooms","floor":8,"damage_taken":0},{"event_name":"Accursed Blacksmith","player_choice":"Rummage","floor":21,"damage_taken":0},{"event_name":"N\u0027loth","player_choice":"Traded a Unceasing Top","floor":27,"damage_taken":0},{"event_name":"Nest","player_choice":"Joined the Cult","floor":30,"damage_taken":0}],"boss_relics":[{"not_picked":["Cursed Key","Calling Bell"],"picked":"Runic Dome"}],"items_purged_floors":[3,4,20],"potions_floor_spawned":[11,13,16,23,29,31],"seed_played":"9068104278418747912","killed_by":"Champ","ascension_level":1,"potions_obtained":[{"floor":11,"key":"Energy Potion"},{"floor":13,"key":"GhostInAJar"},{"floor":16,"key":"Explosive Potion"},{"floor":23,"key":"AttackPotion"},{"floor":29,"key":"SmokeBomb"},{"floor":31,"key":"Weak Potion"}],"is_trial":false}