{"gold_per_floor":[119,119,69,79,99,133,133,147,147,178,188,188,208,223,223,327,327,338,353,49,49,49,79,79,89,89,106,138,154,166,184,184,281,281,292,292,55,69,1,1,335,410,458,458,474,487,499,499,499,499,499,499,11,45,45],"floor_reached":56,"playtime":3210,"items_purged":["Strike_B"],"score":1283,"play_id":"443059f0-a026-40c3-9cbf-9695ae6bb9dc","local_time":"20190611204139","is_ascension_mode":false,"campfire_choices":[{"data":"Zap","floor":7,"key":"SMITH"},{"data":"Loop","floor":12,"key":"SMITH"},{"data":"Go for the Eyes","floor":15,"key":"SMITH"},{"data":"Defragment","floor":24,"key":"SMITH"},{"data":"Seek","floor":32,"key":"SMITH"},{"data":"Defragment","floor":40,"key":"SMITH"},{"data":"White Noise","floor":44,"key":"SMITH"},{"floor":49,"key":"RECALL"},{"data":"Self Repair","floor":52,"key":"SMITH"}],"neow_cost":"NONE","seed_source_timestamp":374784586905544,"circlet_count":0,"master_deck":["Strike_B+1","Strike_B+1","Strike_B+1","Defend_B+1","Defend_B+1","Defend_B+1","Zap+1","Dualcast+1","Genetic Algorithm","Leap","Steam","BootSequence","Go for the Eyes+1","Core Surge","Loop+1","Glacier+1","Electrodynamics","Seek+1","Defragment+1","Static Discharge","White Noise+1","Echo Form","Conserve Battery+1","Tempest+1","Chill+1","Echo Form","Hologram+1","Echo Form","Defragment+1","Self Repair+1","White Noise+1","Capacitor+1","Barrage+1","Coolheaded+1"],"relics":["Cracked Core","PreservedInsect","Pocketwatch","Mummified Hand","Strawberry","Sozu","War Paint","Lantern","Toxic Egg 2","Black Star","Bag of Preparation","Regal Pillow","Old Coin","Bag of Marbles","DataDisk","Thread and Needle","Orichalcum","Calipers"],"potions_floor_usage":[25,54,55],"damage_taken":[{"damage":0,"enemies":"Small Slimes","floor":1,"turns":3},{"damage":1,"enemies":"2 Louse","floor":4,"turns":3},{"damage":0,"enemies":"Jaw Worm","floor":5,"turns":3},{"damage":13,"enemies":"3 Sentries","floor":6,"turns":6},{"damage":0,"enemies":"Looter","floor":8,"turns":3},{"damage":3,"enemies":"Lagavulin","floor":10,"turns":6},{"damage":0,"enemies":"Gremlin Gang","floor":11,"turns":4},{"damage":0,"enemies":"Red Slaver","floor":13,"turns":3},{"damage":0,"enemies":"Exordium Wildlife","floor":14,"turns":2},{"damage":13,"enemies":"Slime Boss","floor":16,"turns":11},{"damage":0,"enemies":"Chosen","floor":18,"turns":4},{"damage":2,"enemies":"2 Thieves","floor":19,"turns":3},{"damage":0,"enemies":"Gremlin Leader","floor":23,"turns":4},{"damage":0,"enemies":"Snecko","floor":25,"turns":4},{"damage":4,"enemies":"3 Cultists","floor":27,"turns":5},{"damage":1,"enemies":"Slavers","floor":28,"turns":3},{"damage":0,"enemies":"Chosen and Byrds","floor":29,"turns":4},{"damage":5,"enemies":"Centurion and Healer","floor":30,"turns":4},{"damage":4,"enemies":"Shelled Parasite and Fungi","floor":31,"turns":4},{"damage":4,"enemies":"Automaton","floor":33,"turns":9},{"damage":0,"enemies":"3 Shapes","floor":35,"turns":3},{"damage":0,"enemies":"3 Darklings","floor":38,"turns":4},{"damage":0,"enemies":"Giant Head","floor":41,"turns":5},{"damage":0,"enemies":"Jaw Worm Horde","floor":45,"turns":4},{"damage":0,"enemies":"4 Shapes","floor":46,"turns":3},{"damage":0,"enemies":"Sphere and 2 Shapes","floor":47,"turns":3},{"damage":16,"enemies":"Donu and Deca","floor":50,"turns":6},{"damage":34,"enemies":"Shield and Spear","floor":54,"turns":5},{"damage":51,"enemies":"The Heart","floor":55,"turns":9}],"seed_played":"2934520865382094376","potions_obtained":[{"floor":6,"key":"Swift Potion"},{"floor":8,"key":"Block Potion"},{"floor":10,"key":"Regen Potion"},{"floor":14,"key":"Dexterity Potion"}],"is_trial":false,"path_per_floor":["M","?","?","M","M","E","R","M","T","E","M","R","M","M","R","B",null,"M","M","$","?","?","E","R","M","T","M","E","M","M","M","R","B",null,"M","?","$","M","$","R","E","?","T","R","M","M","M","?","R","B",null,"R","$","E","B",null],"character_chosen":"DEFECT","items_purchased":["Defragment","War Paint","Defragment","Bag of Preparation","Self Repair","DataDisk","Thread and Needle","Coolheaded+1"],"campfire_rested":0,"item_purchase_floors":[20,20,37,37,39,53,53,53],"current_hp_per_floor":[82,70,70,69,69,56,56,56,56,60,60,60,60,60,60,47,89,89,87,87,87,87,87,87,87,87,83,82,82,77,73,73,69,89,89,89,89,89,89,89,89,81,81,81,81,81,81,81,81,79,89,89,89,55,14],"gold":45,"neow_bonus":"TEN_PERCENT_HP_BONUS","is_prod":false,"is_daily":false,"chose_seed":false,"campfire_upgraded":8,"win_rate":0,"timestamp":1560303699,"path_taken":["M","?","?","M","M","E","R","M","T","E","M","R","M","M","R","BOSS","M","M","$","?","?","E","R","M","T","M","E","M","M","M","R","BOSS","M","?","$","?","?","R","E","?","T","R","M","?","M","?","R","BOSS","R","$","E","BOSS"],"build_version":"2019-01-23","purchased_purges":1,"victory":true,"max_hp_per_floor":[82,82,82,82,82,82,82,82,82,89,89,89,89,89,89,89,89,89,89,89,89,89,89,89,89,89,89,89,89,89,89,89,89,89,89,89,89,89,89,89,89,89,89,89,89,89,89,89,89,89,89,89,89,89,89],"card_choices":[{"not_picked":["Rebound","Coolheaded"],"picked":"Genetic Algorithm","floor":1},{"not_picked":["Streamline","Steam"],"picked":"Leap","floor":4},{"not_picked":["Double Energy","Hologram"],"picked":"Steam","floor":5},{"not_picked":["Amplify","Fusion"],"picked":"BootSequence","floor":6},{"not_picked":["Skim","Auto Shields"],"picked":"Go for the Eyes","floor":8},{"not_picked":["Hologram","Compile Driver"],"picked":"Core Surge","floor":10},{"not_picked":["Leap","Glacier"],"picked":"Loop","floor":11},{"not_picked":["Barrage","Go for the Eyes","Hello World"],"picked":"SKIP","floor":13},{"not_picked":["Sweeping Beam","Stack"],"picked":"Glacier","floor":14},{"not_picked":["All For One","Core Surge"],"picked":"Electrodynamics","floor":16},{"not_picked":["Go for the Eyes+1","Beam Cell","Redo"],"picked":"SKIP","floor":18},{"not_picked":["Auto Shields","Rebound"],"picked":"Seek","floor":19},{"not_picked":["All For One","Streamline"],"picked":"Static Discharge","floor":23},{"not_picked":["Cold Snap","Compile Driver"],"picked":"Tempest","floor":25},{"not_picked":["Turbo","Steam Power+1"],"picked":"White Noise","floor":27},{"not_picked":["Compile Driver+1","Stack+1"],"picked":"Echo Form","floor":28},{"not_picked":["Streamline+1","Beam Cell"],"picked":"Conserve Battery+1","floor":29},{"not_picked":["Go for the Eyes","Redo+1"],"picked":"Tempest+1","floor":30},{"not_picked":["Beam Cell","Doom and Gloom"],"picked":"Chill+1","floor":31},{"not_picked":["Amplify+1","Reboot+1"],"picked":"Echo Form","floor":33},{"not_picked":["Skim+1","BootSequence+1"],"picked":"Hologram+1","floor":35},{"not_picked":["Streamline","Tempest+1","Hello World"],"picked":"SKIP","floor":38},{"not_picked":["Glacier+1","Gash"],"picked":"White Noise+1","floor":41},{"not_picked":["Compile Driver","Gash"],"picked":"Capacitor+1","floor":45},{"not_picked":["Cold Snap","Hologram+1","Stack+1"],"picked":"SKIP","floor":46},{"not_picked":["Melter","Recycle+1"],"picked":"Barrage+1","floor":47},{"not_picked":["Streamline","Blizzard","Compile Driver"],"picked":"SKIP","floor":54}],"player_experience":160178,"relics_obtained":[{"floor":6,"key":"Pocketwatch"},{"floor":9,"key":"Mummified Hand"},{"floor":10,"key":"Strawberry"},{"floor":23,"key":"Lantern"},{"floor":28,"key":"Toxic Egg 2"},{"floor":41,"key":"Regal Pillow"},{"floor":41,"key":"Old Coin"},{"floor":43,"key":"Bag of Marbles"},{"floor":54,"key":"Orichalcum"},{"floor":54,"key":"Calipers"}],"event_choices":[{"damage_healed":0,"gold_gain":0,"player_choice":"Success","damage_taken":12,"relics_obtained":["PreservedInsect"],"max_hp_gain":0,"max_hp_loss":0,"event_name":"Scrap Ooze","floor":2,"gold_loss":0},{"cards_removed":["Defend_B"],"damage_healed":0,"gold_gain":0,"player_choice":"Card Removal","damage_taken":0,"max_hp_gain":0,"max_hp_loss":0,"event_name":"The Cleric","floor":3,"gold_loss":50},{"damage_healed":0,"gold_gain":0,"player_choice":"Simplicity","damage_taken":0,"max_hp_gain":0,"max_hp_loss":0,"event_name":"Back to Basics","floor":21,"gold_loss":0,"cards_upgraded":["Strike_B","Strike_B","Strike_B","Defend_B","Defend_B","Defend_B"]},{"damage_healed":0,"gold_gain":0,"player_choice":"Ignored","damage_taken":0,"max_hp_gain":0,"max_hp_loss":0,"event_name":"Beggar","floor":22,"gold_loss":0},{"damage_healed":0,"gold_gain":0,"cards_transformed":["Tempest"],"player_choice":"Transformed","damage_taken":0,"max_hp_gain":0,"max_hp_loss":0,"event_name":"Transmorgrifier","floor":36,"gold_loss":0,"cards_obtained":["Echo Form"]},{"damage_healed":0,"gold_gain":75,"player_choice":"Touch","damage_taken":8,"max_hp_gain":0,"max_hp_loss":0,"event_name":"FaceTrader","floor":42,"gold_loss":0},{"damage_healed":0,"gold_gain":0,"player_choice":"Ignored","damage_taken":0,"max_hp_gain":0,"max_hp_loss":0,"event_name":"Tomb of Lord Red Mask","floor":48,"gold_loss":0}],"is_beta":false,"boss_relics":[{"not_picked":["Busted Crown","Orrery"],"picked":"Sozu"},{"not_picked":["Lizard Tail","Runic Pyramid"],"picked":"Black Star"}],"items_purged_floors":[20],"is_endless":false,"potions_floor_spawned":[6,8,10,14,16,18,19,25,28,29,33,45,47,54],"ascension_level":0}