{"gold_per_floor":[115,115,128,203,218,249,249,276,276,276,276,294,294,314,314,416,416,426,439,138,151,66,66,101,101,101,101,134,134,134,169,169,274,274,284,298,1297,1310,1310,1310,1335,1347,1429,1429,1463,1463,1477,1477],"floor_reached":48,"playtime":1946,"items_purged":["Strike_R"],"score":828,"play_id":"828c88ac-e6b1-41ce-ba0a-ee37a8a44a25","local_time":"20190327200401","is_ascension_mode":true,"campfire_choices":[{"data":"Armaments","floor":7,"key":"SMITH"},{"data":"True Grit","floor":10,"key":"SMITH"},{"floor":13,"key":"REST"},{"data":"Shockwave","floor":15,"key":"SMITH"},{"data":"Immolate","floor":23,"key":"SMITH"},{"data":"Battle Trance","floor":25,"key":"SMITH"},{"floor":27,"key":"DIG"},{"floor":32,"key":"REST"},{"floor":40,"key":"DIG"},{"floor":46,"key":"REST"}],"neow_cost":"NONE","seed_source_timestamp":324716770800828,"circlet_count":0,"master_deck":["Strike_R","Strike_R","Strike_R","Defend_R","Defend_R","Defend_R","Defend_R","Bash","Shockwave+1","Armaments+1","Metallicize","True Grit+1","Inflame+1","Uppercut","Headbutt","Immolate+1","Anger","Body Slam+1","Battle Trance+1","Searing Blow+1","Demon Form+1","Sword Boomerang+1","Impervious","Spot Weakness+1","Normality","Normality","Havoc+1","Inflame+1","Havoc+1","Corruption+1"],"relics":["Burning Blood","Centennial Puzzle","Frozen Egg 2","Sundial","FaceOfCleric","Velvet Choker","Bronze Scales","Thread and Needle","Self Forming Clay","Shovel","Torii","The Courier","Paper Frog","Sozu","Blood Vial","Letter Opener","Ice Cream"],"potions_floor_usage":[6,18,31,31,41],"damage_taken":[{"damage":14,"enemies":"Jaw Worm","floor":1,"turns":4},{"damage":4,"enemies":"2 Louse","floor":3,"turns":3},{"damage":2,"enemies":"Cultist","floor":5,"turns":4},{"damage":36,"enemies":"Gremlin Nob","floor":6,"turns":6},{"damage":9,"enemies":"Lagavulin","floor":8,"turns":7},{"damage":3,"enemies":"Blue Slaver","floor":12,"turns":6},{"damage":10,"enemies":"2 Fungi Beasts","floor":14,"turns":4},{"damage":31,"enemies":"Slime Boss","floor":16,"turns":10},{"damage":0,"enemies":"3 Byrds","floor":18,"turns":3},{"damage":3,"enemies":"Spheric Guardian","floor":19,"turns":4},{"damage":33,"enemies":"Shelled Parasite and Fungi","floor":21,"turns":5},{"damage":2,"enemies":"Book of Stabbing","floor":24,"turns":4},{"damage":8,"enemies":"Gremlin Leader","floor":28,"turns":6},{"damage":2,"enemies":"Book of Stabbing","floor":31,"turns":4},{"damage":18,"enemies":"Collector","floor":33,"turns":6},{"damage":1,"enemies":"Orb Walker","floor":35,"turns":3},{"damage":13,"enemies":"3 Darklings","floor":36,"turns":4},{"damage":12,"enemies":"Sphere and 2 Shapes","floor":38,"turns":4},{"damage":90,"enemies":"Reptomancer","floor":41,"turns":7},{"damage":14,"enemies":"4 Shapes","floor":42,"turns":8},{"damage":10,"enemies":"Giant Head","floor":45,"turns":7},{"damage":26,"enemies":"Jaw Worm Horde","floor":47,"turns":3},{"damage":40,"enemies":"Transient","floor":48,"turns":4}],"seed_played":"7186786846621099193","potions_obtained":[{"floor":1,"key":"Weak Potion"},{"floor":5,"key":"BloodPotion"},{"floor":14,"key":"LiquidBronze"},{"floor":16,"key":"Swift Potion"},{"floor":19,"key":"SkillPotion"}],"is_trial":false,"path_per_floor":["M","?","M","?","M","E","R","E","T","R","?","M","R","M","R","B",null,"M","M","$","M","?","R","E","R","T","R","E","?","?","E","R","B",null,"M","M","?","M","?","R","E","M","T","?","E","R","M","M"],"character_chosen":"IRONCLAD","items_purchased":["Bronze Scales","Battle Trance"],"campfire_rested":3,"item_purchase_floors":[20,20],"current_hp_per_floor":[72,65,67,56,60,30,30,27,27,27,27,31,57,54,54,30,76,83,87,87,61,61,61,66,66,66,66,65,65,56,61,90,79,93,99,93,93,88,88,88,17,12,12,12,11,42,25,0],"gold":1477,"neow_bonus":"TEN_PERCENT_HP_BONUS","is_prod":false,"is_daily":false,"chose_seed":false,"campfire_upgraded":5,"win_rate":0,"timestamp":1553731441,"path_taken":["M","?","M","?","M","E","R","E","T","R","?","M","R","M","R","BOSS","M","M","$","M","?","R","E","R","T","R","E","?","?","E","R","BOSS","M","?","?","M","?","R","E","M","T","?","E","R","M","M"],"build_version":"2019-01-23","purchased_purges":1,"victory":false,"max_hp_per_floor":[88,88,88,88,88,88,88,88,88,88,88,89,89,90,90,91,91,92,93,93,94,94,94,95,95,95,95,96,96,96,97,97,98,98,99,100,100,101,101,101,102,103,103,103,104,104,105,105],"card_choices":[{"not_picked":["Entrench","Warcry"],"picked":"Shockwave","floor":1},{"not_picked":["True Grit","Clash"],"picked":"Armaments","floor":3},{"not_picked":["Clash","Sword Boomerang"],"picked":"Metallicize","floor":5},{"not_picked":["Impervious","Shockwave"],"picked":"True Grit","floor":6},{"not_picked":["Sever Soul","Corruption"],"picked":"Inflame","floor":8},{"not_picked":["Pummel","Havoc"],"picked":"Uppercut","floor":12},{"not_picked":["Sword Boomerang","Fire Breathing+1"],"picked":"Headbutt","floor":14},{"not_picked":["Double Tap","Limit Break"],"picked":"Immolate","floor":16},{"not_picked":["Cleave","Shockwave"],"picked":"Anger","floor":18},{"not_picked":["Perfected Strike","Flex"],"picked":"Body Slam+1","floor":19},{"not_picked":["Pummel","Flex","Rupture+1"],"picked":"SKIP","floor":21},{"not_picked":["Whirlwind","Bludgeon"],"picked":"Searing Blow+1","floor":24},{"not_picked":["Wild Strike","Armaments"],"picked":"Demon Form+1","floor":28},{"not_picked":["Dropkick","Fire Breathing+1"],"picked":"Sword Boomerang+1","floor":31},{"not_picked":["Brutality+1","Berserk+1"],"picked":"Impervious","floor":33},{"not_picked":["Cleave","Armaments","Seeing Red+1"],"picked":"SKIP","floor":35},{"not_picked":["Shockwave+1","Wild Strike"],"picked":"Spot Weakness+1","floor":36},{"not_picked":["Pommel Strike+1","Blood for Blood"],"picked":"Havoc+1","floor":38},{"not_picked":["Thunderclap+1","Spot Weakness+1"],"picked":"Inflame+1","floor":41},{"not_picked":["Warcry","Seeing Red+1","Searing Blow"],"picked":"SKIP","floor":42},{"not_picked":["Fiend Fire","Blood for Blood+1"],"picked":"Havoc+1","floor":45},{"not_picked":["Twin Strike+1","Cleave+1"],"picked":"Corruption+1","floor":47}],"player_experience":350804,"relics_obtained":[{"floor":6,"key":"Centennial Puzzle"},{"floor":8,"key":"Frozen Egg 2"},{"floor":9,"key":"Sundial"},{"floor":24,"key":"Self Forming Clay"},{"floor":26,"key":"Shovel"},{"floor":27,"key":"Torii"},{"floor":28,"key":"The Courier"},{"floor":31,"key":"Paper Frog"},{"floor":40,"key":"Blood Vial"},{"floor":41,"key":"Letter Opener"},{"floor":45,"key":"Ice Cream"}],"event_choices":[{"cards_removed":["Strike_R"],"damage_healed":0,"gold_gain":0,"player_choice":"Card Removal","damage_taken":7,"max_hp_gain":0,"max_hp_loss":0,"event_name":"Golden Wing","floor":2,"gold_loss":0},{"damage_healed":0,"gold_gain":75,"player_choice":"Gather Gold","damage_taken":11,"max_hp_gain":0,"max_hp_loss":0,"event_name":"World of Goop","floor":4,"gold_loss":0},{"damage_healed":0,"gold_gain":0,"player_choice":"Trade","damage_taken":0,"relics_obtained":["FaceOfCleric"],"max_hp_gain":0,"max_hp_loss":0,"event_name":"FaceTrader","floor":11,"gold_loss":0},{"damage_healed":0,"gold_gain":0,"player_choice":"Obtained Relic","damage_taken":0,"relics_obtained":["Thread and Needle"],"max_hp_gain":0,"max_hp_loss":0,"event_name":"Addict","floor":22,"gold_loss":85},{"damage_healed":0,"gold_gain":0,"player_choice":"Ignored","damage_taken":0,"max_hp_gain":0,"max_hp_loss":0,"event_name":"Vampires","floor":29,"gold_loss":0},{"damage_healed":0,"gold_gain":0,"player_choice":"Damaged","damage_taken":9,"max_hp_gain":0,"max_hp_loss":0,"event_name":"Wheel of Change","floor":30,"gold_loss":0},{"damage_healed":0,"gold_gain":999,"player_choice":"Gold","damage_taken":0,"max_hp_gain":0,"max_hp_loss":0,"event_name":"MindBloom","floor":37,"gold_loss":0,"cards_obtained":["Normality","Normality"]},{"damage_healed":0,"gold_gain":0,"player_choice":"Ignored","damage_taken":0,"max_hp_gain":0,"max_hp_loss":0,"event_name":"Tomb of Lord Red Mask","floor":39,"gold_loss":0},{"damage_healed":0,"gold_gain":0,"player_choice":"Memory 1","damage_taken":0,"max_hp_gain":0,"max_hp_loss":0,"event_name":"SensoryStone","floor":44,"gold_loss":0}],"is_beta":false,"boss_relics":[{"not_picked":["Lizard Tail","Empty Cage"],"picked":"Velvet Choker"},{"not_picked":["Pandora\u0027s Box","Busted Crown"],"picked":"Sozu"}],"items_purged_floors":[20],"is_endless":false,"potions_floor_spawned":[1,5,14,16,19,28,38,41,42,47],"killed_by":"Transient","ascension_level":8}