{"gold_per_floor":[110,110,124,49,65,65,99,99,99,99,125,137,137,152,152,229,229,249,263,263],"floor_reached":20,"playtime":1236,"items_purged":["Strike_G"],"score":340,"play_id":"b221dcab-dcf9-43d5-a974-f9fd2cb5fe10","local_time":"20190717182757","is_ascension_mode":true,"campfire_choices":[{"data":"Poisoned Stab","floor":6,"key":"SMITH"},{"data":"Infinite Blades","floor":10,"key":"SMITH"},{"floor":13,"key":"REST"},{"data":"1","floor":15,"key":"LIFT"}],"neow_cost":"NONE","seed_source_timestamp":673094498616448,"circlet_count":0,"master_deck":["AscendersBane","Strike_G+1","Strike_G","Strike_G","Strike_G+1","Defend_G","Defend_G","Defend_G","Defend_G","Defend_G","Survivor","Neutralize+1","Poisoned Stab+1","Escape Plan","Infinite Blades+1","Backflip","Dagger Throw","Deadly Poison","Malaise"],"relics":["Ring of the Snake","Whetstone","Gremlin Horn","NlothsMask","Girya","Busted Crown"],"potions_floor_usage":[11,11,20,20],"damage_taken":[{"damage":0,"enemies":"Jaw Worm","floor":1,"turns":4},{"damage":0,"enemies":"Cultist","floor":3,"turns":3},{"damage":0,"enemies":"Small Slimes","floor":5,"turns":4},{"damage":28,"enemies":"3 Sentries","floor":7,"turns":9},{"damage":27,"enemies":"Lagavulin","floor":11,"turns":7},{"damage":4,"enemies":"3 Louse","floor":12,"turns":4},{"damage":0,"enemies":"Exordium Wildlife","floor":14,"turns":3},{"damage":7,"enemies":"The Guardian","floor":16,"turns":10},{"damage":8,"enemies":"Chosen","floor":18,"turns":5},{"damage":21,"enemies":"3 Byrds","floor":19,"turns":5},{"damage":29,"enemies":"Shelled Parasite and Fungi","floor":20,"turns":5}],"seed_played":"8596881516512577208","potions_obtained":[{"floor":3,"key":"Regen Potion"},{"floor":7,"key":"SteroidPotion"},{"floor":11,"key":"SkillPotion"},{"floor":14,"key":"Dexterity Potion"},{"floor":19,"key":"GhostInAJar"}],"is_trial":false,"path_per_floor":["M","?","M","$","M","R","E","?","T","R","E","M","R","M","R","B",null,"M","M","M"],"character_chosen":"THE_SILENT","items_purchased":[],"campfire_rested":1,"item_purchase_floors":[],"current_hp_per_floor":[59,59,59,59,59,59,31,31,31,31,19,15,34,34,34,27,56,48,27,0],"gold":263,"neow_bonus":"RANDOM_COMMON_RELIC","is_prod":false,"is_daily":false,"chose_seed":false,"campfire_upgraded":2,"win_rate":0,"timestamp":1563406077,"path_taken":["M","?","M","?","?","R","E","?","T","R","E","M","R","?","R","BOSS","M","M","M"],"build_version":"2019-07-05","purchased_purges":1,"victory":false,"max_hp_per_floor":[66,66,66,66,66,66,66,66,66,66,66,66,66,66,66,66,66,66,66,66],"card_choices":[{"not_picked":["Backflip","Prepared"],"picked":"Poisoned Stab","floor":1},{"not_picked":["Flechettes","Underhanded Strike"],"picked":"Escape Plan","floor":3},{"not_picked":["Sucker Punch","Escape Plan"],"picked":"Infinite Blades","floor":5},{"not_picked":["Acrobatics","Quick Slash","Prepared"],"picked":"SKIP","floor":7},{"not_picked":["Venomology","Acrobatics"],"picked":"Backflip","floor":11},{"not_picked":["All Out Attack","Acrobatics"],"picked":"Dagger Throw","floor":12},{"not_picked":["Backflip","Bane"],"picked":"Deadly Poison","floor":14},{"not_picked":["Burst","Wraith Form v2"],"picked":"Malaise","floor":16},{"not_picked":["Outmaneuver"],"picked":"SKIP","floor":18},{"not_picked":["Deflect"],"picked":"SKIP","floor":19}],"player_experience":384453,"relics_obtained":[{"floor":7,"key":"Gremlin Horn"},{"floor":11,"key":"Girya"}],"event_choices":[{"damage_healed":0,"gold_gain":0,"player_choice":"Upgraded","damage_taken":0,"max_hp_gain":0,"max_hp_loss":0,"event_name":"Upgrade Shrine","floor":2,"gold_loss":0,"cards_upgraded":["Neutralize"]},{"damage_healed":0,"gold_gain":0,"player_choice":"Trade","damage_taken":0,"relics_obtained":["NlothsMask"],"max_hp_gain":0,"max_hp_loss":0,"event_name":"FaceTrader","floor":8,"gold_loss":0}],"is_beta":false,"boss_relics":[{"not_picked":["Pandora\u0027s Box","Tiny House"],"picked":"Busted Crown"}],"items_purged_floors":[4],"is_endless":false,"potions_floor_spawned":[3,7,11,14,16,18,19],"killed_by":"Shelled Parasite and Fungi","ascension_level":17}