{"gold_per_floor":[219,238,238,9,22,60,60,94,144,144,164,177,192,208,208,327,327,348,181,200,220,220,244,244,280,356,372,410,429,429,453,453,573,573,594,594,607,269,290,330,330,345,371,409,427,427],"floor_reached":46,"playtime":4518,"items_purged":[],"score":588,"play_id":"77f7ba79-7cb2-4378-95f9-e85c33d921af","local_time":"20181229154928","is_ascension_mode":false,"campfire_choices":[{"floor":7,"key":"REST"},{"data":"Havoc","floor":15,"key":"SMITH"},{"floor":30,"key":"REST"},{"floor":32,"key":"REST"},{"floor":41,"key":"RECALL"}],"neow_cost":"NONE","seed_source_timestamp":524133845770006,"circlet_count":0,"master_deck":["Strike_R","Strike_R","Strike_R","Defend_R","Defend_R","Defend_R","Defend_R","Bash","Anger","Metallicize","Feel No Pain","Headbutt","Shockwave","Havoc+1","Metallicize","Disarm","Panache","Carnage","Ghostly Armor","Ghostly Armor","Shrug It Off","Demon Form","Good Instincts","Flame Barrier","Sword Boomerang","Sever Soul"],"relics":["Burning Blood","Golden Idol","Bronze Scales","Mercury Hourglass","Strawberry","PreservedInsect","Mark of Pain","Bottled Lightning","Gremlin Horn","Centennial Puzzle","Runic Pyramid","Paper Frog","Bag of Preparation","Dream Catcher"],"potions_floor_usage":[6,6,6,20,21,23,33,40,42,44,46],"damage_taken":[{"damage":1,"enemies":"2 Louse","floor":1,"turns":3},{"damage":1,"enemies":"Cultist","floor":2,"turns":3},{"damage":6,"enemies":"Jaw Worm","floor":5,"turns":4},{"damage":28,"enemies":"Gremlin Nob","floor":6,"turns":4},{"damage":9,"enemies":"3 Sentries","floor":8,"turns":6},{"damage":5,"enemies":"Looter","floor":11,"turns":2},{"damage":10,"enemies":"Exordium Thugs","floor":12,"turns":4},{"damage":13,"enemies":"Large Slime","floor":13,"turns":6},{"damage":4,"enemies":"Looter","floor":14,"turns":3},{"damage":29,"enemies":"The Guardian","floor":16,"turns":15},{"damage":0,"enemies":"3 Byrds","floor":18,"turns":3},{"damage":11,"enemies":"2 Thieves","floor":20,"turns":4},{"damage":12,"enemies":"Shelled Parasite and Fungi","floor":21,"turns":6},{"damage":12,"enemies":"Snake Plant","floor":23,"turns":4},{"damage":7,"enemies":"Gremlin Leader","floor":25,"turns":7},{"damage":10,"enemies":"Centurion and Healer","floor":27,"turns":7},{"damage":10,"enemies":"Slavers","floor":28,"turns":5},{"damage":31,"enemies":"Cultist and Chosen","floor":29,"turns":8},{"damage":19,"enemies":"Sentry and Sphere","floor":31,"turns":6},{"damage":62,"enemies":"Collector","floor":33,"turns":14},{"damage":2,"enemies":"3 Shapes","floor":35,"turns":4},{"damage":7,"enemies":"3 Darklings","floor":37,"turns":6},{"damage":11,"enemies":"Sphere and 2 Shapes","floor":39,"turns":7},{"damage":0,"enemies":"Nemesis","floor":40,"turns":7},{"damage":4,"enemies":"4 Shapes","floor":42,"turns":5},{"damage":9,"enemies":"Giant Head","floor":44,"turns":8},{"damage":72,"enemies":"Transient","floor":45,"turns":5},{"damage":28,"enemies":"Nemesis","floor":46,"turns":6}],"seed_played":"3517773821106331714","potions_obtained":[{"floor":1,"key":"SkillPotion"},{"floor":2,"key":"LiquidBronze"},{"floor":5,"key":"BloodPotion"},{"floor":14,"key":"Block Potion"},{"floor":16,"key":"PowerPotion"},{"floor":21,"key":"Weak Potion"},{"floor":27,"key":"EssenceOfSteel"},{"floor":33,"key":"LiquidBronze"},{"floor":37,"key":"Fire Potion"},{"floor":42,"key":"Swift Potion"},{"floor":45,"key":"LiquidBronze"}],"is_trial":false,"path_per_floor":["M","M","?","$","M","E","R","E","T","?","M","M","M","M","R","B",null,"M","$","M","M","?","M","?","E","T","M","E","M","R","M","R","B",null,"M","?","M","$","M","E","R","M","T","E","M","E"],"character_chosen":"IRONCLAD","items_purchased":["Feel No Pain","Bronze Scales","Panache","Paper Frog","Good Instincts"],"campfire_rested":3,"item_purchase_floors":[4,4,19,38,38],"current_hp_per_floor":[80,80,60,60,60,46,70,74,74,74,75,71,64,66,66,43,87,87,87,82,76,76,70,70,69,69,65,61,36,62,49,75,19,87,87,87,86,86,81,87,87,87,87,84,18,0],"gold":427,"neow_bonus":"HUNDRED_GOLD","is_prod":false,"is_daily":false,"chose_seed":false,"campfire_upgraded":1,"win_rate":0,"timestamp":1546076968,"path_taken":["M","M","?","$","M","E","R","E","T","?","M","M","?","M","R","BOSS","M","$","M","M","?","M","?","E","T","M","E","M","R","M","R","BOSS","M","?","M","$","M","E","R","M","T","E","M","E"],"build_version":"2018-12-20","purchased_purges":0,"victory":false,"max_hp_per_floor":[80,80,80,80,80,80,80,87,87,87,87,87,87,87,87,87,87,87,87,87,87,87,87,87,87,87,87,87,87,87,87,87,87,87,87,87,87,87,87,87,87,87,87,87,87,87],"card_choices":[{"not_picked":["Shockwave","Sword Boomerang"],"picked":"Anger","floor":1},{"not_picked":["Evolve","Warcry"],"picked":"Metallicize","floor":2},{"not_picked":["Corruption","Sword Boomerang"],"picked":"Headbutt","floor":5},{"not_picked":["Sever Soul","Body Slam","Warcry"],"picked":"SKIP","floor":6},{"not_picked":["Twin Strike","Inflame"],"picked":"Shockwave","floor":8},{"not_picked":["Wild Strike","Uppercut","Dark Embrace"],"picked":"SKIP","floor":11},{"not_picked":["Infernal Blade","Shrug It Off"],"picked":"Havoc","floor":12},{"not_picked":["Perfected Strike","Shockwave"],"picked":"Metallicize","floor":13},{"not_picked":["Warcry","Combust"],"picked":"Disarm","floor":14},{"not_picked":["Pommel Strike","Headbutt","Whirlwind+1"],"picked":"SKIP","floor":18},{"not_picked":["Body Slam","Armaments","Heavy Blade"],"picked":"SKIP","floor":20},{"not_picked":["Shockwave","True Grit"],"picked":"Carnage","floor":21},{"not_picked":["Pommel Strike","Headbutt"],"picked":"Ghostly Armor","floor":23},{"not_picked":["Bloodletting","Shrug It Off","Rampage+1"],"picked":"SKIP","floor":25},{"not_picked":["Headbutt","Body Slam","Twin Strike+1"],"picked":"SKIP","floor":27},{"not_picked":["Dark Embrace","Flame Barrier","Double Tap"],"picked":"SKIP","floor":28},{"not_picked":["Clash+1","Carnage","Iron Wave+1"],"picked":"SKIP","floor":29},{"not_picked":["Wild Strike","Entrench"],"picked":"Shrug It Off","floor":31},{"not_picked":["Double Tap","Immolate"],"picked":"Demon Form","floor":33},{"not_picked":["Sword Boomerang","Sentinel+1","Cleave+1"],"picked":"SKIP","floor":35},{"not_picked":["Thunderclap+1","Clothesline+1","Clash"],"picked":"SKIP","floor":37},{"not_picked":["Wild Strike+1","Shrug It Off+1"],"picked":"Flame Barrier","floor":39},{"not_picked":["Blood for Blood+1","Fire Breathing"],"picked":"Sword Boomerang","floor":40},{"not_picked":["Heavy Blade","Combust","Havoc"],"picked":"SKIP","floor":42},{"not_picked":["Shrug It Off","Intimidate","Body Slam+1"],"picked":"SKIP","floor":44},{"not_picked":["Havoc+1","Headbutt+1"],"picked":"Sever Soul","floor":45}],"player_experience":443703,"relics_obtained":[{"floor":6,"key":"Mercury Hourglass"},{"floor":8,"key":"Strawberry"},{"floor":9,"key":"PreservedInsect"},{"floor":25,"key":"Bottled Lightning"},{"floor":26,"key":"Gremlin Horn"},{"floor":28,"key":"Centennial Puzzle"},{"floor":40,"key":"Bag of Preparation"},{"floor":44,"key":"Dream Catcher"}],"event_choices":[{"damage_healed":0,"gold_gain":0,"player_choice":"Take Damage","damage_taken":20,"relics_obtained":["Golden Idol"],"max_hp_gain":0,"max_hp_loss":0,"event_name":"Golden Idol","floor":3,"gold_loss":0},{"cards_removed":["Strike_R"],"damage_healed":0,"gold_gain":0,"player_choice":"Purged","damage_taken":0,"max_hp_gain":0,"max_hp_loss":0,"event_name":"Purifier","floor":10,"gold_loss":0},{"damage_healed":0,"gold_gain":0,"player_choice":"Read","damage_taken":0,"max_hp_gain":0,"max_hp_loss":0,"event_name":"The Library","floor":22,"gold_loss":0,"cards_obtained":["Ghostly Armor"]},{"cards_removed":["Strike_R"],"damage_healed":0,"gold_gain":0,"player_choice":"Purged","damage_taken":0,"max_hp_gain":0,"max_hp_loss":0,"event_name":"Purifier","floor":24,"gold_loss":0},{"damage_healed":0,"gold_gain":0,"player_choice":"Ignored","damage_taken":0,"max_hp_gain":0,"max_hp_loss":0,"event_name":"Tomb of Lord Red Mask","floor":36,"gold_loss":0}],"is_beta":false,"boss_relics":[{"not_picked":["Runic Cube","Philosopher\u0027s Stone"],"picked":"Mark of Pain"},{"not_picked":["Fusion Hammer","Black Star"],"picked":"Runic Pyramid"}],"items_purged_floors":[],"is_endless":false,"potions_floor_spawned":[1,2,5,14,16,21,27,33,37,42,45],"killed_by":"Nemesis","ascension_level":0}