{"gold_per_floor":[10,10,30,30,30,30,59,59,82,82,7,41,54,65,65,142,142,157,157,71,81,92,92],"floor_reached":23,"playtime":1638,"items_purged":["Strike_G"],"score":398,"play_id":"2f1b4426-8bb4-4c5f-8ea8-bd7a2be42be2","local_time":"20190818191610","is_ascension_mode":true,"campfire_choices":[{"floor":6.0,"key":"REST"},{"data":"Riddle With Holes","floor":8.0,"key":"SMITH"},{"floor":10.0,"key":"REST"},{"data":"A Thousand Cuts","floor":15.0,"key":"SMITH"}],"neow_cost":"NO_GOLD","seed_source_timestamp":146348944888400,"circlet_count":0,"master_deck":["AscendersBane","Strike_G+1","Strike_G","Strike_G","Strike_G","Defend_G","Defend_G","Defend_G","Defend_G","Defend_G","Survivor","Neutralize+1","Dagger Spray+1","Skewer","Riddle With Holes+1","Blur","A Thousand Cuts+1","Wraith Form v2","Decay","Injury","Shame","Endless Agony","Wraith Form v2","Well Laid Plans","Finisher","Blade Dance"],"special_seed":0,"relics":["Ring of the Snake","Gambling Chip","Bag of Marbles","Darkstone Periapt","Blood Vial","Calling Bell","Orichalcum","Kunai","The Specimen"],"potions_floor_usage":[],"damage_taken":[{"damage":0.0,"enemies":"2 Louse","floor":1.0,"turns":2.0},{"damage":1.0,"enemies":"Cultist","floor":3.0,"turns":4.0},{"damage":20.0,"enemies":"3 Sentries","floor":7.0,"turns":7.0},{"damage":6.0,"enemies":"Gremlin Nob","floor":12.0,"turns":3.0},{"damage":1.0,"enemies":"Jaw Worm","floor":13.0,"turns":2.0},{"damage":0.0,"enemies":"Large Slime","floor":14.0,"turns":4.0},{"damage":10.0,"enemies":"Slime Boss","floor":16.0,"turns":9.0},{"damage":5.0,"enemies":"2 Thieves","floor":18.0,"turns":4.0},{"damage":8.0,"enemies":"3 Byrds","floor":21.0,"turns":4.0},{"damage":26.0,"enemies":"Snake Plant","floor":22.0,"turns":6.0},{"damage":54,"enemies":"Gremlin Leader","floor":23,"turns":12}],"seed_played":"207992136084504515","potions_obtained":[{"floor":3.0,"key":"PowerPotion"},{"floor":7.0,"key":"SkillPotion"},{"floor":13.0,"key":"SkillPotion"},{"floor":16.0,"key":"Energy Potion"},{"floor":18.0,"key":"AttackPotion"},{"floor":22.0,"key":"Dexterity Potion"}],"is_trial":false,"path_per_floor":["M","?","M","?","?","R","E","R","T","R","$","E","M","M","R","B",null,"M","?","$","M","M","E"],"character_chosen":"THE_SILENT","items_purchased":["Well Laid Plans"],"campfire_rested":2,"item_purchase_floors":[20],"current_hp_per_floor":[59,59,58,53,33,52,32,32,32,51,51,45,46,48,48,40,78,75,75,75,69,45,0],"gold":92,"neow_bonus":"ONE_RARE_RELIC","is_prod":false,"is_daily":false,"chose_seed":false,"campfire_upgraded":2,"win_rate":0,"timestamp":1566148570,"path_taken":["M","?","?","?","?","R","E","R","T","R","$","E","M","M","R","BOSS","M","?","$","?","M","E"],"build_version":"2019-07-17","purchased_purges":1,"victory":false,"max_hp_per_floor":[66,66,66,66,66,66,66,66,66,66,66,66,66,66,66,66,84,84,84,84,84,84,84],"card_choices":[{"not_picked":["PiercingWail","Expertise"],"picked":"Dagger Spray","floor":1.0},{"not_picked":["Poisoned Stab","Dagger Spray"],"picked":"Skewer","floor":3.0},{"not_picked":["Sucker Punch","Dagger Spray"],"picked":"Riddle With Holes","floor":7.0},{"not_picked":["Tactician","Masterful Stab"],"picked":"Blur","floor":12.0},{"not_picked":["Acrobatics","Dagger Spray","Setup"],"picked":"SKIP","floor":13.0},{"not_picked":["Distraction","PiercingWail"],"picked":"A Thousand Cuts","floor":14.0},{"not_picked":["Glass Knife","Doppelganger"],"picked":"Wraith Form v2","floor":16.0},{"not_picked":["Dagger Throw+1","Cloak And Dagger"],"picked":"Endless Agony","floor":18.0},{"not_picked":["Quick Slash","Riddle With Holes"],"picked":"Finisher","floor":21.0},{"not_picked":["Blur","Prepared+1"],"picked":"Blade Dance","floor":22.0}],"player_experience":1134108,"relics_obtained":[{"floor":7.0,"key":"Darkstone Periapt"},{"floor":12.0,"key":"Blood Vial"},{"floor":17.0,"key":"Orichalcum"},{"floor":17.0,"key":"Kunai"},{"floor":17.0,"key":"The Specimen"}],"event_choices":[{"damage_healed":0.0,"max_hp_gain":0.0,"max_hp_loss":0.0,"gold_gain":0.0,"event_name":"Upgrade Shrine","player_choice":"Upgraded","floor":2.0,"gold_loss":0.0,"damage_taken":0.0,"cards_upgraded":["Neutralize"]},{"damage_healed":0.0,"max_hp_gain":0.0,"max_hp_loss":0.0,"gold_gain":0.0,"event_name":"Scrap Ooze","player_choice":"Success","floor":4.0,"gold_loss":0.0,"damage_taken":5.0,"relics_obtained":["Bag of Marbles"]},{"damage_healed":0.0,"max_hp_gain":0.0,"max_hp_loss":0.0,"gold_gain":0.0,"event_name":"Shining Light","player_choice":"Entered Light","floor":5.0,"gold_loss":0.0,"damage_taken":20.0,"cards_upgraded":["Dagger Spray","Strike_G"]},{"damage_healed":0.0,"max_hp_gain":0.0,"max_hp_loss":0.0,"gold_gain":0.0,"event_name":"Duplicator","player_choice":"Copied","floor":19.0,"gold_loss":0.0,"damage_taken":0.0,"cards_obtained":["Wraith Form v2"]}],"is_beta":false,"boss_relics":[{"not_picked":["White Beast Statue","Eternal Feather"],"picked":"Calling Bell"}],"items_purged_floors":[11],"is_endless":false,"potions_floor_spawned":[3,7,13,16,18,22],"killed_by":"Gremlin Leader","ascension_level":20}