{"gold_per_floor":[109,128,128,148,3,29,29,29,56,71,104,115,115,143,143,216,216,234,234,247,40,52,52,52,78,101,136,136,149,149,175,175,248,248,266,19,19,34,51,81,81,113,113,127,127,141,189,189,189,189,189,189,189,10,41,41],"floor_reached":56,"playtime":4854,"items_purged":["Strike_G","Strike_G","Strike_G"],"score":2366,"play_id":"Baalorlord-c175644b","local_time":"20190613205755","is_ascension_mode":true,"campfire_choices":[{"data":"Well Laid Plans","floor":7,"key":"SMITH"},{"data":"Footwork","floor":13,"key":"SMITH"},{"data":"All Out Attack","floor":15,"key":"SMITH"},{"data":"Crippling Poison","floor":23,"key":"SMITH"},{"data":"Deadly Poison","floor":28,"key":"SMITH"},{"data":"Strike_G","floor":30,"key":"PURGE"},{"data":"Adrenaline","floor":32,"key":"SMITH"},{"floor":45,"key":"RECALL"},{"data":"Pain","floor":49,"key":"PURGE"},{"floor":53,"key":"REST"}],"neow_cost":"NONE","seed_source_timestamp":385999334107800,"circlet_count":0,"master_deck":["AscendersBane","Defend_G","Defend_G+1","Defend_G","Defend_G","Defend_G","Survivor","Neutralize+1","All Out Attack+1","Sucker Punch","Glass Knife+1","Footwork+1","Trip","Dodge and Roll","Masterful Stab","Escape Plan","Backflip","Malaise","PiercingWail","Dark Shackles","Deadly Poison+1","Crippling Poison+1","Blur","Adrenaline+1","Corpse Explosion","Grand Finale","Caltrops","PanicButton","Bouncing Flask","PiercingWail","Envenom","Footwork","Wraith Form v2"],"relics":["Ring of the Snake","Blood Vial","Lantern","Art of War","Runic Pyramid","Nloth\u0027s Gift","Potion Belt","Vajra","Peace Pipe","Ornamental Fan","Philosopher\u0027s Stone","Juzu Bracelet","Darkstone Periapt","Ginger","WarpedTongs","Thread and Needle"],"potions_floor_usage":[6,6,11,16,22,25,42,47,51,55,56,56],"damage_taken":[{"damage":0,"enemies":"2 Louse","floor":1,"turns":3},{"damage":3,"enemies":"Cultist","floor":2,"turns":4},{"damage":0,"enemies":"Jaw Worm","floor":4,"turns":2},{"damage":19,"enemies":"Gremlin Nob","floor":6,"turns":4},{"damage":1,"enemies":"3 Louse","floor":10,"turns":2},{"damage":0,"enemies":"3 Sentries","floor":11,"turns":8},{"damage":0,"enemies":"Lots of Slimes","floor":12,"turns":4},{"damage":0,"enemies":"Gremlin Nob","floor":14,"turns":2},{"damage":0,"enemies":"Slime Boss","floor":16,"turns":8},{"damage":1,"enemies":"3 Byrds","floor":18,"turns":6},{"damage":0,"enemies":"Chosen","floor":20,"turns":5},{"damage":9,"enemies":"Snecko","floor":22,"turns":13},{"damage":25,"enemies":"Book of Stabbing","floor":25,"turns":7},{"damage":0,"enemies":"Gremlin Leader","floor":27,"turns":4},{"damage":1,"enemies":"Sentry and Sphere","floor":29,"turns":7},{"damage":1,"enemies":"Book of Stabbing","floor":31,"turns":6},{"damage":0,"enemies":"Automaton","floor":33,"turns":18},{"damage":0,"enemies":"Orb Walker","floor":35,"turns":4},{"damage":0,"enemies":"3 Darklings","floor":38,"turns":3},{"damage":0,"enemies":"Writhing Mass","floor":39,"turns":7},{"damage":0,"enemies":"Nemesis","floor":40,"turns":7},{"damage":1,"enemies":"Reptomancer","floor":42,"turns":6},{"damage":0,"enemies":"4 Shapes","floor":44,"turns":6},{"damage":3,"enemies":"3 Darklings","floor":46,"turns":4},{"damage":24,"enemies":"2 Orb Walkers","floor":47,"turns":4},{"damage":7,"enemies":"Awakened One","floor":50,"turns":20},{"damage":21,"enemies":"Donu and Deca","floor":51,"turns":8},{"damage":45,"enemies":"Shield and Spear","floor":55,"turns":9},{"damage":31,"enemies":"The Heart","floor":56,"turns":3}],"seed_played":"-8483289627428283684","potions_obtained":[{"floor":1,"key":"LiquidBronze"},{"floor":2,"key":"Swift Potion"},{"floor":10,"key":"PowerPotion"},{"floor":12,"key":"SteroidPotion"},{"floor":18,"key":"SkillPotion"},{"floor":20,"key":"LiquidBronze"},{"floor":27,"key":"Explosive Potion"},{"floor":31,"key":"Weak Potion"},{"floor":33,"key":"PowerPotion"},{"floor":35,"key":"Block Potion"},{"floor":39,"key":"Energy Potion"},{"floor":44,"key":"Fire Potion"}],"is_trial":false,"path_per_floor":["M","M","?","M","$","E","R","?","T","M","E","M","R","E","R","B",null,"M","?","M","$","M","R","?","E","T","E","R","M","R","E","R","B",null,"M","$","?","M","M","E","?","E","T","M","R","M","?","?","R","B","B",null,"R","$","E","B"],"character_chosen":"THE_SILENT","items_purchased":["Well Laid Plans","Trip","Dark Shackles","Deadly Poison","Caltrops","PanicButton","Strength Potion"],"campfire_rested":1,"item_purchase_floors":[5,5,21,21,36,36,54],"current_hp_per_floor":[59,56,56,56,56,37,37,17,17,18,20,22,22,24,24,26,56,57,57,59,59,52,52,52,29,29,31,31,32,32,33,33,35,58,60,60,60,62,64,66,66,65,65,66,66,63,41,47,47,42,23,60,72,72,27,0],"gold":41,"neow_bonus":"UPGRADE_CARD","is_prod":false,"is_daily":false,"chose_seed":false,"campfire_upgraded":6,"win_rate":0,"timestamp":1560473875,"path_taken":["M","M","?","?","$","E","R","?","T","M","E","M","R","E","R","BOSS","M","?","?","$","M","R","?","E","T","E","R","M","R","E","R","BOSS","M","$","?","M","?","E","?","E","T","M","R","M","?","?","R","BOSS","BOSS","R","$","E","BOSS"],"build_version":"2019-01-23","purchased_purges":3,"victory":false,"max_hp_per_floor":[66,66,66,66,66,66,66,66,66,66,66,66,66,66,66,66,66,66,66,66,66,66,66,66,66,66,66,66,66,66,66,66,66,66,66,66,66,66,66,66,66,66,66,66,66,66,66,72,72,72,72,72,72,72,72,72],"card_choices":[{"not_picked":["Bane","Footwork"],"picked":"All Out Attack","floor":1},{"not_picked":["Bane","Cloak And Dagger"],"picked":"Sucker Punch","floor":2},{"not_picked":["Poisoned Stab","Tactician"],"picked":"Footwork","floor":4},{"not_picked":["Bullet Time","Dagger Spray"],"picked":"Dodge and Roll","floor":6},{"not_picked":["Blade Dance","Prepared","Outmaneuver"],"picked":"SKIP","floor":10},{"not_picked":["Dagger Throw","Slice"],"picked":"Masterful Stab","floor":11},{"not_picked":["Sucker Punch","Underhanded Strike"],"picked":"Escape Plan","floor":12},{"not_picked":["Storm of Steel","Deadly Poison"],"picked":"Backflip","floor":14},{"not_picked":["Unload","Grand Finale"],"picked":"Malaise","floor":16},{"not_picked":["Backflip","Cloak And Dagger","Setup"],"picked":"SKIP","floor":18},{"not_picked":["Slice","Crippling Poison"],"picked":"PiercingWail","floor":20},{"not_picked":["Blade Dance","Sucker Punch"],"picked":"Crippling Poison","floor":22},{"not_picked":["Setup","Blade Dance","Cloak And Dagger"],"picked":"SKIP","floor":25},{"not_picked":["Expertise","Terror+1"],"picked":"Blur","floor":27},{"not_picked":["Riddle With Holes","Blade Dance+1","Masterful Stab"],"picked":"SKIP","floor":29},{"not_picked":["Flying Knee","Underhanded Strike"],"picked":"Adrenaline","floor":31},{"not_picked":["Phantasmal Killer","Storm of Steel"],"picked":"Corpse Explosion","floor":33},{"not_picked":["Expertise","Acrobatics"],"picked":"Grand Finale","floor":35},{"not_picked":["A Thousand Cuts","Dagger Throw","Skewer"],"picked":"SKIP","floor":38},{"not_picked":["Dagger Throw","Blade Dance","Cloak And Dagger"],"picked":"SKIP","floor":39},{"not_picked":["Unload","Slice+1","Storm of Steel"],"picked":"SKIP","floor":40},{"not_picked":["Unload","Slice+1","Storm of Steel"],"picked":"SKIP","floor":40},{"not_picked":["Caltrops","Bullet Time"],"picked":"PiercingWail","floor":42},{"not_picked":["Dagger Throw+1","Distraction+1"],"picked":"Envenom","floor":44},{"not_picked":["Outmaneuver","Underhanded Strike"],"picked":"Footwork","floor":46},{"not_picked":["Deflect","Doppelganger"],"picked":"Wraith Form v2","floor":55}],"player_experience":2117920,"relics_obtained":[{"floor":6,"key":"Dream Catcher"},{"floor":9,"key":"Blood Vial"},{"floor":11,"key":"Lantern"},{"floor":14,"key":"Art of War"},{"floor":25,"key":"Potion Belt"},{"floor":26,"key":"Vajra"},{"floor":27,"key":"Peace Pipe"},{"floor":31,"key":"Ornamental Fan"},{"floor":40,"key":"Juzu Bracelet"},{"floor":42,"key":"Darkstone Periapt"},{"floor":47,"key":"Ginger"},{"floor":55,"key":"Thread and Needle"}],"event_choices":[{"damage_healed":0,"gold_gain":0,"cards_transformed":["Strike_G"],"player_choice":"Transformed","damage_taken":0,"max_hp_gain":0,"max_hp_loss":0,"event_name":"Transmorgrifier","floor":3,"gold_loss":0,"cards_obtained":["Glass Knife"]},{"damage_healed":0,"gold_gain":0,"player_choice":"Entered Light","damage_taken":20,"max_hp_gain":0,"max_hp_loss":0,"event_name":"Shining Light","floor":8,"gold_loss":0,"cards_upgraded":["Glass Knife","Defend_G"]},{"damage_healed":0,"gold_gain":0,"player_choice":"Traded Relic","damage_taken":0,"relics_obtained":["Nloth\u0027s Gift"],"max_hp_gain":0,"max_hp_loss":0,"event_name":"N\u0027loth","floor":19,"relics_lost":["Dream Catcher"],"gold_loss":0},{"damage_healed":0,"gold_gain":0,"player_choice":"Ignored","damage_taken":0,"max_hp_gain":0,"max_hp_loss":0,"event_name":"Beggar","floor":24,"gold_loss":0},{"damage_healed":0,"gold_gain":0,"player_choice":"Ignored","damage_taken":0,"max_hp_gain":0,"max_hp_loss":0,"event_name":"SecretPortal","floor":37,"gold_loss":0},{"damage_healed":0,"gold_gain":0,"cards_transformed":["Well Laid Plans"],"player_choice":"Transformed","damage_taken":0,"max_hp_gain":0,"max_hp_loss":0,"event_name":"Transmorgrifier","floor":41,"gold_loss":0,"cards_obtained":["Bouncing Flask"]},{"damage_healed":0,"gold_gain":0,"player_choice":"Fight","damage_taken":0,"max_hp_gain":0,"max_hp_loss":0,"event_name":"Mysterious Sphere","floor":47,"gold_loss":0},{"damage_healed":0,"gold_gain":0,"player_choice":"Rummage","damage_taken":0,"relics_obtained":["WarpedTongs"],"max_hp_gain":0,"max_hp_loss":0,"event_name":"Accursed Blacksmith","floor":48,"gold_loss":0,"cards_obtained":["Pain"]}],"is_beta":false,"boss_relics":[{"not_picked":["Fusion Hammer","Busted Crown"],"picked":"Runic Pyramid"},{"not_picked":["Runic Dome","Ring of the Serpent"],"picked":"Philosopher\u0027s Stone"}],"items_purged_floors":[21,36,54],"is_endless":false,"potions_floor_spawned":[1,2,10,12,18,20,27,31,33,35,39,44],"killed_by":"The Heart","ascension_level":20}