{"gold_per_floor":[215,89,108,108,108,108,143,143,143,43,60,122,138,149,149,149],"floor_reached":16,"playtime":367,"items_purged":["Strike_B","Dualcast"],"score":165,"play_id":"8dc56d0c-338b-4ff5-b114-87173abc7392","local_time":"20190612233203","is_ascension_mode":true,"campfire_choices":[{"data":"Hyperbeam","floor":6,"key":"SMITH"},{"data":"Defend_B","floor":8,"key":"SMITH"},{"data":"Recycle","floor":15,"key":"SMITH"}],"neow_cost":"NONE","seed_source_timestamp":105623232187400,"circlet_count":0,"master_deck":["AscendersBane","Strike_B","Strike_B","Defend_B+1","Defend_B","Defend_B","Defend_B","Zap","Cold Snap","Hyperbeam+1","Rebound","Recycle+1"],"relics":["Cracked Core","Pear","Ice Cream","Tiny Chest"],"potions_floor_usage":[14,16,16],"damage_taken":[{"damage":1,"enemies":"Cultist","floor":1,"turns":3},{"damage":8,"enemies":"Jaw Worm","floor":3,"turns":4},{"damage":20,"enemies":"3 Sentries","floor":7,"turns":4},{"damage":0,"enemies":"2 Louse","floor":11,"turns":1},{"damage":23,"enemies":"Gremlin Nob","floor":12,"turns":4},{"damage":4,"enemies":"Lots of Slimes","floor":13,"turns":2},{"damage":2,"enemies":"Red Slaver","floor":14,"turns":2},{"damage":21,"enemies":"Hexaghost","floor":16,"turns":9}],"seed_played":"4661642892000608766","potions_obtained":[{"floor":7,"key":"Energy Potion"},{"floor":11,"key":"Block Potion"}],"is_trial":false,"path_per_floor":["M","$","M","?","?","R","E","R","T","$","M","E","M","M","R","B"],"character_chosen":"DEFECT","items_purchased":["Strength Potion"],"campfire_rested":0,"item_purchase_floors":[2],"current_hp_per_floor":[67,67,59,59,59,59,49,49,49,49,49,26,22,20,20,0],"gold":149,"neow_bonus":"HUNDRED_GOLD","is_prod":false,"is_daily":false,"chose_seed":false,"campfire_upgraded":3,"win_rate":0,"timestamp":1560396723,"path_taken":["M","$","?","?","?","R","E","R","T","$","?","E","M","M","R","BOSS"],"build_version":"2019-01-23","purchased_purges":2,"victory":false,"max_hp_per_floor":[75,75,75,75,75,75,85,85,85,85,85,85,85,85,85,85],"card_choices":[{"not_picked":["Beam Cell","White Noise","Redo"],"picked":"SKIP","floor":1},{"not_picked":["Rebound","White Noise"],"picked":"Cold Snap","floor":3},{"not_picked":["Glacier","Darkness","Steam Power"],"picked":"SKIP","floor":7},{"not_picked":["Chaos","Coolheaded","Glacier"],"picked":"SKIP","floor":11},{"not_picked":["Streamline","Tempest"],"picked":"Rebound","floor":12},{"not_picked":["Barrage","Redo","Loop"],"picked":"SKIP","floor":13},{"not_picked":["Skim","Sweeping Beam"],"picked":"Recycle","floor":14}],"player_experience":627239,"relics_obtained":[{"floor":7,"key":"Pear"},{"floor":9,"key":"Ice Cream"},{"floor":12,"key":"Tiny Chest"}],"event_choices":[{"damage_healed":0,"gold_gain":0,"player_choice":"Ignored","damage_taken":0,"max_hp_gain":0,"max_hp_loss":0,"event_name":"Liars Game","floor":4,"gold_loss":0},{"damage_healed":0,"gold_gain":0,"cards_transformed":["Strike_B"],"player_choice":"Transformed","damage_taken":0,"max_hp_gain":0,"max_hp_loss":0,"event_name":"Transmorgrifier","floor":5,"gold_loss":0,"cards_obtained":["Hyperbeam"]}],"is_beta":false,"boss_relics":[],"items_purged_floors":[2,10],"is_endless":false,"potions_floor_spawned":[7,11,12],"killed_by":"Hexaghost","ascension_level":10}