{"gold_per_floor":[113,34,52,52,52,52,80,100,100,100,111,145,161,487,487,588,588,601,97,97,112,112,112,140,140,140,140,172,189,203,216,216,318,368,381,400,500,500,95,95,95],"floor_reached":41,"playtime":1562,"items_purged":["Strike_R","Defend_R"],"score":519,"play_id":"03807f30-90eb-4749-852d-d21c1fdc2496","local_time":"20190110004146","is_ascension_mode":true,"campfire_choices":[{"data":"Metallicize","floor":6,"key":"SMITH"},{"data":"Metallicize","floor":10,"key":"SMITH"},{"data":"Uppercut","floor":15,"key":"SMITH"},{"data":"Bloodletting","floor":23,"key":"SMITH"},{"data":"Iron Wave","floor":25,"key":"SMITH"},{"data":"Cleave","floor":27,"key":"SMITH"},{"floor":32,"key":"RECALL"},{"data":"Iron Wave","floor":40,"key":"SMITH"}],"neow_cost":"NONE","seed_source_timestamp":110058790818937,"circlet_count":0,"master_deck":["Strike_R","Strike_R","Strike_R+1","Defend_R","Defend_R","Bash","Iron Wave+1","Metallicize+1","Iron Wave+1","Metallicize+1","Cleave+1","Uppercut+1","Shrug It Off","Reaper","Demon Form+1","Feed","Heavy Blade","Bloodletting+1","Trip+1","Clash","Armaments+1","Iron Wave+1","Necronomicurse","Twin Strike","Warcry+1","Rampage+1","Sentinel+1","Inflame+1","Demon Form+1","Havoc+1","Flex+1","Heavy Blade+1","Madness+1","Madness+1","Feel No Pain+1","Havoc+1"],"relics":["Burning Blood","Blood Vial","Ice Cream","Frozen Egg 2","Bronze Scales","Old Coin","Empty Cage","Toxic Egg 2","Necronomicon","Omamori","Regal Pillow","Red Skull","Tiny House","Calipers","Toolbox"],"potions_floor_usage":[16,16,16,24,28,33,37,41],"damage_taken":[{"damage":11,"enemies":"Cultist","floor":1,"turns":4},{"damage":4,"enemies":"Jaw Worm","floor":3,"turns":3},{"damage":18,"enemies":"Gremlin Nob","floor":7,"turns":5},{"damage":5,"enemies":"Small Slimes","floor":8,"turns":5},{"damage":13,"enemies":"Blue Slaver","floor":11,"turns":4},{"damage":6,"enemies":"Lagavulin","floor":12,"turns":8},{"damage":1,"enemies":"Exordium Wildlife","floor":13,"turns":4},{"damage":6,"enemies":"Gremlin Nob","floor":14,"turns":5},{"damage":16,"enemies":"Slime Boss","floor":16,"turns":10},{"damage":6,"enemies":"3 Byrds","floor":18,"turns":3},{"damage":25,"enemies":"Spheric Guardian","floor":21,"turns":7},{"damage":46,"enemies":"Slavers","floor":24,"turns":4},{"damage":30,"enemies":"Book of Stabbing","floor":28,"turns":5},{"damage":37,"enemies":"3 Cultists","floor":29,"turns":5},{"damage":13,"enemies":"Snecko","floor":30,"turns":3},{"damage":31,"enemies":"Centurion and Healer","floor":31,"turns":5},{"damage":62,"enemies":"Collector","floor":33,"turns":8},{"damage":36,"enemies":"3 Shapes","floor":35,"turns":4},{"damage":43,"enemies":"3 Darklings","floor":36,"turns":5},{"damage":27,"enemies":"Mind Bloom Boss Battle","floor":37,"turns":7},{"damage":73,"enemies":"Reptomancer","floor":41,"turns":5}],"seed_played":"-7184101551176794334","potions_obtained":[{"floor":1,"key":"Block Potion"},{"floor":8,"key":"Poison Potion"},{"floor":14,"key":"Poison Potion"},{"floor":16,"key":"Explosive Potion"},{"floor":21,"key":"SneckoOil"},{"floor":24,"key":"FearPotion"},{"floor":29,"key":"Strength Potion"},{"floor":34,"key":"Regen Potion"},{"floor":37,"key":"FearPotion"}],"is_trial":false,"path_per_floor":["M","$","M","?","T","R","E","M","T","R","M","E","M","E","R","B",null,"M","$","?","M","?","R","E","R","T","R","E","M","M","M","R","B",null,"M","M","?","?","$","R","E"],"character_chosen":"IRONCLAD","items_purchased":["Metallicize","Bloodletting","Toxic Egg 2","Trip+1","Clash","Toolbox","Feel No Pain+1","Havoc+1"],"campfire_rested":0,"item_purchase_floors":[2,19,19,19,19,39,39,39],"current_hp_per_floor":[75,75,79,63,63,63,53,56,56,56,51,53,60,62,62,54,80,83,83,83,67,51,51,66,66,66,66,77,82,77,67,67,88,94,64,46,75,63,63,63,0],"gold":95,"neow_bonus":"RANDOM_COMMON_RELIC","is_prod":false,"is_daily":false,"chose_seed":false,"campfire_upgraded":7,"win_rate":0,"timestamp":1547098906,"path_taken":["M","$","M","?","?","R","E","?","T","R","M","E","M","E","R","BOSS","M","$","?","M","?","R","E","R","T","R","E","M","M","M","R","BOSS","M","M","?","?","?","R","E"],"build_version":"2019-01-03v4","purchased_purges":2,"victory":false,"max_hp_per_floor":[80,80,80,80,80,80,80,80,80,80,80,80,80,80,80,80,80,83,83,83,86,86,86,86,86,86,86,89,89,89,89,89,89,94,94,94,94,94,94,94,94],"card_choices":[{"not_picked":["Uppercut","Pommel Strike"],"picked":"Iron Wave","floor":1},{"not_picked":["Intimidate","Anger"],"picked":"Iron Wave","floor":3},{"not_picked":["Headbutt","Power Through"],"picked":"Metallicize","floor":7},{"not_picked":["Whirlwind","Havoc"],"picked":"Cleave","floor":8},{"not_picked":["Wild Strike","Whirlwind"],"picked":"Uppercut","floor":11},{"not_picked":["Sword Boomerang","Fire Breathing+1"],"picked":"Shrug It Off","floor":12},{"not_picked":["Dropkick","Heavy Blade"],"picked":"Reaper","floor":13},{"not_picked":["Cleave","Rampage"],"picked":"Demon Form+1","floor":14},{"not_picked":["Impervious","Fiend Fire"],"picked":"Feed","floor":16},{"not_picked":["Pommel Strike","Headbutt"],"picked":"Heavy Blade","floor":18},{"not_picked":["Sword Boomerang","Twin Strike"],"picked":"Iron Wave","floor":21},{"not_picked":["Fire Breathing+1","Headbutt"],"picked":"Twin Strike","floor":24},{"not_picked":["Havoc+1","Feel No Pain+1"],"picked":"Warcry+1","floor":28},{"not_picked":["Headbutt","Entrench+1"],"picked":"Rampage","floor":29},{"not_picked":["Pummel+1","Body Slam"],"picked":"Sentinel+1","floor":30},{"not_picked":["Rupture+1","Second Wind+1"],"picked":"Inflame+1","floor":31},{"not_picked":["Fiend Fire","Dark Embrace+1"],"picked":"Demon Form+1","floor":33},{"not_picked":["Fire Breathing+1","Power Through+1"],"picked":"Havoc+1","floor":34},{"not_picked":["Headbutt","Disarm+1","Pommel Strike"],"picked":"SKIP","floor":35},{"not_picked":["Warcry+1","Rampage"],"picked":"Flex+1","floor":36},{"not_picked":["Reckless Charge","Rampage"],"picked":"Heavy Blade+1","floor":37}],"player_experience":251680,"relics_obtained":[{"floor":7,"key":"Ice Cream"},{"floor":9,"key":"Frozen Egg 2"},{"floor":12,"key":"Bronze Scales"},{"floor":14,"key":"Old Coin"},{"floor":22,"key":"Necronomicon"},{"floor":24,"key":"Omamori"},{"floor":26,"key":"Regal Pillow"},{"floor":28,"key":"Red Skull"},{"floor":37,"key":"Calipers"}],"event_choices":[{"damage_healed":0,"gold_gain":0,"player_choice":"Entered Light","damage_taken":16,"max_hp_gain":0,"max_hp_loss":0,"event_name":"Shining Light","floor":4,"gold_loss":0,"cards_upgraded":["Strike_R","Iron Wave"]},{"damage_healed":0,"gold_gain":0,"player_choice":"Read","damage_taken":0,"max_hp_gain":0,"max_hp_loss":0,"event_name":"The Library","floor":20,"gold_loss":0,"cards_obtained":["Armaments"]},{"damage_healed":0,"gold_gain":0,"player_choice":"Obtained Book","damage_taken":16,"max_hp_gain":0,"max_hp_loss":0,"event_name":"Cursed Tome","floor":22,"gold_loss":0},{"damage_healed":0,"gold_gain":0,"player_choice":"Fight","damage_taken":0,"max_hp_gain":0,"max_hp_loss":0,"event_name":"MindBloom","floor":37,"gold_loss":0},{"damage_healed":0,"gold_gain":0,"player_choice":"Embrace Madness","damage_taken":12,"max_hp_gain":0,"max_hp_loss":0,"event_name":"Winding Halls","floor":38,"gold_loss":0,"cards_obtained":["Madness","Madness"]}],"is_beta":false,"boss_relics":[{"not_picked":["Snecko Eye","Runic Dome"],"picked":"Empty Cage"},{"not_picked":["Pandora\u0027s Box","Lizard Tail"],"picked":"Tiny House"}],"items_purged_floors":[19,39],"is_endless":false,"potions_floor_spawned":[1,8,14,16,21,24,29,37],"killed_by":"Reptomancer","ascension_level":2}