{"gold_per_floor":[109,109,122,132,132,132,161,5,5,5,5,29,29,62,62,193,193,213,128,151,151,164,225,133,133,133,156,170,170],"floor_reached":29,"playtime":1127,"items_purged":["Defend_B"],"score":278,"play_id":"4f457e65-9820-4f68-b5c4-cea9144d7b85","local_time":"20190305141622","is_ascension_mode":true,"campfire_choices":[{"data":"Darkness","floor":6,"key":"SMITH"},{"data":"Loop","floor":11,"key":"SMITH"},{"data":"Melter","floor":13,"key":"SMITH"},{"floor":15,"key":"REST"},{"floor":25,"key":"REST"}],"neow_cost":"NONE","seed_source_timestamp":388147410633683,"circlet_count":0,"master_deck":["Strike_B","Strike_B","Strike_B","Defend_B","Defend_B","Defend_B","Zap+1","Dualcast","Cold Snap+1","Conserve Battery","Darkness+1","Melter+1","Loop+1","Injury","Heatsinks","Beam Cell","Echo Form","Skim","Sweeping Beam","Cold Snap+1","BootSequence","Storm","Sweeping Beam","Coolheaded+1","Barrage"],"relics":["Cracked Core","Kunai","Anchor","Golden Idol","PreservedInsect","Sozu","Bronze Scales","Peace Pipe","Tiny Chest","Strawberry"],"potions_floor_usage":[14,16,16,16,18],"damage_taken":[{"damage":0,"enemies":"Small Slimes","floor":1,"turns":2},{"damage":0,"enemies":"Jaw Worm","floor":3,"turns":4},{"damage":0,"enemies":"Cultist","floor":4,"turns":4},{"damage":14,"enemies":"Gremlin Nob","floor":7,"turns":4},{"damage":3,"enemies":"Gremlin Gang","floor":12,"turns":5},{"damage":6,"enemies":"Lagavulin","floor":14,"turns":5},{"damage":38,"enemies":"Hexaghost","floor":16,"turns":9},{"damage":15,"enemies":"2 Thieves","floor":18,"turns":4},{"damage":5,"enemies":"Shell Parasite","floor":20,"turns":3},{"damage":0,"enemies":"Chosen and Byrds","floor":22,"turns":4},{"damage":58,"enemies":"Slavers","floor":23,"turns":4},{"damage":9,"enemies":"Cultist and Chosen","floor":27,"turns":4},{"damage":20,"enemies":"Shelled Parasite and Fungi","floor":28,"turns":4},{"damage":9,"enemies":"Snake Plant","floor":29,"turns":2}],"seed_played":"-4817472952508687989","potions_obtained":[{"floor":3,"key":"Block Potion"},{"floor":4,"key":"AttackPotion"},{"floor":7,"key":"EntropicBrew"},{"floor":14,"key":"Regen Potion"}],"is_trial":false,"path_per_floor":["M","?","M","M","?","R","E","$","T","?","R","M","R","E","R","B",null,"M","?","M","?","M","E","$","R","T","M","M","M"],"character_chosen":"DEFECT","items_purchased":["Loop","Storm","Sweeping Beam"],"campfire_rested":2,"item_purchase_floors":[8,24,24],"current_hp_per_floor":[82,66,66,66,59,59,45,45,45,45,45,42,42,36,60,37,82,67,67,62,62,62,4,4,28,35,26,6,0],"gold":170,"neow_bonus":"TEN_PERCENT_HP_BONUS","is_prod":false,"is_daily":false,"chose_seed":false,"campfire_upgraded":3,"win_rate":0,"timestamp":1551813382,"path_taken":["M","?","M","M","?","R","E","$","T","?","R","M","R","E","R","BOSS","M","?","M","?","M","E","$","R","T","M","?","M"],"build_version":"2019-01-23","purchased_purges":1,"victory":false,"max_hp_per_floor":[82,82,82,82,82,82,82,82,82,82,82,82,82,82,82,82,82,82,82,82,82,82,82,82,82,89,89,89,89],"card_choices":[{"not_picked":["Melter","Skim"],"picked":"Cold Snap","floor":1},{"not_picked":["Melter","Redo"],"picked":"Conserve Battery","floor":3},{"not_picked":["Gash","Go for the Eyes"],"picked":"Darkness","floor":4},{"not_picked":["Turbo","Streamline"],"picked":"Melter","floor":7},{"not_picked":["Stack","Gash"],"picked":"Heatsinks","floor":12},{"not_picked":["Streamline","Aggregate"],"picked":"Beam Cell","floor":14},{"not_picked":["Core Surge","Reboot"],"picked":"Echo Form","floor":16},{"not_picked":["Redo","Stack"],"picked":"Skim","floor":18},{"not_picked":["Go for the Eyes","Auto Shields"],"picked":"Sweeping Beam","floor":20},{"not_picked":["Double Energy","Rebound+1"],"picked":"Cold Snap+1","floor":22},{"not_picked":["FTL+1","Sweeping Beam"],"picked":"BootSequence","floor":23},{"not_picked":["Go for the Eyes","Beam Cell"],"picked":"Coolheaded+1","floor":27},{"not_picked":["Steam","Hologram+1"],"picked":"Barrage","floor":28}],"player_experience":280723,"relics_obtained":[{"floor":7,"key":"Kunai"},{"floor":9,"key":"Anchor"},{"floor":14,"key":"PreservedInsect"},{"floor":23,"key":"Tiny Chest"},{"floor":26,"key":"Strawberry"}],"event_choices":[{"damage_healed":0,"gold_gain":0,"player_choice":"Entered Light","damage_taken":16,"max_hp_gain":0,"max_hp_loss":0,"event_name":"Shining Light","floor":2,"gold_loss":0,"cards_upgraded":["Zap","Cold Snap"]},{"cards_removed":["Strike_B"],"damage_healed":0,"gold_gain":0,"player_choice":"Card Removal","damage_taken":7,"max_hp_gain":0,"max_hp_loss":0,"event_name":"Golden Wing","floor":5,"gold_loss":0},{"damage_healed":0,"gold_gain":0,"player_choice":"Take Wound","damage_taken":0,"relics_obtained":["Golden Idol"],"max_hp_gain":0,"max_hp_loss":0,"event_name":"Golden Idol","floor":10,"gold_loss":0,"cards_obtained":["Injury"]},{"damage_healed":0,"gold_gain":0,"player_choice":"Obtained Relic","damage_taken":0,"relics_obtained":["Bronze Scales"],"max_hp_gain":0,"max_hp_loss":0,"event_name":"Addict","floor":19,"gold_loss":85},{"damage_healed":0,"gold_gain":0,"player_choice":"Gave Potion","damage_taken":0,"relics_obtained":["Peace Pipe"],"max_hp_gain":0,"max_hp_loss":0,"event_name":"WeMeetAgain","floor":21,"gold_loss":0}],"is_beta":false,"boss_relics":[{"not_picked":["Runic Pyramid","Runic Dome"],"picked":"Sozu"}],"items_purged_floors":[8],"is_endless":false,"potions_floor_spawned":[3,4,7,14,23,27],"killed_by":"Snake Plant","ascension_level":2}