{"gold_per_floor":[113,130,10,20,36,36,100,100,100,115,115,115,115,144,144,243,243,255,255,16,28,28,58,73,106,156,156,156,186,203,223,223,223],"floor_reached":33,"playtime":1480,"items_purged":["Strike_R","Strike_R"],"score":408,"play_id":"f71a8d23-20ae-4d76-b873-c2cc65849809","local_time":"20190309142556","is_ascension_mode":true,"campfire_choices":[{"data":"Bash","floor":6,"key":"SMITH"},{"data":"Armaments","floor":8,"key":"SMITH"},{"data":"Immolate","floor":15,"key":"SMITH"},{"floor":28,"key":"RECALL"},{"floor":32,"key":"REST"}],"neow_cost":"NONE","seed_source_timestamp":733970690649509,"circlet_count":0,"master_deck":["Strike_R+1","Strike_R+1","Defend_R+1","Defend_R+1","Defend_R+1","Defend_R+1","Bash+1","Cleave","Armaments+1","Headbutt","Immolate+1","Anger","Shrug It Off+1","Burning Pact","Brutality","Inflame","RitualDagger","Flame Barrier","Inflame","Disarm","Warcry+1","True Grit","Power Through","Clash","Shrug It Off"],"relics":["Burning Blood","PreservedInsect","Tiny Chest","Kunai","Fusion Hammer","Ginger","Bronze Scales","Bag of Marbles","Thread and Needle"],"potions_floor_usage":[23,25,31,33,33],"damage_taken":[{"damage":6,"enemies":"Cultist","floor":1,"turns":3},{"damage":7,"enemies":"Small Slimes","floor":2,"turns":3},{"damage":2,"enemies":"2 Louse","floor":4,"turns":2},{"damage":12,"enemies":"Exordium Wildlife","floor":5,"turns":2},{"damage":15,"enemies":"3 Sentries","floor":7,"turns":3},{"damage":0,"enemies":"2 Fungi Beasts","floor":10,"turns":3},{"damage":16,"enemies":"Gremlin Nob","floor":14,"turns":3},{"damage":18,"enemies":"Slime Boss","floor":16,"turns":6},{"damage":7,"enemies":"Chosen","floor":18,"turns":4},{"damage":13,"enemies":"2 Thieves","floor":21,"turns":4},{"damage":1,"enemies":"Gremlin Leader","floor":23,"turns":4},{"damage":7,"enemies":"Cultist and Chosen","floor":24,"turns":5},{"damage":8,"enemies":"Book of Stabbing","floor":25,"turns":6},{"damage":35,"enemies":"Gremlin Leader","floor":29,"turns":5},{"damage":0,"enemies":"Centurion and Healer","floor":30,"turns":4},{"damage":17,"enemies":"Snake Plant","floor":31,"turns":2},{"damage":105,"enemies":"Automaton","floor":33,"turns":12}],"seed_played":"-1174172340250671602","potions_obtained":[{"floor":2,"key":"Explosive Potion"},{"floor":4,"key":"Energy Potion"},{"floor":7,"key":"Dexterity Potion"},{"floor":24,"key":"BloodPotion"},{"floor":25,"key":"PowerPotion"}],"is_trial":false,"path_per_floor":["M","M","$","M","M","R","E","R","T","M","?","?","?","E","R","B",null,"M","?","$","M","?","E","M","E","T","?","R","E","M","M","R","B"],"character_chosen":"IRONCLAD","items_purchased":["Headbutt","Flame Barrier","Inflame"],"campfire_rested":1,"item_purchase_floors":[3,20,20],"current_hp_per_floor":[80,79,79,80,74,74,65,65,65,71,71,76,76,66,66,54,85,84,78,78,71,71,76,75,73,73,73,73,44,50,39,64,0],"gold":223,"neow_bonus":"RANDOM_COMMON_RELIC","is_prod":false,"is_daily":false,"chose_seed":false,"campfire_upgraded":3,"win_rate":0,"timestamp":1552159556,"path_taken":["M","M","$","?","M","R","E","R","T","M","?","?","?","E","R","BOSS","M","?","$","M","?","E","M","E","T","?","R","E","M","M","R","BOSS"],"build_version":"2019-01-23","purchased_purges":2,"victory":false,"max_hp_per_floor":[80,80,80,80,80,80,80,80,80,80,80,85,85,85,85,85,85,85,85,85,85,85,85,85,85,85,85,85,85,85,85,85,85],"card_choices":[{"not_picked":["Wild Strike","Havoc"],"picked":"Cleave","floor":1},{"not_picked":["Cleave","Wild Strike"],"picked":"Armaments","floor":2},{"not_picked":["Pommel Strike","True Grit"],"picked":"Immolate","floor":4},{"not_picked":["Wild Strike","Pommel Strike"],"picked":"Anger","floor":5},{"not_picked":["Second Wind","Thunderclap"],"picked":"Shrug It Off","floor":7},{"not_picked":["Intimidate","Shrug It Off"],"picked":"Burning Pact","floor":10},{"not_picked":["Warcry","Thunderclap","Dropkick"],"picked":"SKIP","floor":14},{"not_picked":["Barricade","Reaper"],"picked":"Brutality","floor":16},{"not_picked":["Combust","Shrug It Off"],"picked":"Inflame","floor":18},{"not_picked":["Thunderclap","Seeing Red"],"picked":"Havoc+1","floor":21},{"not_picked":["Rage","Shrug It Off"],"picked":"Disarm","floor":23},{"not_picked":["Twin Strike+1","Shrug It Off"],"picked":"Warcry+1","floor":24},{"not_picked":["Infernal Blade","Clothesline"],"picked":"True Grit","floor":25},{"not_picked":["Intimidate","Double Tap","Dual Wield"],"picked":"SKIP","floor":29},{"not_picked":["Body Slam","Armaments"],"picked":"Shrug It Off","floor":30},{"not_picked":["Dropkick","Body Slam","Thunderclap"],"picked":"SKIP","floor":31}],"player_experience":315729,"relics_obtained":[{"floor":7,"key":"Tiny Chest"},{"floor":14,"key":"Kunai"},{"floor":23,"key":"Ginger"},{"floor":25,"key":"Bronze Scales"},{"floor":26,"key":"Bag of Marbles"},{"floor":29,"key":"Thread and Needle"}],"event_choices":[{"damage_healed":0,"gold_gain":0,"player_choice":"Ignored","damage_taken":0,"max_hp_gain":0,"max_hp_loss":0,"event_name":"Liars Game","floor":11,"gold_loss":0},{"damage_healed":0,"gold_gain":0,"player_choice":"Donut","damage_taken":0,"max_hp_gain":5,"max_hp_loss":0,"event_name":"Big Fish","floor":12,"gold_loss":0},{"damage_healed":0,"gold_gain":0,"player_choice":"Grow","damage_taken":0,"max_hp_gain":0,"max_hp_loss":0,"event_name":"Living Wall","floor":13,"gold_loss":0,"cards_upgraded":["Shrug It Off"]},{"damage_healed":0,"gold_gain":0,"player_choice":"Joined the Cult","damage_taken":6,"max_hp_gain":0,"max_hp_loss":0,"event_name":"Nest","floor":19,"gold_loss":0,"cards_obtained":["RitualDagger"]},{"damage_healed":0,"gold_gain":0,"player_choice":"Simplicity","damage_taken":0,"max_hp_gain":0,"max_hp_loss":0,"event_name":"Back to Basics","floor":22,"gold_loss":0,"cards_upgraded":["Strike_R","Strike_R","Strike_R","Defend_R","Defend_R","Defend_R","Defend_R"]},{"damage_healed":0,"gold_gain":0,"cards_transformed":["Strike_R","Havoc"],"player_choice":"Became Test Subject","damage_taken":0,"max_hp_gain":0,"max_hp_loss":0,"event_name":"Drug Dealer","floor":27,"gold_loss":0,"cards_obtained":["Power Through","Clash"]}],"is_beta":false,"boss_relics":[{"not_picked":["Ectoplasm","Eternal Feather"],"picked":"Fusion Hammer"}],"items_purged_floors":[3,20],"is_endless":false,"potions_floor_spawned":[2,4,7,10,24,25,30],"killed_by":"Automaton","ascension_level":4}