{"gold_per_floor":[113,263,338,338,0,31,31,63,115,115,40,72,72,83,83,162,162,135,135,135,154,54,54,54],"floor_reached":24,"playtime":1338,"items_purged":["Doubt","Regret"],"score":477,"play_id":"777579a9-3400-479d-b6a3-ce9b35d0f636","local_time":"20190819115107","is_ascension_mode":true,"campfire_choices":[{"floor":7,"key":"RECALL"},{"floor":10,"key":"REST"},{"data":"Infinite Blades","floor":13,"key":"SMITH"},{"data":"Leg Sweep","floor":15,"key":"SMITH"},{"floor":23,"key":"REST"}],"neow_cost":"NONE","seed_source_timestamp":2953839167772,"circlet_count":0,"master_deck":["AscendersBane","Strike_G+1","Strike_G+1","Strike_G+1","Strike_G+1","Strike_G+1","Defend_G+1","Defend_G+1","Defend_G+1","Defend_G+1","Defend_G+1","Survivor","Neutralize","Leg Sweep+1","Dagger Throw","Escape Plan","Infinite Blades+1","Bullet Time","Backflip","Die Die Die","Flying Knee","Dodge and Roll"],"relics":["Ring of the Snake","NeowsBlessing","Matryoshka","Blue Candle","Sundial","Anchor","Omamori","Calling Bell","Centennial Puzzle","Question Card","Peace Pipe"],"potions_floor_usage":[12,16,24],"damage_taken":[{"damage":0,"enemies":"Small Slimes","floor":1,"turns":1},{"damage":0,"enemies":"3 Sentries","floor":6,"turns":1},{"damage":0,"enemies":"Lagavulin","floor":8,"turns":1},{"damage":16,"enemies":"3 Sentries","floor":12,"turns":10},{"damage":0,"enemies":"2 Louse","floor":14,"turns":2},{"damage":34,"enemies":"Hexaghost","floor":16,"turns":15},{"damage":7,"enemies":"2 Thieves","floor":18,"turns":4},{"damage":22,"enemies":"3 Byrds","floor":21,"turns":7},{"damage":57,"enemies":"Slavers","floor":24,"turns":5}],"seed_played":"-8493107393728141810","potions_obtained":[{"floor":6,"key":"Regen Potion"},{"floor":8,"key":"EssenceOfSteel"},{"floor":14,"key":"AttackPotion"}],"is_trial":false,"path_per_floor":["M","?","?","?","$","E","R","E","T","R","$","E","R","M","R","B",null,"M","?","?","M","$","R","E"],"character_chosen":"THE_SILENT","items_purchased":["Matryoshka","Infinite Blades"],"campfire_rested":2,"item_purchase_floors":[5,11],"current_hp_per_floor":[59,59,48,28,28,28,28,28,28,47,47,46,46,46,46,12,53,46,46,46,24,24,43,0],"gold":54,"neow_bonus":"THREE_ENEMY_KILL","is_prod":false,"is_daily":false,"chose_seed":false,"campfire_upgraded":2,"win_rate":0,"timestamp":1566240667,"path_taken":["M","?","?","?","$","E","R","E","T","R","?","E","R","M","R","BOSS","M","?","?","M","$","R","E"],"build_version":"2019-07-17","purchased_purges":2,"victory":false,"max_hp_per_floor":[66,66,66,66,66,66,66,66,66,66,66,66,66,66,66,66,66,66,66,66,66,66,66,66],"card_choices":[{"not_picked":["Flying Knee","Crippling Poison"],"picked":"Leg Sweep","floor":1},{"not_picked":["Acrobatics","Dodge and Roll"],"picked":"Dagger Throw","floor":6},{"not_picked":["Calculated Gamble","Catalyst"],"picked":"Escape Plan","floor":8},{"not_picked":["Acrobatics","Catalyst"],"picked":"Bullet Time","floor":12},{"not_picked":["Deflect","PiercingWail"],"picked":"Backflip","floor":14},{"not_picked":["Unload","Corpse Explosion"],"picked":"Die Die Die","floor":16},{"not_picked":["Poisoned Stab","Dodge and Roll","Calculated Gamble"],"picked":"Flying Knee","floor":18},{"not_picked":["Noxious Fumes","Deflect","PiercingWail"],"picked":"Dodge and Roll","floor":21}],"player_experience":694958,"relics_obtained":[{"floor":6,"key":"Blue Candle"},{"floor":8,"key":"Sundial"},{"floor":9,"key":"Anchor"},{"floor":12,"key":"Omamori"},{"floor":17,"key":"Centennial Puzzle"},{"floor":17,"key":"Question Card"},{"floor":17,"key":"Peace Pipe"}],"event_choices":[{"damage_healed":0,"gold_gain":150,"player_choice":"AGREE","damage_taken":0,"max_hp_gain":0,"max_hp_loss":0,"event_name":"Liars Game","floor":2,"gold_loss":0,"cards_obtained":["Doubt"]},{"damage_healed":0,"gold_gain":75,"player_choice":"Gather Gold","damage_taken":11,"max_hp_gain":0,"max_hp_loss":0,"event_name":"World of Goop","floor":3,"gold_loss":0},{"damage_healed":0,"gold_gain":0,"player_choice":"Entered Light","damage_taken":20,"max_hp_gain":0,"max_hp_loss":0,"event_name":"Shining Light","floor":4,"gold_loss":0,"cards_upgraded":["Defend_G","Strike_G"]},{"damage_healed":0,"gold_gain":0,"player_choice":"Ignored","damage_taken":0,"max_hp_gain":0,"max_hp_loss":0,"event_name":"Ghosts","floor":19,"gold_loss":0},{"damage_healed":0,"gold_gain":0,"player_choice":"Simplicity","damage_taken":0,"max_hp_gain":0,"max_hp_loss":0,"event_name":"Back to Basics","floor":20,"gold_loss":0,"cards_upgraded":["Strike_G","Strike_G","Strike_G","Strike_G","Defend_G","Defend_G","Defend_G","Defend_G"]}],"is_beta":false,"boss_relics":[{"not_picked":["Orrery","Runic Pyramid"],"picked":"Calling Bell"}],"items_purged_floors":[5,22],"is_endless":false,"potions_floor_spawned":[6,8,14],"killed_by":"Slavers","ascension_level":17}