{"gold_per_floor":[118,193,206,226,246,246,311,311,311,321,321],"floor_reached":11,"playtime":636,"items_purged":[],"score":75,"play_id":"d5db87b1-ae5d-4ac6-9a62-6b2e578475d1","local_time":"20181226143608","is_ascension_mode":false,"campfire_choices":[{"data":"Bash","floor":6,"key":"SMITH"}],"neow_cost":"NONE","seed_source_timestamp":264413774028733,"circlet_count":0,"master_deck":["Strike_R","Strike_R","Strike_R","Strike_R","Strike_R","Defend_R","Defend_R","Defend_R","Defend_R","Bash+1","Intimidate","Metallicize","Headbutt","Thunderclap","Barricade","Iron Wave"],"relics":["Burning Blood","Tiny Chest","Blue Candle","Dead Branch"],"potions_floor_usage":[7,10,11],"damage_taken":[{"damage":5,"enemies":"Small Slimes","floor":1,"turns":4},{"damage":6,"enemies":"Jaw Worm","floor":3,"turns":4},{"damage":8,"enemies":"2 Louse","floor":4,"turns":4},{"damage":2,"enemies":"Large Slime","floor":5,"turns":6},{"damage":22,"enemies":"Gremlin Nob","floor":7,"turns":5},{"damage":1,"enemies":"3 Louse","floor":10,"turns":4},{"damage":60,"enemies":"Lagavulin","floor":11,"turns":17}],"seed_played":"-7059706237677077552","potions_obtained":[{"floor":1,"key":"SkillPotion"},{"floor":4,"key":"AttackPotion"},{"floor":10,"key":"SpeedPotion"}],"is_trial":false,"path_per_floor":["M","?","M","M","M","R","E","T","T","M","E"],"character_chosen":"IRONCLAD","items_purchased":[],"campfire_rested":0,"item_purchase_floors":[],"current_hp_per_floor":[80,69,69,67,71,71,55,55,55,60,0],"gold":321,"neow_bonus":"THREE_CARDS","is_prod":false,"is_daily":false,"chose_seed":false,"campfire_upgraded":1,"win_rate":0,"timestamp":1545813368,"path_taken":["M","?","M","M","M","R","E","?","T","M","E"],"build_version":"2018-12-20","purchased_purges":0,"victory":false,"max_hp_per_floor":[80,80,80,80,80,80,80,80,80,80,80],"card_choices":[{"not_picked":["Perfected Strike","Flex"],"picked":"Intimidate","floor":0},{"not_picked":["Disarm","Warcry"],"picked":"Metallicize","floor":1},{"not_picked":["Flame Barrier","Uppercut"],"picked":"Headbutt","floor":3},{"not_picked":["Pommel Strike","Heavy Blade"],"picked":"Thunderclap","floor":4},{"not_picked":["Bloodletting","Body Slam","Corruption"],"picked":"SKIP","floor":5},{"not_picked":["Sentinel","Corruption"],"picked":"Barricade","floor":7},{"not_picked":["Havoc","Sword Boomerang"],"picked":"Iron Wave","floor":10}],"player_experience":419880,"relics_obtained":[{"floor":7,"key":"Tiny Chest"},{"floor":8,"key":"Blue Candle"},{"floor":9,"key":"Dead Branch"}],"event_choices":[{"damage_healed":0,"gold_gain":75,"player_choice":"Gather Gold","damage_taken":11,"max_hp_gain":0,"max_hp_loss":0,"event_name":"World of Goop","floor":2,"gold_loss":0}],"is_beta":false,"boss_relics":[],"items_purged_floors":[],"is_endless":false,"potions_floor_spawned":[1,4,10],"killed_by":"Lagavulin","ascension_level":0}