{"gold_per_floor":[111,131,148,113,113,146,146,163,189,204,279,358,417,447,447,550,550,567,551,551,551,551],"floor_reached":22,"playtime":809,"items_purged":[],"score":326,"play_id":"6b956da4-78dc-4c5e-b8a7-bfa8b565ce5c","local_time":"20190623133010","is_ascension_mode":true,"campfire_choices":[{"floor":7,"key":"REST"},{"floor":15,"key":"REST"}],"neow_cost":"TEN_PERCENT_HP_LOSS","seed_source_timestamp":234336088579107,"circlet_count":0,"master_deck":["AscendersBane","Defend_B","Defend_B","Defend_B","Defend_B","Zap","Dualcast","Echo Form","Compile Driver+1","Lockon","Conserve Battery","Go for the Eyes","Ball Lightning","Defragment","Undo","Consume","Core Surge","Leap","Compile Driver","Bite","Bite","Bite","Bite","Bite"],"relics":["Cracked Core","Anchor","Whetstone","PreservedInsect","Matryoshka","Bag of Marbles","Inserter","Enchiridion"],"potions_floor_usage":[6,13,16,18,19],"damage_taken":[{"damage":8,"enemies":"Jaw Worm","floor":1,"turns":4},{"damage":20,"enemies":"2 Louse","floor":2,"turns":3},{"damage":2,"enemies":"Small Slimes","floor":3,"turns":3},{"damage":28,"enemies":"Gremlin Nob","floor":6,"turns":4},{"damage":0,"enemies":"2 Fungi Beasts","floor":8,"turns":3},{"damage":0,"enemies":"Large Slime","floor":10,"turns":4},{"damage":5,"enemies":"3 Sentries","floor":13,"turns":3},{"damage":11,"enemies":"Lagavulin","floor":14,"turns":6},{"damage":32,"enemies":"Slime Boss","floor":16,"turns":9},{"damage":27,"enemies":"Shell Parasite","floor":18,"turns":8},{"damage":6,"enemies":"2 Thieves","floor":19,"turns":4},{"damage":8,"enemies":"Snecko","floor":22,"turns":2}],"seed_played":"-3559847663337748930","potions_obtained":[{"floor":3,"key":"PowerPotion"},{"floor":6,"key":"AttackPotion"},{"floor":8,"key":"Strength Potion"},{"floor":16,"key":"PowerPotion"},{"floor":18,"key":"Block Potion"}],"is_trial":false,"path_per_floor":["M","M","M","?","?","E","R","M","T","M","?","?","?","E","R","B",null,"M","M","?","?","M"],"character_chosen":"DEFECT","items_purchased":[],"campfire_rested":2,"item_purchase_floors":[],"current_hp_per_floor":[60,40,38,55,52,24,44,44,44,44,33,33,28,17,37,5,52,25,19,19,3,0],"gold":551,"neow_bonus":"THREE_RARE_CARDS","is_prod":false,"is_daily":false,"chose_seed":false,"campfire_upgraded":0,"win_rate":0,"timestamp":1561314610,"path_taken":["M","M","M","?","?","E","R","M","T","M","?","?","?","E","R","BOSS","M","M","?","?","M"],"build_version":"2019-01-23","purchased_purges":0,"victory":false,"max_hp_per_floor":[68,68,68,68,68,68,68,68,68,68,68,68,68,68,68,68,68,68,68,47,47,47],"card_choices":[{"not_picked":["Core Surge","Amplify"],"picked":"Echo Form","floor":0},{"not_picked":["Chill","Darkness"],"picked":"Compile Driver","floor":1},{"not_picked":["Gash","Beam Cell"],"picked":"Lockon","floor":2},{"not_picked":["Compile Driver","Undo"],"picked":"Conserve Battery","floor":3},{"not_picked":["Redo","Capacitor"],"picked":"Go for the Eyes","floor":6},{"not_picked":["Defragment","Steam"],"picked":"Ball Lightning","floor":8},{"not_picked":["Go for the Eyes","Storm"],"picked":"Defragment","floor":10},{"not_picked":["Go for the Eyes","Steam"],"picked":"Undo","floor":13},{"not_picked":["Force Field","Stack"],"picked":"Consume","floor":14},{"not_picked":["Hyperbeam","Amplify"],"picked":"Core Surge","floor":16},{"not_picked":["Chill","Double Energy"],"picked":"Leap","floor":18},{"not_picked":["Aggregate","Redo"],"picked":"Compile Driver","floor":19}],"player_experience":273529,"relics_obtained":[{"floor":6,"key":"Whetstone"},{"floor":9,"key":"PreservedInsect"},{"floor":13,"key":"Matryoshka"},{"floor":14,"key":"Bag of Marbles"},{"floor":21,"key":"Enchiridion"}],"event_choices":[{"damage_healed":17,"gold_gain":0,"player_choice":"Healed","damage_taken":0,"max_hp_gain":0,"max_hp_loss":0,"event_name":"The Cleric","floor":4,"gold_loss":35},{"damage_healed":0,"gold_gain":0,"player_choice":"Success","damage_taken":3,"relics_obtained":["Anchor"],"max_hp_gain":0,"max_hp_loss":0,"event_name":"Scrap Ooze","floor":5,"gold_loss":0},{"damage_healed":0,"gold_gain":75,"player_choice":"Gather Gold","damage_taken":11,"max_hp_gain":0,"max_hp_loss":0,"event_name":"World of Goop","floor":11,"gold_loss":0},{"damage_healed":0,"gold_gain":79,"player_choice":"Gained Gold","damage_taken":0,"max_hp_gain":0,"max_hp_loss":0,"event_name":"Golden Wing","floor":12,"gold_loss":0},{"damage_healed":0,"gold_gain":30,"player_choice":"Searched \u00273\u0027 times","damage_taken":0,"max_hp_gain":0,"max_hp_loss":0,"event_name":"Dead Adventurer","floor":13,"gold_loss":0},{"damage_healed":0,"gold_gain":0,"player_choice":"Became a vampire","damage_taken":0,"max_hp_gain":0,"max_hp_loss":21,"event_name":"Vampires","floor":20,"gold_loss":0,"cards_obtained":["Bite","Bite","Bite","Bite","Bite"]},{"damage_healed":0,"gold_gain":0,"player_choice":"Obtained Book","damage_taken":16,"max_hp_gain":0,"max_hp_loss":0,"event_name":"Cursed Tome","floor":21,"gold_loss":0}],"is_beta":false,"boss_relics":[{"not_picked":["Runic Dome","Philosopher\u0027s Stone"],"picked":"Inserter"}],"items_purged_floors":[],"is_endless":false,"potions_floor_spawned":[3,6,8,16,18],"killed_by":"Snecko","ascension_level":11}