{"gold_per_floor":[110,130,143,156,13,44,44,22,22,22,197,197,197,236,236,366,429,452,154,169,194,69,69,22,36,36,36],"floor_reached":27,"playtime":1088,"items_purged":["Strike_B","Defend_B","Strike_B"],"score":271,"play_id":"80178518-e220-49ba-b3ed-ae42fc7a5748","local_time":"20181117173023","is_ascension_mode":false,"campfire_choices":[{"data":"Loop","floor":7,"key":"SMITH"},{"data":"Zap","floor":13,"key":"SMITH"},{"floor":15,"key":"REST"},{"data":"Machine Learning","floor":23,"key":"SMITH"}],"neow_cost":"NONE","seed_source_timestamp":317430596652507,"circlet_count":0,"master_deck":["Strike_B","Strike_B","Defend_B","Defend_B","Defend_B","Zap+1","Dualcast","Beam Cell+1","Steam","Static Discharge","Capacitor","Loop+1","Steam Power","Cold Snap","Doubt","Cold Snap","Zap+1","Steam Power","Machine Learning+1","Hello World","Compile Driver","Turbo","Secret Technique","Turbo","Force Field+1","Sweeping Beam","FTL"],"relics":["Cracked Core","Letter Opener","Ornamental Fan","Golden Idol","Anchor","Tiny House","Regal Pillow"],"potions_floor_usage":[14,16,16,21,27,27],"damage_taken":[{"damage":0,"enemies":"Small Slimes","floor":1,"turns":4},{"damage":3,"enemies":"2 Louse","floor":2,"turns":3},{"damage":0,"enemies":"Cultist","floor":3,"turns":4},{"damage":8,"enemies":"Lots of Slimes","floor":4,"turns":3},{"damage":34,"enemies":"3 Sentries","floor":6,"turns":6},{"damage":27,"enemies":"Lagavulin","floor":14,"turns":5},{"damage":0,"enemies":"Slime Boss","floor":16,"turns":7},{"damage":10,"enemies":"3 Byrds","floor":18,"turns":4},{"damage":28,"enemies":"2 Thieves","floor":20,"turns":4},{"damage":20,"enemies":"3 Cultists","floor":21,"turns":5},{"damage":13,"enemies":"Centurion and Healer","floor":25,"turns":9},{"damage":3,"enemies":"Snecko","floor":27,"turns":2}],"seed_played":"1912531563921577641","potions_obtained":[{"floor":2,"key":"AttackPotion"},{"floor":4,"key":"GamblersBrew"},{"floor":6,"key":"Swift Potion"},{"floor":17,"key":"Poison Potion"},{"floor":18,"key":"SpeedPotion"},{"floor":20,"key":"SteroidPotion"},{"floor":21,"key":"Fire Potion"}],"is_trial":false,"path_per_floor":["M","M","M","M","$","E","R","$","T","?","?","?","R","E","R","B",null,"M","$","M","M","$","R","$","M","T","M"],"character_chosen":"DEFECT","items_purchased":["Loop","Cold Snap","Turbo","Secret Technique","Sweeping Beam"],"campfire_rested":1,"item_purchase_floors":[5,8,19,19,24],"current_hp_per_floor":[75,72,72,64,64,30,30,30,30,30,30,30,30,3,23,23,74,64,64,36,16,16,16,16,3,3,0],"gold":36,"neow_bonus":"UPGRADE_CARD","is_prod":false,"is_daily":false,"chose_seed":false,"campfire_upgraded":3,"win_rate":0.0,"timestamp":1542493823,"path_taken":["M","M","M","M","$","E","R","$","T","?","?","?","R","E","R","BOSS","M","$","M","M","$","R","$","M","T","M"],"build_version":"2018-11-15","purchased_purges":3,"victory":false,"max_hp_per_floor":[75,75,75,75,75,75,75,75,75,69,69,69,69,69,69,69,74,74,74,74,74,74,74,74,74,74,74],"card_choices":[{"not_picked":["Compile Driver","Rebound"],"picked":"Beam Cell","floor":1},{"not_picked":["Leap","Stack"],"picked":"Steam","floor":2},{"not_picked":["Turbo","Sweeping Beam"],"picked":"Static Discharge","floor":3},{"not_picked":["Barrage","Coolheaded"],"picked":"Capacitor","floor":4},{"not_picked":["Melter","Cold Snap"],"picked":"Steam Power","floor":6},{"not_picked":["Undo","Multi-Cast"],"picked":"Steam Power","floor":14},{"not_picked":["Amplify","Creative AI"],"picked":"Machine Learning","floor":16},{"not_picked":["Redo","Conserve Battery"],"picked":"Hello World","floor":17},{"not_picked":["Fusion","Streamline"],"picked":"Compile Driver","floor":18},{"not_picked":["Barrage","Sweeping Beam"],"picked":"Turbo","floor":20},{"not_picked":["Gash","Coolheaded"],"picked":"Force Field+1","floor":21},{"not_picked":["Cold Snap","Creative AI"],"picked":"FTL","floor":25}],"player_experience":115034,"relics_obtained":[{"floor":6,"key":"Letter Opener"},{"floor":9,"key":"Ornamental Fan"},{"floor":14,"key":"Anchor"},{"floor":26,"key":"Regal Pillow"}],"event_choices":[{"damage_healed":0,"gold_gain":0,"player_choice":"Lose Max HP","damage_taken":0,"relics_obtained":["Golden Idol"],"max_hp_gain":0,"max_hp_loss":6,"event_name":"Golden Idol","floor":10,"gold_loss":0},{"damage_healed":0,"gold_gain":175,"player_choice":"AGREE","damage_taken":0,"max_hp_gain":0,"max_hp_loss":0,"event_name":"Liars Game","floor":11,"gold_loss":0,"cards_obtained":["Doubt"]},{"damage_healed":0,"gold_gain":0,"player_choice":"2 cards matched","damage_taken":0,"max_hp_gain":0,"max_hp_loss":0,"event_name":"Match and Keep!","floor":12,"gold_loss":0,"cards_obtained":["Cold Snap","Zap"]}],"is_beta":false,"boss_relics":[{"not_picked":["Cursed Key","Busted Crown"],"picked":"Tiny House"}],"items_purged_floors":[5,19,22],"is_endless":false,"potions_floor_spawned":[2,4,6,18,20,21],"killed_by":"Snecko","ascension_level":0}