{"gold_per_floor":[118,138,22,22,22,22,47,47,47,60,92,158,39,99,99,171,171,148,73,87,106,125,125,159,159,205,267,279],"floor_reached":28,"playtime":1299,"items_purged":["Pain"],"score":546,"play_id":"37b0e464-3e0c-4f49-a728-e2a6b988d49a","local_time":"20190818175954","is_ascension_mode":true,"campfire_choices":[{"data":"Cloak And Dagger","floor":6.0,"key":"SMITH"},{"data":"Strike_G","floor":8.0,"key":"PURGE"},{"floor":15.0,"key":"REST"},{"floor":23,"key":"REST"},{"floor":25,"key":"REST"}],"neow_cost":"NONE","seed_source_timestamp":142159802189600,"circlet_count":0,"master_deck":["AscendersBane","Strike_G","Strike_G","Strike_G","Strike_G+1","Defend_G","Defend_G+1","Defend_G","Defend_G","Defend_G+1","Survivor","Neutralize","Cloak And Dagger+1","Cloak And Dagger+1","Finisher","Footwork","Flying Knee","Accuracy","Deflect","Dodge and Roll","Blur","After Image","Injury","Writhe","Terror","Blade Dance","All Out Attack","Calculated Gamble","Finisher","Writhe"],"special_seed":0,"relics":["Ring of the Snake","NeowsBlessing","SsserpentHead","Peace Pipe","Mercury Hourglass","Happy Flower","Pen Nib","Calling Bell","Blood Vial","Blue Candle","Torii","Unceasing Top","MawBank","War Paint"],"potions_floor_usage":[22],"damage_taken":[{"damage":0.0,"enemies":"Jaw Worm","floor":1.0,"turns":1.0},{"damage":0.0,"enemies":"Small Slimes","floor":2.0,"turns":1.0},{"damage":0.0,"enemies":"3 Sentries","floor":7.0,"turns":1.0},{"damage":0.0,"enemies":"Cultist","floor":10.0,"turns":2.0},{"damage":34.0,"enemies":"Gremlin Nob","floor":11.0,"turns":5.0},{"damage":0.0,"enemies":"Lots of Slimes","floor":12.0,"turns":3.0},{"damage":2.0,"enemies":"Blue Slaver","floor":14.0,"turns":4.0},{"damage":15.0,"enemies":"The Guardian","floor":16.0,"turns":14.0},{"damage":15.0,"enemies":"2 Thieves","floor":18.0,"turns":4.0},{"damage":24.0,"enemies":"Chosen","floor":20.0,"turns":7.0},{"damage":1.0,"enemies":"Centurion and Healer","floor":21.0,"turns":6.0},{"damage":10,"enemies":"Snake Plant","floor":22,"turns":6},{"damage":29,"enemies":"Book of Stabbing","floor":24,"turns":8},{"damage":24,"enemies":"Slavers","floor":28,"turns":2}],"seed_played":"-4251119588637885093","potions_obtained":[{"floor":2.0,"key":"Dexterity Potion"},{"floor":11.0,"key":"Energy Potion"},{"floor":12.0,"key":"LiquidBronze"},{"floor":18.0,"key":"SpeedPotion"},{"floor":20.0,"key":"GamblersBrew"}],"is_trial":false,"path_per_floor":["M","M","$","?","?","R","E","R","T","M","E","M","$","M","R","B",null,"M","$","M","M","M","R","E","R","T","?","E"],"character_chosen":"THE_SILENT","items_purchased":["Finisher","Footwork","Pen Nib"],"campfire_rested":3,"item_purchase_floors":[3,3,13],"current_hp_per_floor":[59,59,59,39,39,39,39,39,39,39,5,5,5,3,22,7,51,38,38,16,17,9,28,1,20,20,20,0],"gold":279,"neow_bonus":"THREE_ENEMY_KILL","is_prod":false,"is_daily":false,"chose_seed":false,"campfire_upgraded":1,"win_rate":0,"timestamp":1566143994,"path_taken":["M","M","$","?","?","R","E","R","T","M","E","?","?","?","R","BOSS","M","$","M","M","M","R","E","R","T","?","E"],"build_version":"2019-07-17","purchased_purges":1,"victory":false,"max_hp_per_floor":[66,66,66,66,66,66,66,66,66,66,66,66,66,66,66,66,66,66,66,66,66,66,66,66,66,66,66,66],"card_choices":[{"not_picked":["Setup","Flying Knee"],"picked":"Cloak And Dagger","floor":1.0},{"not_picked":["Expertise","Flying Knee"],"picked":"Cloak And Dagger","floor":2.0},{"not_picked":["Heel Hook","Catalyst"],"picked":"Flying Knee","floor":7.0},{"not_picked":["Bane","Backflip"],"picked":"Accuracy","floor":10.0},{"not_picked":["Underhanded Strike","Riddle With Holes"],"picked":"Deflect","floor":11.0},{"not_picked":["Cloak And Dagger","Blade Dance"],"picked":"Dodge and Roll","floor":12.0},{"not_picked":["Distraction","Choke"],"picked":"Blur","floor":14.0},{"not_picked":["Unload","Storm of Steel"],"picked":"After Image","floor":16.0},{"not_picked":["Flying Knee","Quick Slash"],"picked":"Terror","floor":18.0},{"not_picked":["Backflip","Dagger Spray"],"picked":"Blade Dance","floor":20.0},{"not_picked":["Acrobatics","Noxious Fumes"],"picked":"All Out Attack","floor":21.0},{"not_picked":["Slice","Escape Plan"],"picked":"Calculated Gamble","floor":22},{"not_picked":["Grand Finale","Crippling Poison+1"],"picked":"Finisher","floor":24}],"player_experience":1130705,"relics_obtained":[{"floor":7.0,"key":"Peace Pipe"},{"floor":9.0,"key":"Mercury Hourglass"},{"floor":11.0,"key":"Happy Flower"},{"floor":17.0,"key":"Blood Vial"},{"floor":17.0,"key":"Blue Candle"},{"floor":17.0,"key":"Torii"},{"floor":24,"key":"Unceasing Top"},{"floor":26,"key":"MawBank"}],"event_choices":[{"damage_healed":0.0,"max_hp_gain":0.0,"max_hp_loss":0.0,"gold_gain":0.0,"event_name":"Shining Light","player_choice":"Entered Light","floor":4.0,"gold_loss":0.0,"damage_taken":20.0,"cards_upgraded":["Defend_G","Strike_G"]},{"damage_healed":0.0,"max_hp_gain":0.0,"max_hp_loss":0.0,"gold_gain":0.0,"event_name":"FaceTrader","player_choice":"Trade","floor":5.0,"gold_loss":0.0,"damage_taken":0.0,"relics_obtained":["SsserpentHead"]},{"damage_healed":0,"gold_gain":0,"player_choice":"Opened","damage_taken":0,"relics_obtained":["War Paint"],"max_hp_gain":0,"max_hp_loss":0,"event_name":"The Mausoleum","floor":27,"gold_loss":0,"cards_obtained":["Writhe"]}],"is_beta":false,"boss_relics":[{"not_picked":["Runic Pyramid","Busted Crown"],"picked":"Calling Bell"}],"items_purged_floors":[19],"is_endless":false,"potions_floor_spawned":[2,11,12,18,20],"killed_by":"Slavers","ascension_level":20}