{"gold_per_floor":[113,113,124,138,138,138,165,165,165,229,229,264,282,282,282,360,360,370,370,213,213,64,64],"floor_reached":23,"playtime":810,"items_purged":["Strike_B","Strike_B"],"score":359,"play_id":"01a1fac7-6c51-4e5a-9b1b-096f6451ad51","local_time":"20190810130256","is_ascension_mode":true,"campfire_choices":[{"floor":6.0,"key":"REST"},{"floor":8.0,"key":"REST"},{"floor":11.0,"key":"REST"},{"floor":15.0,"key":"REST"}],"neow_cost":"TEN_PERCENT_HP_LOSS","seed_source_timestamp":408485450669777,"circlet_count":0,"master_deck":["AscendersBane","Strike_B+1","Defend_B","Defend_B","Defend_B","Defend_B+1","Zap","Dualcast","Coolheaded","Gash","Compile Driver","Defragment","Conserve Battery","Rip and Tear","Buffer","Auto Shields","Self Repair","Gash"],"special_seed":0,"relics":["Cracked Core","Pocketwatch","Peace Pipe","Question Card","Tiny Chest","Bottled Tornado","Velvet Choker","Sundial"],"potions_floor_usage":[23],"damage_taken":[{"damage":7.0,"enemies":"Jaw Worm","floor":1.0,"turns":4.0},{"damage":12.0,"enemies":"Small Slimes","floor":3.0,"turns":2.0},{"damage":1.0,"enemies":"2 Louse","floor":4.0,"turns":2.0},{"damage":33.0,"enemies":"Lagavulin","floor":7.0,"turns":8.0},{"damage":17.0,"enemies":"3 Sentries","floor":10.0,"turns":10.0},{"damage":17.0,"enemies":"Lagavulin","floor":12.0,"turns":9.0},{"damage":4.0,"enemies":"Red Slaver","floor":13.0,"turns":4.0},{"damage":12.0,"enemies":"The Guardian","floor":16.0,"turns":14.0},{"damage":17,"enemies":"Shell Parasite","floor":18,"turns":6},{"damage":46,"enemies":"Slavers","floor":23,"turns":3}],"seed_played":"-6401448355725756821","potions_obtained":[{"floor":12.0,"key":"SpeedPotion"},{"floor":16.0,"key":"Ancient Potion"}],"is_trial":false,"path_per_floor":["M","?","M","M","?","R","E","R","T","E","R","E","M","?","R","B",null,"M","T","$","?","$","E"],"character_chosen":"DEFECT","items_purchased":["Self Repair","Gash"],"campfire_rested":4,"item_purchase_floors":[20,22],"current_hp_per_floor":[57,38,26,25,25,44,11,30,30,13,32,15,11,11,30,18,53,36,36,36,36,36,0],"gold":64,"neow_bonus":"ONE_RARE_RELIC","is_prod":false,"is_daily":false,"chose_seed":false,"campfire_upgraded":0,"win_rate":0,"timestamp":1565456576,"path_taken":["M","?","M","M","?","R","E","R","T","E","R","E","M","?","R","BOSS","M","?","$","?","$","E"],"build_version":"2019-07-17","purchased_purges":2,"victory":false,"max_hp_per_floor":[64,64,64,64,64,64,64,64,64,64,64,64,64,64,64,64,64,64,64,64,64,64,64],"card_choices":[{"not_picked":["Ball Lightning","Go for the Eyes"],"picked":"Coolheaded","floor":1.0},{"not_picked":["Hello World","Go for the Eyes"],"picked":"Gash","floor":3.0},{"not_picked":["BootSequence","Redo","Fusion"],"picked":"SKIP","floor":4.0},{"not_picked":["Redo","Turbo"],"picked":"Compile Driver","floor":7.0},{"not_picked":["Fission","Reprogram","Leap"],"picked":"Defragment","floor":10.0},{"not_picked":["Turbo","Rebound","Consume"],"picked":"Conserve Battery","floor":12.0},{"not_picked":["Steam","Go for the Eyes","Hologram","BootSequence"],"picked":"SKIP","floor":13.0},{"not_picked":["Seek","Multi-Cast","Reboot"],"picked":"Buffer","floor":16.0},{"not_picked":["Streamline","Melter+1","Darkness"],"picked":"Auto Shields","floor":18}],"player_experience":773053,"relics_obtained":[{"floor":7.0,"key":"Peace Pipe"},{"floor":9.0,"key":"Question Card"},{"floor":10.0,"key":"Tiny Chest"},{"floor":12.0,"key":"Bottled Tornado"},{"floor":19,"key":"Sundial"}],"event_choices":[{"damage_healed":0.0,"max_hp_gain":0.0,"max_hp_loss":0.0,"gold_gain":0.0,"event_name":"Shining Light","player_choice":"Entered Light","floor":2.0,"gold_loss":0.0,"damage_taken":19.0,"cards_upgraded":["Strike_B","Defend_B"]},{"damage_healed":0.0,"max_hp_gain":0.0,"max_hp_loss":0.0,"gold_gain":0.0,"event_name":"Liars Game","player_choice":"Ignored","floor":5.0,"gold_loss":0.0,"damage_taken":0.0},{"damage_healed":0.0,"max_hp_gain":0.0,"max_hp_loss":0.0,"gold_gain":0.0,"cards_transformed":["Strike_B"],"event_name":"Transmorgrifier","player_choice":"Transformed","floor":14.0,"gold_loss":0.0,"damage_taken":0.0,"cards_obtained":["Rip and Tear"]},{"damage_healed":0,"gold_gain":0,"player_choice":"Ignored","damage_taken":0,"max_hp_gain":0,"max_hp_loss":0,"event_name":"Vampires","floor":21,"gold_loss":0}],"is_beta":false,"boss_relics":[{"not_picked":["Runic Dome","Ectoplasm"],"picked":"Velvet Choker"}],"items_purged_floors":[20,22],"is_endless":false,"potions_floor_spawned":[12,16],"killed_by":"Slavers","ascension_level":15}