{"gold_per_floor":[113,113,123,123,141,141,166,183,183,183,195,225,237,252,252,349,349,361,411,422,437,437],"floor_reached":22,"playtime":1318,"items_purged":[],"score":240,"play_id":"d26ae319-5c6e-4e9d-926d-1421992418ff","local_time":"20190310004630","is_ascension_mode":true,"campfire_choices":[{"data":"Bash","floor":6,"key":"SMITH"},{"floor":15,"key":"REST"}],"neow_cost":"NONE","seed_source_timestamp":771368369723666,"circlet_count":0,"master_deck":["Strike_R","Strike_R","Strike_R","Strike_R","Strike_R","Defend_R","Defend_R","Defend_R","Defend_R","Bash+1","Armaments+1","Rampage","Clothesline","Dark Embrace","Flame Barrier","Shockwave","Headbutt","Anger","Feel No Pain","Demon Form","Corruption","Ghostly Armor","True Grit","Body Slam","Body Slam","Searing Blow","Ghostly Armor+1"],"relics":["Burning Blood","Champion Belt","Nunchaku","Girya","Orrery"],"potions_floor_usage":[8,21,21,21,22],"damage_taken":[{"damage":1,"enemies":"2 Louse","floor":1,"turns":2},{"damage":0,"enemies":"Small Slimes","floor":3,"turns":3},{"damage":6,"enemies":"Cultist","floor":5,"turns":3},{"damage":25,"enemies":"3 Sentries","floor":7,"turns":8},{"damage":42,"enemies":"Gremlin Gang","floor":8,"turns":6},{"damage":13,"enemies":"Large Slime","floor":11,"turns":7},{"damage":18,"enemies":"Gremlin Nob","floor":12,"turns":4},{"damage":8,"enemies":"Looter","floor":13,"turns":3},{"damage":16,"enemies":"Exordium Wildlife","floor":14,"turns":5},{"damage":44,"enemies":"The Guardian","floor":16,"turns":11},{"damage":54,"enemies":"3 Byrds","floor":18,"turns":7},{"damage":38,"enemies":"Shell Parasite","floor":20,"turns":8},{"damage":0,"enemies":"Cultist and Chosen","floor":21,"turns":7},{"damage":19,"enemies":"Centurion and Healer","floor":22,"turns":2}],"seed_played":"-1660704979438317866","potions_obtained":[{"floor":8,"key":"Fruit Juice"},{"floor":12,"key":"GamblersBrew"},{"floor":13,"key":"Swift Potion"},{"floor":14,"key":"PowerPotion"},{"floor":21,"key":"AttackPotion"}],"is_trial":false,"path_per_floor":["M","?","M","?","M","R","E","M","T","?","M","E","M","M","R","B",null,"M","?","M","M","M"],"character_chosen":"IRONCLAD","items_purchased":[],"campfire_rested":1,"item_purchase_floors":[],"current_hp_per_floor":[88,88,88,88,88,88,69,38,38,69,62,50,48,38,65,27,93,45,45,13,19,0],"gold":437,"neow_bonus":"TEN_PERCENT_HP_BONUS","is_prod":false,"is_daily":false,"chose_seed":false,"campfire_upgraded":1,"win_rate":0,"timestamp":1552196790,"path_taken":["M","?","M","?","M","R","E","M","T","?","M","E","M","M","R","BOSS","M","?","?","?","M"],"build_version":"2019-01-23","purchased_purges":0,"victory":false,"max_hp_per_floor":[88,88,88,88,88,88,88,93,93,93,93,93,93,93,93,93,93,93,93,93,93,93],"card_choices":[{"not_picked":["Heavy Blade","Sword Boomerang"],"picked":"Armaments","floor":1},{"not_picked":["Dual Wield","Dropkick"],"picked":"Rampage","floor":3},{"not_picked":["Sentinel","Clash"],"picked":"Clothesline","floor":5},{"not_picked":["Pummel","Armaments"],"picked":"Dark Embrace","floor":7},{"not_picked":["Perfected Strike","Feel No Pain"],"picked":"Flame Barrier","floor":8},{"not_picked":["Warcry","Iron Wave"],"picked":"Shockwave","floor":11},{"not_picked":["Flex","Clothesline"],"picked":"Headbutt","floor":12},{"not_picked":["Reckless Charge","Iron Wave"],"picked":"Anger","floor":13},{"not_picked":["Sword Boomerang","Heavy Blade"],"picked":"Feel No Pain","floor":14},{"not_picked":["Fiend Fire","Impervious"],"picked":"Demon Form","floor":16},{"not_picked":["Clash","Whirlwind"],"picked":"Corruption","floor":17},{"not_picked":["Second Wind","Dropkick"],"picked":"Ghostly Armor","floor":17},{"not_picked":["Sentinel","Clash"],"picked":"True Grit","floor":17},{"not_picked":["Sword Boomerang","Pommel Strike"],"picked":"Body Slam","floor":17},{"not_picked":["Reckless Charge","Sever Soul"],"picked":"Body Slam","floor":17},{"not_picked":["Rampage","Clash"],"picked":"Searing Blow","floor":18},{"not_picked":["Wild Strike+1","Hemokinesis","Rupture"],"picked":"SKIP","floor":20},{"not_picked":["Iron Wave","Wild Strike+1"],"picked":"Ghostly Armor+1","floor":21}],"player_experience":320169,"relics_obtained":[{"floor":7,"key":"Champion Belt"},{"floor":9,"key":"Nunchaku"},{"floor":12,"key":"Girya"}],"event_choices":[{"damage_healed":0,"gold_gain":0,"player_choice":"Ignored","damage_taken":0,"max_hp_gain":0,"max_hp_loss":0,"event_name":"Liars Game","floor":2,"gold_loss":0},{"damage_healed":0,"gold_gain":0,"player_choice":"Grow","damage_taken":0,"max_hp_gain":0,"max_hp_loss":0,"event_name":"Living Wall","floor":4,"gold_loss":0,"cards_upgraded":["Armaments"]},{"damage_healed":31,"gold_gain":0,"player_choice":"Banana","damage_taken":0,"max_hp_gain":0,"max_hp_loss":0,"event_name":"Big Fish","floor":10,"gold_loss":0},{"damage_healed":0,"gold_gain":100,"player_choice":"Bet on Murderer","damage_taken":0,"max_hp_gain":0,"max_hp_loss":0,"event_name":"The Joust","floor":19,"gold_loss":50}],"is_beta":false,"boss_relics":[{"not_picked":["Calling Bell","White Beast Statue"],"picked":"Orrery"}],"items_purged_floors":[],"is_endless":false,"potions_floor_spawned":[8,12,13,14,20,21],"killed_by":"Centurion and Healer","ascension_level":4}