{"gold_per_floor":[214,230,73,89,105,131,148,179,179,199,229,246,246,421,421,525,525,537,537,20,46,66,66,86,86,86,121,121,153,171,181,181,278,278,294,348,3,22,98,132,145,145,145,145],"floor_reached":44,"playtime":3333,"items_purged":["Defend_R","Strike_R"],"score":675,"play_id":"4effe596-5128-4fe0-9c4f-36629cd0d174","local_time":"20190817104850","is_ascension_mode":true,"campfire_choices":[{"data":"Uppercut","floor":13.0,"key":"SMITH"},{"data":"Feed","floor":15.0,"key":"SMITH"},{"data":"Carnage","floor":23,"key":"SMITH"},{"data":"Disarm","floor":25,"key":"SMITH"},{"data":"Armaments","floor":32,"key":"SMITH"},{"data":"RitualDagger","floor":42,"key":"SMITH"}],"neow_cost":"NONE","seed_source_timestamp":0,"circlet_count":0,"master_deck":["Strike_R","Strike_R","Defend_R","Defend_R","Defend_R+1","Bash","Rage","Uppercut+1","Infernal Blade","Armaments+1","Disarm+1","Carnage+1","True Grit","Feed+1","Immolate","Disarm","Doubt","Immolate","Steam","Bouncing Flask+1","Conserve Battery+1","Sunder+1","RitualDagger+1","PiercingWail","Malaise+1","Bandage Up+1","Beam Cell+1","Footwork"],"special_seed":0,"relics":["Burning Blood","Happy Flower","Dodecahedron","Pantograph","Sundial","Eternal Feather","Enchiridion","PrismaticShard","Ginger","Red Mask","Bag of Marbles","Gambling Chip","Boot","Empty Cage","FossilizedHelix","Kunai","Meat on the Bone","War Paint"],"potions_floor_usage":[21,29,31,33,33,40,44],"damage_taken":[{"damage":19.0,"enemies":"Jaw Worm","floor":1.0,"turns":5.0},{"damage":2.0,"enemies":"2 Louse","floor":2.0,"turns":3.0},{"damage":5.0,"enemies":"Small Slimes","floor":4.0,"turns":3.0},{"damage":6.0,"enemies":"3 Louse","floor":5.0,"turns":4.0},{"damage":24.0,"enemies":"Gremlin Nob","floor":6.0,"turns":4.0},{"damage":14.0,"enemies":"Exordium Wildlife","floor":7.0,"turns":4.0},{"damage":13.0,"enemies":"Lagavulin","floor":8.0,"turns":6.0},{"damage":7.0,"enemies":"Large Slime","floor":10.0,"turns":5.0},{"damage":21.0,"enemies":"3 Sentries","floor":11.0,"turns":9.0},{"damage":13.0,"enemies":"Blue Slaver","floor":12.0,"turns":4.0},{"damage":20.0,"enemies":"Hexaghost","floor":16.0,"turns":9.0},{"damage":13.0,"enemies":"3 Byrds","floor":18.0,"turns":4.0},{"damage":0,"enemies":"Masked Bandits","floor":21,"turns":2},{"damage":15,"enemies":"Spheric Guardian","floor":22,"turns":5},{"damage":30,"enemies":"Snake Plant","floor":24,"turns":5},{"damage":13,"enemies":"Slavers","floor":27,"turns":5},{"damage":25,"enemies":"Gremlin Leader","floor":29,"turns":7},{"damage":3,"enemies":"3 Cultists","floor":30,"turns":2},{"damage":11,"enemies":"Centurion and Healer","floor":31,"turns":3},{"damage":93,"enemies":"Champ","floor":33,"turns":13},{"damage":2,"enemies":"Orb Walker","floor":35,"turns":2},{"damage":51,"enemies":"2 Orb Walkers","floor":36,"turns":5},{"damage":24,"enemies":"3 Shapes","floor":38,"turns":3},{"damage":34,"enemies":"Nemesis","floor":40,"turns":7},{"damage":43,"enemies":"Spire Growth","floor":41,"turns":5},{"damage":47,"enemies":"Giant Head","floor":44,"turns":6}],"seed_played":"-4539507998723304778","potions_obtained":[{"floor":2.0,"key":"EssenceOfSteel"},{"floor":4.0,"key":"BloodPotion"},{"floor":6.0,"key":"PowerPotion"},{"floor":10.0,"key":"Poison Potion"},{"floor":12.0,"key":"SteroidPotion"},{"floor":27,"key":"Poison Potion"},{"floor":29,"key":"Fire Potion"},{"floor":31,"key":"LiquidBronze"},{"floor":33,"key":"Poison Potion"},{"floor":35,"key":"SpeedPotion"},{"floor":41,"key":"Fire Potion"}],"is_trial":false,"path_per_floor":["M","M","$","M","M","E","M","E","T","M","E","M","R","?","R","B",null,"M","?","$","?","M","R","M","R","T","E","?","E","M","M","R","B",null,"M","?","$","M","T","E","M","R","T","E"],"character_chosen":"IRONCLAD","items_purchased":["Infernal Blade","PrismaticShard","Ginger","Kunai"],"campfire_rested":0,"item_purchase_floors":[3,20,20,37],"current_hp_per_floor":[67,71,71,72,72,54,46,39,39,38,27,23,23,23,23,34,87,84,68,68,74,69,81,61,73,73,70,64,45,52,47,62,20,107,107,62,62,50,50,40,25,40,40,0],"gold":145,"neow_bonus":"HUNDRED_GOLD","is_prod":false,"is_daily":false,"chose_seed":false,"campfire_upgraded":6,"win_rate":0,"timestamp":1566056930,"path_taken":["M","M","$","M","M","E","M","E","T","M","E","M","R","?","R","BOSS","M","?","$","?","M","R","M","R","T","E","?","E","M","M","R","BOSS","M","?","$","M","?","E","M","R","T","E"],"build_version":"2019-07-17","purchased_purges":2,"victory":false,"max_hp_per_floor":[80,80,80,80,80,80,80,80,80,80,84,87,87,87,87,87,87,91,91,91,91,95,95,99,99,99,103,103,103,107,107,107,107,107,107,107,107,107,107,107,111,111,111,111],"card_choices":[{"not_picked":["Thunderclap","Flex"],"picked":"Rage","floor":1.0},{"not_picked":["Flex","True Grit"],"picked":"Uppercut","floor":2.0},{"not_picked":["Pummel","Power Through"],"picked":"Armaments","floor":4.0},{"not_picked":["Iron Wave","Burning Pact"],"picked":"Disarm","floor":5.0},{"not_picked":["Iron Wave","Heavy Blade"],"picked":"Carnage","floor":6.0},{"not_picked":["Shrug It Off","Sword Boomerang","Bloodletting"],"picked":"SKIP","floor":7.0},{"not_picked":["Corruption","Havoc"],"picked":"True Grit","floor":8.0},{"not_picked":["Battle Trance","Flex"],"picked":"Feed","floor":10.0},{"not_picked":["Heavy Blade","Intimidate"],"picked":"Immolate","floor":11.0},{"not_picked":["Shrug It Off","Carnage"],"picked":"Disarm","floor":12.0},{"not_picked":["Double Tap","Feed"],"picked":"Immolate","floor":16.0},{"not_picked":["Sword Boomerang","Clothesline","True Grit"],"picked":"SKIP","floor":18.0},{"not_picked":["Iron Wave","Poisoned Stab"],"picked":"Steam","floor":21},{"not_picked":["Acrobatics","Bane"],"picked":"Bouncing Flask+1","floor":22},{"not_picked":["Bouncing Flask","Scrape+1"],"picked":"Conserve Battery+1","floor":24},{"not_picked":["Inflame+1","Rampage"],"picked":"Sunder+1","floor":27},{"not_picked":["Night Terror","Coolheaded"],"picked":"PiercingWail","floor":29},{"not_picked":["Rebound","Clothesline","Dagger Spray"],"picked":"SKIP","floor":30},{"not_picked":["Body Slam","Thunderclap+1","Perfected Strike+1"],"picked":"SKIP","floor":31},{"not_picked":["A Thousand Cuts","Violence"],"picked":"Malaise","floor":33},{"not_picked":["Coolheaded","Deadly Poison","Darkness"],"picked":"SKIP","floor":35},{"not_picked":["Blade Dance","Heatsinks+1"],"picked":"Bandage Up+1","floor":36},{"not_picked":["Poisoned Stab","Ball Lightning+1"],"picked":"Beam Cell+1","floor":38},{"not_picked":["Hologram+1","Cold Snap+1"],"picked":"Footwork","floor":40},{"not_picked":["Gash","Barrage+1","Slice+1"],"picked":"SKIP","floor":41}],"player_experience":153190,"relics_obtained":[{"floor":6.0,"key":"Happy Flower"},{"floor":8.0,"key":"Dodecahedron"},{"floor":9.0,"key":"Pantograph"},{"floor":11.0,"key":"Sundial"},{"floor":19,"key":"Enchiridion"},{"floor":21,"key":"Red Mask"},{"floor":26,"key":"Bag of Marbles"},{"floor":27,"key":"Gambling Chip"},{"floor":29,"key":"Boot"},{"floor":36,"key":"FossilizedHelix"},{"floor":39,"key":"Meat on the Bone"},{"floor":40,"key":"War Paint"}],"event_choices":[{"damage_healed":0.0,"max_hp_gain":0.0,"max_hp_loss":0.0,"gold_gain":175.0,"event_name":"Liars Game","player_choice":"AGREE","floor":14.0,"gold_loss":0.0,"damage_taken":0.0,"cards_obtained":["Doubt"]},{"damage_healed":0,"gold_gain":0,"player_choice":"Obtained Book","damage_taken":16,"max_hp_gain":0,"max_hp_loss":0,"event_name":"Cursed Tome","floor":19,"gold_loss":0},{"damage_healed":0,"gold_gain":0,"player_choice":"Fought Bandits","damage_taken":0,"max_hp_gain":0,"max_hp_loss":0,"event_name":"Masked Bandits","floor":21,"gold_loss":0},{"damage_healed":0,"gold_gain":0,"player_choice":"Joined the Cult","damage_taken":6,"max_hp_gain":0,"max_hp_loss":0,"event_name":"Nest","floor":28,"gold_loss":0,"cards_obtained":["RitualDagger"]},{"damage_healed":0,"gold_gain":0,"player_choice":"Fight","damage_taken":0,"max_hp_gain":0,"max_hp_loss":0,"event_name":"Mysterious Sphere","floor":36,"gold_loss":0}],"is_beta":false,"boss_relics":[{"not_picked":["Black Blood","Velvet Choker"],"picked":"Eternal Feather"},{"not_picked":["Orrery","Tiny House"],"picked":"Empty Cage"}],"items_purged_floors":[3,37],"is_endless":false,"potions_floor_spawned":[2,4,6,10,12,27,29,31,33,35,41],"killed_by":"Giant Head","ascension_level":4}