{"gold_per_floor":[111,91,107,32,47,77,77,101,128,128,167,192,192,227,227,353,353,368,368,383,383,214,214,258,258,258,258,294,310,310,333,333,452,452,475,71,404,424,424,424,424],"floor_reached":41,"playtime":1120,"items_purged":["Strike_B","Injury","Strike_B"],"score":601,"play_id":"cac1429d-43b0-4908-ae73-069ac4cc9aa3","local_time":"20190526221646","is_ascension_mode":true,"campfire_choices":[{"floor":10,"key":"REST"},{"data":"Melter","floor":15,"key":"SMITH"},{"floor":23,"key":"REST"},{"floor":25,"key":"REST"},{"data":"White Noise","floor":27,"key":"SMITH"},{"floor":30,"key":"REST"},{"data":"Echo Form","floor":32,"key":"SMITH"},{"floor":40,"key":"REST"}],"neow_cost":"NONE","seed_source_timestamp":1035934858030978,"circlet_count":0,"master_deck":["Strike_B+1","Strike_B+1","Defend_B","Defend_B","Defend_B","Defend_B","Zap","Dualcast","Ball Lightning","Cold Snap","Auto Shields","Storm","Melter+1","Undo","Echo Form+1","Redo+1","RitualDagger","White Noise+1","Static Discharge","Consume+1","Electrodynamics","Recycle","Storm+1","Biased Cognition","Barrage+1","Hologram","Steam","Reinforced Body"],"relics":["Cracked Core","NeowsBlessing","Pen Nib","Whetstone","Regal Pillow","Omamori","Ancient Tea Set","Boot","Inserter","Potion Belt","Darkstone Periapt","Orichalcum","Philosopher\u0027s Stone","OrangePellets"],"potions_floor_usage":[16,24,31,33,35,38],"damage_taken":[{"damage":0,"enemies":"2 Louse","floor":1,"turns":1},{"damage":0,"enemies":"Cultist","floor":3,"turns":1},{"damage":0,"enemies":"Small Slimes","floor":5,"turns":1},{"damage":29,"enemies":"Gremlin Nob","floor":6,"turns":4},{"damage":19,"enemies":"3 Sentries","floor":11,"turns":7},{"damage":6,"enemies":"Exordium Wildlife","floor":12,"turns":3},{"damage":20,"enemies":"Lagavulin","floor":14,"turns":6},{"damage":13,"enemies":"Slime Boss","floor":16,"turns":8},{"damage":12,"enemies":"Chosen","floor":18,"turns":4},{"damage":26,"enemies":"Shell Parasite","floor":20,"turns":7},{"damage":14,"enemies":"Slavers","floor":24,"turns":2},{"damage":42,"enemies":"Book of Stabbing","floor":28,"turns":4},{"damage":13,"enemies":"Snecko","floor":29,"turns":4},{"damage":0,"enemies":"Cultist and Chosen","floor":31,"turns":4},{"damage":35,"enemies":"Automaton","floor":33,"turns":8},{"damage":16,"enemies":"Orb Walker","floor":35,"turns":5},{"damage":16,"enemies":"3 Shapes","floor":38,"turns":3},{"damage":83,"enemies":"Reptomancer","floor":41,"turns":2}],"seed_played":"2144398325922943980","potions_obtained":[{"floor":2,"key":"Fire Potion"},{"floor":5,"key":"SmokeBomb"},{"floor":11,"key":"Strength Potion"},{"floor":14,"key":"GamblersBrew"},{"floor":18,"key":"FocusPotion"},{"floor":28,"key":"Energy Potion"},{"floor":29,"key":"SkillPotion"},{"floor":33,"key":"Swift Potion"}],"is_trial":false,"path_per_floor":["M","?","M","$","M","E","?","T","T","R","E","M","?","E","R","B",null,"M","?","M","?","$","R","E","R","T","R","E","M","R","M","R","B",null,"M","$","?","M","?","R","E"],"character_chosen":"DEFECT","items_purchased":["Static Discharge","OrangePellets","Hologram","Steam"],"campfire_rested":5,"item_purchase_floors":[22,36,36,36],"current_hp_per_floor":[68,68,68,68,68,39,39,39,39,75,56,50,43,23,23,10,59,47,41,15,6,6,43,29,66,66,66,24,11,48,48,48,13,60,44,44,44,28,28,65,0],"gold":424,"neow_bonus":"THREE_ENEMY_KILL","is_prod":false,"is_daily":false,"chose_seed":false,"campfire_upgraded":3,"win_rate":0,"timestamp":1558923406,"path_taken":["M","?","M","?","M","E","?","?","T","R","E","M","?","E","R","BOSS","M","?","M","?","$","R","E","R","T","R","E","M","R","M","R","BOSS","M","$","?","M","?","R","E"],"build_version":"2019-01-23","purchased_purges":3,"victory":false,"max_hp_per_floor":[75,75,75,75,75,75,75,75,75,75,75,75,75,75,75,75,75,75,75,75,75,75,75,75,75,75,75,75,75,75,75,75,75,75,75,75,75,75,75,75,75],"card_choices":[{"not_picked":["Hologram","Capacitor"],"picked":"Ball Lightning","floor":1},{"not_picked":["Rip and Tear","Steam","Skim"],"picked":"SKIP","floor":3},{"not_picked":["Compile Driver","Rebound"],"picked":"Cold Snap","floor":5},{"not_picked":["Aggregate","BootSequence"],"picked":"Auto Shields","floor":6},{"not_picked":["Stack","Compile Driver"],"picked":"Storm","floor":11},{"not_picked":["Stack","Go for the Eyes"],"picked":"Melter","floor":12},{"not_picked":["Turbo","Steam Power"],"picked":"Undo","floor":14},{"not_picked":["Seek","Electrodynamics"],"picked":"Echo Form","floor":16},{"not_picked":["Melter","Capacitor"],"picked":"Redo+1","floor":18},{"not_picked":["Ball Lightning+1","Turbo"],"picked":"White Noise","floor":20},{"not_picked":["Gash+1","Reinforced Body+1"],"picked":"Consume+1","floor":24},{"not_picked":["Hologram","Rebound"],"picked":"Electrodynamics","floor":28},{"not_picked":["Gash","White Noise+1"],"picked":"Recycle","floor":29},{"not_picked":["Gash","Aggregate"],"picked":"Storm+1","floor":31},{"not_picked":["Reboot","Core Surge"],"picked":"Biased Cognition","floor":33},{"not_picked":["Leap","Rebound"],"picked":"Barrage+1","floor":35},{"not_picked":["Stack","Turbo"],"picked":"Reinforced Body","floor":38}],"player_experience":514095,"relics_obtained":[{"floor":6,"key":"Pen Nib"},{"floor":8,"key":"Whetstone"},{"floor":9,"key":"Regal Pillow"},{"floor":11,"key":"Omamori"},{"floor":14,"key":"Boot"},{"floor":24,"key":"Potion Belt"},{"floor":26,"key":"Darkstone Periapt"},{"floor":28,"key":"Orichalcum"}],"event_choices":[{"damage_healed":0,"gold_gain":0,"player_choice":"Bought 1 Potion","damage_taken":0,"max_hp_gain":0,"max_hp_loss":0,"event_name":"The Woman in Blue","floor":2,"gold_loss":0},{"damage_healed":0,"gold_gain":0,"player_choice":"Take Wound","damage_taken":0,"relics_obtained":["Golden Idol"],"max_hp_gain":0,"max_hp_loss":0,"event_name":"Golden Idol","floor":7,"gold_loss":0,"cards_obtained":["Injury"]},{"damage_healed":0,"gold_gain":0,"player_choice":"Success","damage_taken":7,"relics_obtained":["Ancient Tea Set"],"max_hp_gain":0,"max_hp_loss":0,"event_name":"Scrap Ooze","floor":13,"gold_loss":0},{"damage_healed":0,"gold_gain":0,"player_choice":"Joined the Cult","damage_taken":6,"max_hp_gain":0,"max_hp_loss":0,"event_name":"Nest","floor":19,"gold_loss":0,"cards_obtained":["RitualDagger"]},{"damage_healed":0,"gold_gain":0,"player_choice":"Stopped","damage_taken":9,"max_hp_gain":0,"max_hp_loss":0,"event_name":"Cursed Tome","floor":21,"gold_loss":0},{"damage_healed":0,"gold_gain":333,"player_choice":"Gave Idol","damage_taken":0,"max_hp_gain":0,"max_hp_loss":0,"event_name":"The Moai Head","floor":37,"relics_lost":["Golden Idol"],"gold_loss":0},{"damage_healed":0,"gold_gain":0,"player_choice":"Ignored","damage_taken":0,"max_hp_gain":0,"max_hp_loss":0,"event_name":"Tomb of Lord Red Mask","floor":39,"gold_loss":0}],"is_beta":false,"boss_relics":[{"not_picked":["Tiny House","Black Star"],"picked":"Inserter"},{"not_picked":["Runic Dome","White Beast Statue"],"picked":"Philosopher\u0027s Stone"}],"items_purged_floors":[4,22,36],"is_endless":false,"potions_floor_spawned":[5,11,14,18,28,29,33],"killed_by":"Reptomancer","ascension_level":7}