{"gold_per_floor":[109,109,119,132,132,132,161,161,161,161,161,187,40,40,40,142,142,152,152,52,62,62,92,92,92,92,92,92,92,92],"floor_reached":30,"playtime":1994,"items_purged":["Normality","Normality"],"score":403,"play_id":"6d74c479-eca3-46c5-a0ed-7e2ea01b2a20","local_time":"20190529094646","is_ascension_mode":true,"campfire_choices":[{"data":"Steam Power","floor":6,"key":"SMITH"},{"floor":8,"key":"REST"},{"data":"Storm","floor":10,"key":"SMITH"},{"floor":15,"key":"REST"},{"floor":24,"key":"REST"},{"data":"Electrodynamics","floor":27,"key":"SMITH"}],"neow_cost":"NONE","seed_source_timestamp":1249262977829444,"circlet_count":0,"master_deck":["Defend_B","Defend_B","Defend_B","Defend_B","Zap","Dualcast","Cold Snap","Capacitor","Storm+1","Sweeping Beam","Capacitor","Electrodynamics+1","Consume","Bite","Bite","Bite","Bite","Bite","Normality","Ball Lightning","Heatsinks","Regret"],"relics":["Cursed Key","WarpedTongs","Turnip","Bottled Flame","Incense Burner","Kunai","Snecko Eye","WingedGreaves","Bottled Tornado","Ornamental Fan"],"potions_floor_usage":[18,25,25],"damage_taken":[{"damage":9,"enemies":"Jaw Worm","floor":1,"turns":5},{"damage":10,"enemies":"Cultist","floor":3,"turns":4},{"damage":1,"enemies":"2 Louse","floor":4,"turns":2},{"damage":19,"enemies":"3 Sentries","floor":7,"turns":8},{"damage":27,"enemies":"Lagavulin","floor":12,"turns":9},{"damage":35,"enemies":"Hexaghost","floor":16,"turns":12},{"damage":7,"enemies":"Shell Parasite","floor":18,"turns":7},{"damage":20,"enemies":"2 Thieves","floor":21,"turns":4},{"damage":38,"enemies":"Book of Stabbing","floor":23,"turns":6},{"damage":11,"enemies":"Gremlin Leader","floor":25,"turns":5},{"damage":36,"enemies":"Book of Stabbing","floor":30,"turns":3}],"seed_played":"22639900163638194","potions_obtained":[{"floor":7,"key":"Dexterity Potion"},{"floor":16,"key":"Block Potion"},{"floor":23,"key":"SmokeBomb"}],"is_trial":false,"path_per_floor":["M","?","M","M","?","R","E","R","T","R","T","E","$","T","R","B",null,"M","?","$","M","?","E","R","E","T","R","?","T","E"],"character_chosen":"DEFECT","items_purchased":["Capacitor"],"campfire_rested":3,"item_purchase_floors":[13],"current_hp_per_floor":[59,59,49,48,48,48,29,51,51,51,51,24,24,24,46,11,59,52,52,52,32,32,12,27,24,24,24,24,24,0],"gold":92,"neow_bonus":"BOSS_RELIC","is_prod":false,"is_daily":false,"chose_seed":false,"campfire_upgraded":3,"win_rate":0,"timestamp":1559137606,"path_taken":["M","?","?","M","?","R","E","R","T","R","?","E","$","?","R","BOSS","M","?","$","M","?","E","R","E","T","R","?","?","E"],"build_version":"2019-01-23","purchased_purges":2,"victory":false,"max_hp_per_floor":[75,75,75,75,75,75,75,75,75,75,75,75,75,75,75,75,75,75,75,75,75,52,52,52,52,52,52,52,52,52],"card_choices":[{"not_picked":["Steam","Barrage"],"picked":"Steam Power","floor":1},{"not_picked":["Scrape","Barrage"],"picked":"Cold Snap","floor":3},{"not_picked":["Compile Driver","Sweeping Beam"],"picked":"Capacitor","floor":4},{"not_picked":["Static Discharge","Double Energy"],"picked":"Storm","floor":7},{"not_picked":["Reboot","Multi-Cast"],"picked":"Sweeping Beam","floor":12},{"not_picked":["Meteor Strike","Machine Learning"],"picked":"Electrodynamics","floor":16},{"not_picked":["Reinforced Body","Stack"],"picked":"Chill","floor":18},{"not_picked":["Barrage","Hologram"],"picked":"Consume","floor":21},{"not_picked":["Compile Driver","Double Energy","Hello World"],"picked":"SKIP","floor":23}],"player_experience":538242,"relics_obtained":[{"floor":7,"key":"Turnip"},{"floor":9,"key":"Bottled Flame"},{"floor":11,"key":"Incense Burner"},{"floor":12,"key":"Kunai"},{"floor":23,"key":"WingedGreaves"},{"floor":26,"key":"Bottled Tornado"},{"floor":29,"key":"Ornamental Fan"}],"event_choices":[{"damage_healed":0,"gold_gain":0,"player_choice":"Rummage","damage_taken":0,"relics_obtained":["WarpedTongs"],"max_hp_gain":0,"max_hp_loss":0,"event_name":"Accursed Blacksmith","floor":2,"gold_loss":0,"cards_obtained":["Pain"]},{"cards_removed":["Pain"],"damage_healed":0,"gold_gain":0,"player_choice":"Forget","damage_taken":0,"max_hp_gain":0,"max_hp_loss":0,"event_name":"Living Wall","floor":5,"gold_loss":0},{"damage_healed":0,"gold_gain":0,"player_choice":"Ignored","damage_taken":0,"max_hp_gain":0,"max_hp_loss":0,"event_name":"Ghosts","floor":19,"gold_loss":0},{"damage_healed":0,"gold_gain":0,"player_choice":"Became a vampire","damage_taken":0,"max_hp_gain":0,"max_hp_loss":23,"event_name":"Vampires","floor":22,"gold_loss":0,"cards_obtained":["Bite","Bite","Bite","Bite","Bite"]},{"damage_healed":0,"gold_gain":0,"cards_transformed":["Chill","Steam Power"],"player_choice":"Became Test Subject","damage_taken":0,"max_hp_gain":0,"max_hp_loss":0,"event_name":"Drug Dealer","floor":28,"gold_loss":0,"cards_obtained":["Ball Lightning","Heatsinks"]}],"is_beta":false,"boss_relics":[{"not_picked":["Runic Pyramid","Sozu"],"picked":"Snecko Eye"}],"items_purged_floors":[13,20],"is_endless":false,"potions_floor_spawned":[7,16,23,25],"killed_by":"Book of Stabbing","ascension_level":8}