{"gold_per_floor":[117,134,84,47,63,92,92,92,118,132,148,180,190,210,210,314,314,328,328,184,184,194,227,227,243,268,280],"floor_reached":27,"playtime":1078,"items_purged":[],"score":306,"play_id":"acdeeeac-8d4a-407d-88fc-f993d4081829","local_time":"20190612154829","is_ascension_mode":true,"campfire_choices":[{"data":"Zap","floor":7,"key":"SMITH"},{"data":"Loop","floor":15,"key":"SMITH"},{"floor":24,"key":"REST"}],"neow_cost":"NONE","seed_source_timestamp":66490021898232,"circlet_count":0,"master_deck":["Strike_B+1","Strike_B+1","Strike_B+1","Defend_B+1","Defend_B+1","Defend_B+1","Defend_B+1","Zap+1","Dualcast","Defragment+1","Ball Lightning","FTL","Rebound","Creative AI","Steam","Leap","Loop+1","Echo Form","Auto Shields","Buffer","Bandage Up","Hologram+1"],"relics":["Cracked Core","Potion Belt","Vajra","Strawberry","Philosopher\u0027s Stone","Torii","MawBank"],"potions_floor_usage":[6,12,16,22,23,27],"damage_taken":[{"damage":0,"enemies":"2 Louse","floor":1,"turns":1},{"damage":0,"enemies":"Cultist","floor":2,"turns":4},{"damage":2,"enemies":"Jaw Worm","floor":5,"turns":3},{"damage":16,"enemies":"Gremlin Nob","floor":6,"turns":3},{"damage":12,"enemies":"Looter","floor":10,"turns":3},{"damage":13,"enemies":"Exordium Thugs","floor":11,"turns":3},{"damage":11,"enemies":"3 Sentries","floor":12,"turns":4},{"damage":7,"enemies":"Large Slime","floor":13,"turns":4},{"damage":5,"enemies":"Looter","floor":14,"turns":3},{"damage":19,"enemies":"The Guardian","floor":16,"turns":9},{"damage":3,"enemies":"Chosen","floor":18,"turns":5},{"damage":16,"enemies":"3 Byrds","floor":22,"turns":3},{"damage":39,"enemies":"Gremlin Leader","floor":23,"turns":7},{"damage":12,"enemies":"3 Cultists","floor":25,"turns":5},{"damage":39,"enemies":"Slavers","floor":27,"turns":3}],"seed_played":"1399089975867205215","potions_obtained":[{"floor":1,"key":"Energy Potion"},{"floor":2,"key":"SteroidPotion"},{"floor":5,"key":"Swift Potion"},{"floor":11,"key":"Strength Potion"},{"floor":22,"key":"Swift Potion"}],"is_trial":false,"path_per_floor":["M","M","?","$","M","E","R","?","T","M","M","E","M","M","R","B",null,"M","?","$","?","M","E","R","M","T","E"],"character_chosen":"DEFECT","items_purchased":["FTL","PowerPotion","Bandage Up"],"campfire_rested":1,"item_purchase_floors":[4,20,20],"current_hp_per_floor":[82,82,82,82,80,64,64,64,64,52,39,35,28,23,23,4,68,65,65,65,65,49,14,40,32,32,0],"gold":280,"neow_bonus":"TEN_PERCENT_HP_BONUS","is_prod":false,"is_daily":false,"chose_seed":false,"campfire_upgraded":2,"win_rate":0,"timestamp":1560372509,"path_taken":["M","M","?","$","M","E","R","?","T","M","M","E","?","M","R","BOSS","M","?","$","?","?","E","R","M","T","E"],"build_version":"2019-01-23","purchased_purges":0,"victory":false,"max_hp_per_floor":[82,82,82,82,82,82,82,82,82,82,82,89,89,89,89,89,89,89,89,89,89,89,89,89,89,89,89],"card_choices":[{"not_picked":["Chaos","Cold Snap"],"picked":"Defragment","floor":1},{"not_picked":["Chaos","Go for the Eyes"],"picked":"Ball Lightning","floor":2},{"not_picked":["Reprogram","Double Energy"],"picked":"Rebound","floor":5},{"not_picked":["Darkness","Redo"],"picked":"Creative AI","floor":6},{"not_picked":["Rebound","Force Field"],"picked":"Steam","floor":10},{"not_picked":["Gash","Streamline"],"picked":"Leap","floor":11},{"not_picked":["Gash","Coolheaded"],"picked":"Loop","floor":12},{"not_picked":["Genetic Algorithm","Hologram"],"picked":"Echo Form","floor":13},{"not_picked":["Sweeping Beam","Coolheaded"],"picked":"Auto Shields","floor":14},{"not_picked":["Biased Cognition","Hyperbeam"],"picked":"Buffer","floor":16},{"not_picked":["Compile Driver","Go for the Eyes","Sweeping Beam+1"],"picked":"SKIP","floor":18},{"not_picked":["Streamline","Reprogram+1","Aggregate"],"picked":"SKIP","floor":22},{"not_picked":["Chaos","Doom and Gloom","Stack"],"picked":"SKIP","floor":23},{"not_picked":["Auto Shields+1","Rebound"],"picked":"Hologram+1","floor":25}],"player_experience":166645,"relics_obtained":[{"floor":6,"key":"Potion Belt"},{"floor":9,"key":"Vajra"},{"floor":12,"key":"Strawberry"},{"floor":23,"key":"Torii"},{"floor":26,"key":"MawBank"}],"event_choices":[{"cards_removed":["Strike_B"],"damage_healed":0,"gold_gain":0,"player_choice":"Card Removal","damage_taken":0,"max_hp_gain":0,"max_hp_loss":0,"event_name":"The Cleric","floor":3,"gold_loss":50},{"damage_healed":0,"gold_gain":0,"player_choice":"Upgraded","damage_taken":0,"max_hp_gain":0,"max_hp_loss":0,"event_name":"Upgrade Shrine","floor":8,"gold_loss":0,"cards_upgraded":["Defragment"]},{"damage_healed":0,"gold_gain":0,"player_choice":"Simplicity","damage_taken":0,"max_hp_gain":0,"max_hp_loss":0,"event_name":"Back to Basics","floor":19,"gold_loss":0,"cards_upgraded":["Strike_B","Strike_B","Strike_B","Defend_B","Defend_B","Defend_B","Defend_B"]},{"damage_healed":0,"gold_gain":0,"player_choice":"Ignored","damage_taken":0,"max_hp_gain":0,"max_hp_loss":0,"event_name":"Transmorgrifier","floor":21,"gold_loss":0}],"is_beta":false,"boss_relics":[{"not_picked":["Coffee Dripper","Eternal Feather"],"picked":"Philosopher\u0027s Stone"}],"items_purged_floors":[],"is_endless":false,"potions_floor_spawned":[1,2,5,11,22],"killed_by":"Slavers","ascension_level":5}