{"gold_per_floor":[113,113,131,149,170,170,185,185],"floor_reached":8,"playtime":198,"items_purged":[],"score":75,"play_id":"f1116889-c03f-40e4-b6b9-b1e6cc530b88","local_time":"20190622173955","is_ascension_mode":true,"campfire_choices":[{"data":"Defragment","floor":6,"key":"SMITH"}],"neow_cost":"TEN_PERCENT_HP_LOSS","seed_source_timestamp":163533947666557,"circlet_count":0,"master_deck":["AscendersBane","Strike_B","Strike_B","Strike_B","Strike_B","Defend_B","Defend_B","Defend_B","Defend_B","Zap","Dualcast","Electrodynamics","Defragment+1","Sweeping Beam","Chaos","Genetic Algorithm","Doom and Gloom"],"relics":["Cracked Core","Golden Idol"],"potions_floor_usage":[5],"damage_taken":[{"damage":7,"enemies":"Small Slimes","floor":1,"turns":3},{"damage":13,"enemies":"2 Louse","floor":3,"turns":2},{"damage":0,"enemies":"Cultist","floor":4,"turns":3},{"damage":14,"enemies":"Blue Slaver","floor":5,"turns":4},{"damage":11,"enemies":"3 Louse","floor":7,"turns":3},{"damage":15,"enemies":"Gremlin Gang","floor":8,"turns":1}],"seed_played":"7414923644149200793","potions_obtained":[{"floor":1,"key":"Regen Potion"},{"floor":4,"key":"FocusPotion"}],"is_trial":false,"path_per_floor":["M","?","M","M","M","R","M","M"],"character_chosen":"DEFECT","items_purchased":[],"campfire_rested":0,"item_purchase_floors":[],"current_hp_per_floor":[61,44,31,31,29,29,18,3],"gold":185,"neow_bonus":"THREE_RARE_CARDS","is_prod":false,"is_daily":false,"chose_seed":false,"campfire_upgraded":1,"win_rate":0,"timestamp":1561243195,"path_taken":["M","?","M","M","M","R","M","M"],"build_version":"2019-01-23","purchased_purges":0,"victory":false,"max_hp_per_floor":[68,68,68,68,68,68,68,68],"card_choices":[{"not_picked":["Buffer","All For One"],"picked":"Electrodynamics","floor":0},{"not_picked":["Streamline","Ball Lightning"],"picked":"Defragment","floor":1},{"not_picked":["Static Discharge","Redo"],"picked":"Sweeping Beam","floor":3},{"not_picked":["Barrage","Cold Snap"],"picked":"Chaos","floor":4},{"not_picked":["Static Discharge","FTL"],"picked":"Genetic Algorithm","floor":5},{"not_picked":["Self Repair","Leap"],"picked":"Doom and Gloom","floor":7}],"player_experience":254698,"relics_obtained":[],"event_choices":[{"damage_healed":0,"gold_gain":0,"player_choice":"Take Damage","damage_taken":17,"relics_obtained":["Golden Idol"],"max_hp_gain":0,"max_hp_loss":0,"event_name":"Golden Idol","floor":2,"gold_loss":0}],"is_beta":false,"boss_relics":[],"items_purged_floors":[],"is_endless":false,"potions_floor_spawned":[1,4],"killed_by":"Gremlin Gang","ascension_level":10}