{"gold_per_floor":[119,135,135,135,149,149,20,53,98,130,140,62,62,73,73,148,148,166,166,166,181,23,23,38,52,79,79,96,96],"floor_reached":29,"playtime":1280,"items_purged":["Decay"],"score":435,"play_id":"59230787-ce5e-4926-9d33-8ea6a649e4cd","local_time":"20190731183340","is_ascension_mode":true,"campfire_choices":[{"data":"Streamline","floor":6.0,"key":"SMITH"},{"floor":13.0,"key":"REST"},{"data":"Chaos","floor":15.0,"key":"SMITH"},{"data":"Fission","floor":23.0,"key":"SMITH"},{"data":"Ghostly","floor":27,"key":"SMITH"}],"neow_cost":"NONE","seed_source_timestamp":1882862866276865,"circlet_count":0,"master_deck":["AscendersBane","Strike_B+1","Strike_B","Strike_B","Strike_B","Defend_B","Defend_B","Defend_B+1","Defend_B","Zap","Dualcast","Steam","Streamline+1","Rip and Tear+1","Leap+1","Darkness","Defragment","Chaos+1","Rainbow","Compile Driver","Fission+1","Recycle","Ghostly+1","Ghostly","Ghostly","Writhe","Undo","Genetic Algorithm+1","Coolheaded"],"special_seed":0,"relics":["Calling Bell","Happy Flower","Sundial","Pocketwatch","Blood Vial","Whetstone","War Paint","Runic Pyramid","Regal Pillow","PreservedInsect","Dream Catcher"],"potions_floor_usage":[],"damage_taken":[{"damage":8.0,"enemies":"Jaw Worm","floor":1.0,"turns":4.0},{"damage":7.0,"enemies":"2 Louse","floor":2.0,"turns":3.0},{"damage":0.0,"enemies":"Cultist","floor":5.0,"turns":3.0},{"damage":14.0,"enemies":"Lagavulin","floor":8.0,"turns":5.0},{"damage":16.0,"enemies":"Gremlin Nob","floor":10.0,"turns":4.0},{"damage":1.0,"enemies":"Lots of Slimes","floor":11.0,"turns":2.0},{"damage":6.0,"enemies":"Looter","floor":14.0,"turns":3.0},{"damage":19.0,"enemies":"The Guardian","floor":16.0,"turns":8.0},{"damage":0.0,"enemies":"Chosen","floor":18.0,"turns":4.0},{"damage":2.0,"enemies":"3 Byrds","floor":21.0,"turns":6.0},{"damage":1.0,"enemies":"Cultist and Chosen","floor":24.0,"turns":6.0},{"damage":0,"enemies":"Sentry and Sphere","floor":25,"turns":6},{"damage":12,"enemies":"Snake Plant","floor":28,"turns":5},{"damage":31,"enemies":"Cultist and Chosen","floor":29,"turns":7}],"seed_played":"5681419730432628152","potions_obtained":[{"floor":2.0,"key":"Energy Potion"},{"floor":5.0,"key":"Fire Potion"},{"floor":10.0,"key":"Explosive Potion"},{"floor":11.0,"key":"Weak Potion"},{"floor":21.0,"key":"Poison Potion"},{"floor":24.0,"key":"Energy Potion"}],"is_trial":false,"path_per_floor":["M","M","?","?","M","R","$","E","T","E","M","$","R","M","R","B",null,"M","?","?","M","$","R","M","M","T","R","M","M"],"character_chosen":"DEFECT","items_purchased":["Leap","Rainbow","PreservedInsect"],"campfire_rested":1,"item_purchase_floors":[7,12,22],"current_hp_per_floor":[56,49,42,42,42,42,42,28,28,14,15,15,36,32,32,15,57,59,35,35,33,33,33,34,35,35,35,23,0],"gold":96,"neow_bonus":"BOSS_RELIC","is_prod":false,"is_daily":false,"chose_seed":false,"campfire_upgraded":4,"win_rate":0,"timestamp":1564616020,"path_taken":["M","M","?","?","M","R","?","E","T","E","M","$","R","M","R","BOSS","M","?","?","?","$","R","M","M","T","R","M","M"],"build_version":"2019-07-17","purchased_purges":1,"victory":false,"max_hp_per_floor":[71,71,71,71,71,71,71,71,71,71,71,71,71,71,71,71,71,71,35,35,35,35,35,35,35,35,35,35,35],"card_choices":[{"not_picked":["Fusion","Force Field"],"picked":"Steam","floor":1.0},{"not_picked":["Redo","Heatsinks"],"picked":"Streamline","floor":2.0},{"not_picked":["Redo","Rebound"],"picked":"Rip and Tear","floor":5.0},{"not_picked":["Streamline","Melter"],"picked":"Darkness","floor":8.0},{"not_picked":["Rebound","Stack"],"picked":"Defragment","floor":10.0},{"not_picked":["Heatsinks","Gash"],"picked":"Chaos","floor":11.0},{"not_picked":["Sweeping Beam","Stack"],"picked":"Compile Driver","floor":14.0},{"not_picked":["Reboot","Rainbow"],"picked":"Fission","floor":16.0},{"not_picked":["Turbo","Self Repair"],"picked":"Recycle","floor":18.0},{"not_picked":["Compile Driver","Streamline+1"],"picked":"Undo","floor":21.0},{"not_picked":["Compile Driver","Steam","Ball Lightning"],"picked":"SKIP","floor":24.0},{"not_picked":["Go for the Eyes","Loop"],"picked":"Genetic Algorithm+1","floor":25},{"not_picked":["Gash","Core Surge"],"picked":"Coolheaded","floor":28}],"player_experience":407038,"relics_obtained":[{"floor":0.0,"key":"Happy Flower"},{"floor":0.0,"key":"Sundial"},{"floor":0.0,"key":"Pocketwatch"},{"floor":8.0,"key":"Blood Vial"},{"floor":9.0,"key":"Whetstone"},{"floor":10.0,"key":"War Paint"},{"floor":26,"key":"Dream Catcher"}],"event_choices":[{"cards_removed":["Writhe"],"damage_healed":0.0,"max_hp_gain":0.0,"max_hp_loss":0.0,"gold_gain":0.0,"event_name":"Golden Wing","player_choice":"Card Removal","floor":3.0,"gold_loss":0.0,"damage_taken":7.0},{"cards_removed":["Regret"],"damage_healed":0.0,"max_hp_gain":0.0,"max_hp_loss":0.0,"gold_gain":0.0,"event_name":"Living Wall","player_choice":"Forget","floor":4.0,"gold_loss":0.0,"damage_taken":0.0},{"damage_healed":0.0,"max_hp_gain":0.0,"max_hp_loss":36.0,"gold_gain":0.0,"event_name":"Ghosts","player_choice":"Became a Ghost","floor":19.0,"gold_loss":0.0,"damage_taken":0.0,"cards_obtained":["Ghostly","Ghostly","Ghostly"]},{"damage_healed":0.0,"max_hp_gain":0.0,"max_hp_loss":0.0,"gold_gain":0.0,"event_name":"The Mausoleum","player_choice":"Opened","floor":20.0,"gold_loss":0.0,"damage_taken":0.0,"relics_obtained":["Regal Pillow"],"cards_obtained":["Writhe"]}],"is_beta":false,"boss_relics":[{"not_picked":["Snecko Eye","Eternal Feather"],"picked":"Runic Pyramid"}],"items_purged_floors":[7],"is_endless":false,"potions_floor_spawned":[2,5,8,10,11,21,24],"killed_by":"Cultist and Chosen","ascension_level":17}