{"gold_per_floor":[116,135,52,64,64,64,94,111,135,149,174,174,174,204,204,280,280,300,75,95,95,95,95,95,123,123,48,79,79,112,130,130,201,201,218,218,242,242,86,120,132,165,190,215,215,215,215,234,234,234,234,234,234,21,56,56],"floor_reached":57,"playtime":5561,"items_purged":["Pain","Strike_G","Defend_G+1"],"score":3149,"play_id":"Baalorlord-088ad3f7","local_time":"20190604200446","is_ascension_mode":true,"campfire_choices":[{"data":"Deadly Poison","floor":6,"key":"SMITH"},{"floor":12,"key":"REST"},{"data":"Crippling Poison","floor":15,"key":"SMITH"},{"floor":24,"key":"REST"},{"data":"Adrenaline","floor":29,"key":"SMITH"},{"data":"Burst","floor":32,"key":"SMITH"},{"floor":45,"key":"REST"},{"floor":49,"key":"RECALL"},{"data":"1","floor":53,"key":"LIFT"}],"neow_cost":"NONE","seed_source_timestamp":72738522976200,"circlet_count":0,"master_deck":["AscendersBane","Defend_G+1","Defend_G+1","Defend_G+1","Defend_G+1","Survivor+1","Neutralize+1","Deadly Poison+1","Backstab+1","Bane+1","Malaise+1","Crippling Poison+1","Cloak And Dagger+1","Envenom+1","Crippling Poison+1","Adrenaline+1","Flechettes+1","Adrenaline+1","Crippling Poison+1","RitualDagger+1","Dagger Spray+1","Poisoned Stab+1","PiercingWail+1","After Image+1","Flying Knee+1","Dodge and Roll+1","Burst+1","PiercingWail+1","Prepared+1","Deflect+1","Backflip+1","Backflip+1","Escape Plan+1","Leg Sweep+1","Concentrate+1","Deadly Poison+1","Footwork","Catalyst"],"relics":["Ring of the Snake","Juzu Bracelet","PreservedInsect","Oddly Smooth Stone","Centennial Puzzle","WarpedTongs","Ancient Tea Set","Runic Pyramid","Girya","Torii","Regal Pillow","Orrery","Boot","Paper Crane","StoneCalendar","Art of War","Bottled Tornado","Mark of the Bloom","Nunchaku"],"potions_floor_usage":[11,28,56,56],"damage_taken":[{"damage":1,"enemies":"2 Louse","floor":1,"turns":4},{"damage":6,"enemies":"Cultist","floor":2,"turns":6},{"damage":0,"enemies":"Small Slimes","floor":4,"turns":2},{"damage":24,"enemies":"Gremlin Nob","floor":7,"turns":4},{"damage":6,"enemies":"Blue Slaver","floor":8,"turns":4},{"damage":0,"enemies":"3 Louse","floor":10,"turns":3},{"damage":4,"enemies":"3 Sentries","floor":11,"turns":9},{"damage":4,"enemies":"Lagavulin","floor":14,"turns":6},{"damage":6,"enemies":"Hexaghost","floor":16,"turns":10},{"damage":13,"enemies":"Spheric Guardian","floor":18,"turns":4},{"damage":8,"enemies":"Shell Parasite","floor":20,"turns":4},{"damage":0,"enemies":"Book of Stabbing","floor":25,"turns":7},{"damage":6,"enemies":"Slavers","floor":28,"turns":6},{"damage":1,"enemies":"Gremlin Leader","floor":30,"turns":8},{"damage":0,"enemies":"Snecko","floor":31,"turns":5},{"damage":15,"enemies":"Automaton","floor":33,"turns":12},{"damage":0,"enemies":"Orb Walker","floor":35,"turns":4},{"damage":0,"enemies":"Nemesis","floor":40,"turns":7},{"damage":0,"enemies":"3 Shapes","floor":41,"turns":5},{"damage":12,"enemies":"Giant Head","floor":42,"turns":10},{"damage":0,"enemies":"Nemesis","floor":44,"turns":7},{"damage":0,"enemies":"Writhing Mass","floor":48,"turns":8},{"damage":0,"enemies":"Time Eater","floor":50,"turns":17},{"damage":2,"enemies":"Awakened One","floor":51,"turns":15},{"damage":1,"enemies":"Shield and Spear","floor":55,"turns":7},{"damage":0,"enemies":"The Heart","floor":56,"turns":10}],"seed_played":"-3104443890821086004","potions_obtained":[{"floor":1,"key":"Fire Potion"},{"floor":10,"key":"AttackPotion"},{"floor":11,"key":"Weak Potion"},{"floor":14,"key":"AttackPotion"},{"floor":31,"key":"SpeedPotion"},{"floor":33,"key":"Block Potion"},{"floor":48,"key":"Ancient Potion"}],"is_trial":false,"path_per_floor":["M","M","$","M","?","R","E","M","T","M","E","R","?","E","R","B",null,"M","$","M","?","?","$","R","E","T","?","E","R","E","M","R","B",null,"M","?","T","$","$","E","M","E","T","E","R","?","?","M","R","B","B",null,"R","$","E","B",null],"character_chosen":"THE_SILENT","items_purchased":["Backstab","Adrenaline","Backflip","Footwork"],"campfire_rested":3,"item_purchase_floors":[3,19,39,54],"current_hp_per_floor":[58,52,52,52,52,52,28,22,22,22,18,37,37,33,33,27,56,43,43,35,29,29,29,48,48,48,48,42,42,41,41,41,26,56,56,56,56,56,56,56,56,44,44,44,66,66,63,63,63,63,61,61,61,61,60,60],"gold":56,"neow_bonus":"RANDOM_COMMON_RELIC","is_prod":false,"is_daily":false,"chose_seed":false,"campfire_upgraded":4,"win_rate":0,"timestamp":1559693086,"path_taken":["M","M","$","M","?","R","E","M","T","M","E","R","?","E","R","BOSS","M","$","M","?","?","?","R","E","T","?","E","R","E","M","R","BOSS","M","?","?","?","$","E","M","E","T","E","R","?","?","M","R","BOSS","BOSS","R","$","E","BOSS"],"build_version":"2019-01-23","purchased_purges":3,"victory":true,"max_hp_per_floor":[66,66,66,66,66,66,66,66,66,66,66,66,66,66,66,66,66,66,66,66,66,66,66,66,66,66,66,66,66,66,66,66,66,66,66,66,66,66,66,66,66,66,66,66,66,66,63,63,63,63,63,63,63,63,63,63],"card_choices":[{"not_picked":["Slice","Dodge and Roll"],"picked":"Endless Agony","floor":1},{"not_picked":["Outmaneuver","Blade Dance"],"picked":"Deadly Poison","floor":2},{"not_picked":["Eviscerate","Envenom"],"picked":"Bane","floor":4},{"not_picked":["Poisoned Stab","Dodge and Roll"],"picked":"Crippling Poison","floor":7},{"not_picked":["Blade Dance","Sucker Punch"],"picked":"Cloak And Dagger","floor":8},{"not_picked":["Slice","Bane","All Out Attack"],"picked":"SKIP","floor":10},{"not_picked":["Dagger Spray","Masterful Stab"],"picked":"Envenom","floor":11},{"not_picked":["Skewer","A Thousand Cuts"],"picked":"Crippling Poison","floor":14},{"not_picked":["Night Terror","Glass Knife"],"picked":"Adrenaline","floor":16},{"not_picked":["Slice","Caltrops"],"picked":"Flechettes","floor":18},{"not_picked":["Sucker Punch","Blade Dance"],"picked":"Crippling Poison+1","floor":20},{"not_picked":["Slice+1","Underhanded Strike"],"picked":"PiercingWail","floor":25},{"not_picked":["Slice","Sucker Punch"],"picked":"Dodge and Roll","floor":28},{"not_picked":["Blade Dance","Caltrops"],"picked":"Burst","floor":30},{"not_picked":["Flying Knee","Quick Slash"],"picked":"PiercingWail","floor":31},{"not_picked":["Noxious Fumes","Dodge and Roll"],"picked":"Prepared+1","floor":34},{"not_picked":["Glass Knife","Cloak And Dagger"],"picked":"Deflect","floor":34},{"not_picked":["Quick Slash","Deflect"],"picked":"Backflip","floor":34},{"not_picked":["Crippling Poison","Outmaneuver","Well Laid Plans"],"picked":"SKIP","floor":35},{"not_picked":["Tools of the Trade","Envenom","Quick Slash"],"picked":"SKIP","floor":40},{"not_picked":["Tools of the Trade","Envenom","Quick Slash"],"picked":"SKIP","floor":40},{"not_picked":["Tools of the Trade","Envenom","Quick Slash"],"picked":"SKIP","floor":40},{"not_picked":["Blade Dance","Deflect"],"picked":"Escape Plan","floor":41},{"not_picked":["Reflex","Prepared"],"picked":"Leg Sweep","floor":42},{"not_picked":["Eviscerate","Blade Dance"],"picked":"Concentrate","floor":44},{"not_picked":["Blade Dance","Acrobatics"],"picked":"Deadly Poison+1","floor":48},{"not_picked":["Cloak And Dagger","All Out Attack"],"picked":"Catalyst","floor":55}],"player_experience":2076431,"relics_obtained":[{"floor":7,"key":"PreservedInsect"},{"floor":9,"key":"Oddly Smooth Stone"},{"floor":11,"key":"Centennial Puzzle"},{"floor":14,"key":"Ancient Tea Set"},{"floor":25,"key":"Girya"},{"floor":28,"key":"Torii"},{"floor":30,"key":"Regal Pillow"},{"floor":37,"key":"Boot"},{"floor":40,"key":"Paper Crane"},{"floor":42,"key":"StoneCalendar"},{"floor":43,"key":"Art of War"},{"floor":44,"key":"Bottled Tornado"},{"floor":55,"key":"Nunchaku"}],"event_choices":[{"damage_healed":0,"gold_gain":0,"player_choice":"1 cards matched","damage_taken":0,"max_hp_gain":0,"max_hp_loss":0,"event_name":"Match and Keep!","floor":5,"gold_loss":0,"cards_obtained":["Malaise"]},{"damage_healed":0,"gold_gain":0,"player_choice":"1 cards matched","damage_taken":0,"max_hp_gain":0,"max_hp_loss":0,"event_name":"Match and Keep!","floor":5,"gold_loss":0,"cards_obtained":["Malaise"]},{"damage_healed":0,"gold_gain":0,"player_choice":"Rummage","damage_taken":0,"relics_obtained":["WarpedTongs"],"max_hp_gain":0,"max_hp_loss":0,"event_name":"Accursed Blacksmith","floor":13,"gold_loss":0,"cards_obtained":["Pain"]},{"damage_healed":0,"gold_gain":0,"player_choice":"Joined the Cult","damage_taken":6,"max_hp_gain":0,"max_hp_loss":0,"event_name":"Nest","floor":21,"gold_loss":0,"cards_obtained":["RitualDagger"]},{"damage_healed":0,"gold_gain":0,"cards_transformed":["Strike_G","Strike_G"],"player_choice":"Became Test Subject","damage_taken":0,"max_hp_gain":0,"max_hp_loss":0,"event_name":"Drug Dealer","floor":22,"gold_loss":0,"cards_obtained":["Dagger Spray","Poisoned Stab"]},{"damage_healed":0,"gold_gain":0,"cards_transformed":["Strike_G","Strike_G"],"player_choice":"Transformed Cards","damage_taken":0,"max_hp_gain":0,"max_hp_loss":0,"event_name":"Designer","floor":27,"gold_loss":75,"cards_obtained":["After Image","Flying Knee"]},{"cards_removed":["Endless Agony"],"damage_healed":0,"gold_gain":0,"player_choice":"Removed Attack","damage_taken":0,"max_hp_gain":0,"max_hp_loss":0,"event_name":"Falling","floor":36,"gold_loss":0},{"damage_healed":0,"gold_gain":0,"player_choice":"Upgrade","damage_taken":0,"relics_obtained":["Mark of the Bloom"],"max_hp_gain":0,"max_hp_loss":0,"event_name":"MindBloom","floor":46,"gold_loss":0,"cards_upgraded":["Defend_G","Defend_G","Defend_G","Defend_G","Defend_G","Survivor","Neutralize","Backstab","Bane","Malaise","Crippling Poison","Cloak And Dagger","Envenom","Adrenaline","Flechettes","RitualDagger","Dagger Spray","Poisoned Stab","PiercingWail","After Image","Flying Knee","Dodge and Roll","PiercingWail","Deflect","Backflip","Backflip","Escape Plan","Leg Sweep","Concentrate"]},{"damage_healed":0,"gold_gain":0,"player_choice":"Max HP","damage_taken":0,"max_hp_gain":0,"max_hp_loss":3,"event_name":"Winding Halls","floor":47,"gold_loss":0}],"is_beta":false,"boss_relics":[{"not_picked":["White Beast Statue","Ring of the Serpent"],"picked":"Runic Pyramid"},{"not_picked":["Tiny House","WristBlade"],"picked":"Orrery"}],"items_purged_floors":[19,39,54],"is_endless":false,"potions_floor_spawned":[1,10,11,14,16,20,31,33,42,48],"ascension_level":20}