{"gold_per_floor":[115,135,148,148,148,148,211,221,246,286,298,51,68,82,82,82],"floor_reached":16,"playtime":632,"items_purged":["Strike_R"],"score":218,"play_id":"67aa5ec2-b903-48f2-bd57-d719fbe151f3","local_time":"20190819165428","is_ascension_mode":true,"campfire_choices":[{"data":"Pommel Strike","floor":6,"key":"SMITH"},{"data":"Armaments","floor":15,"key":"SMITH"}],"neow_cost":"NONE","seed_source_timestamp":495074691169411,"circlet_count":0,"master_deck":["AscendersBane","Strike_R","Strike_R","Defend_R","Defend_R","Defend_R","Defend_R","Bash+1","Infernal Blade","Pommel Strike+1","Clothesline","Fiend Fire","True Grit","Armaments+1","Uppercut+1","Dark Embrace","Metallicize"],"relics":["Burning Blood","Tiny Chest","MawBank","Smiling Mask","Molten Egg 2","Bronze Scales"],"potions_floor_usage":[13],"damage_taken":[{"damage":0,"enemies":"Cultist","floor":1,"turns":2},{"damage":9,"enemies":"Jaw Worm","floor":2,"turns":4},{"damage":7,"enemies":"Small Slimes","floor":3,"turns":3},{"damage":6,"enemies":"Gremlin Nob","floor":7,"turns":3},{"damage":11,"enemies":"Looter","floor":8,"turns":2},{"damage":45,"enemies":"3 Sentries","floor":10,"turns":9},{"damage":17,"enemies":"Exordium Thugs","floor":13,"turns":2},{"damage":7,"enemies":"3 Louse","floor":14,"turns":4},{"damage":25,"enemies":"The Guardian","floor":16,"turns":11}],"seed_played":"-4005322678954665003","potions_obtained":[{"floor":2,"key":"SkillPotion"},{"floor":3,"key":"Weak Potion"},{"floor":7,"key":"BloodPotion"},{"floor":14,"key":"SteroidPotion"}],"is_trial":false,"path_per_floor":["M","M","M","?","?","R","E","M","T","E","T","$","M","M","R","B"],"character_chosen":"IRONCLAD","items_purchased":["Bronze Scales","Uppercut+1"],"campfire_rested":0,"item_purchase_floors":[12,12],"current_hp_per_floor":[74,71,70,63,63,63,63,58,58,19,19,19,26,25,25,0],"gold":82,"neow_bonus":"TRANSFORM_CARD","is_prod":false,"is_daily":false,"chose_seed":false,"campfire_upgraded":2,"win_rate":0,"timestamp":1566251668,"path_taken":["M","M","?","?","?","R","E","M","T","E","?","$","?","M","R","BOSS"],"build_version":"2019-07-17","purchased_purges":1,"victory":false,"max_hp_per_floor":[75,75,75,75,75,75,75,75,75,75,75,75,75,75,75,75],"card_choices":[{"not_picked":["Metallicize","Twin Strike"],"picked":"Pommel Strike","floor":1},{"not_picked":["Bloodletting","Dual Wield","Warcry"],"picked":"SKIP","floor":2},{"not_picked":["Shrug It Off","Disarm"],"picked":"Clothesline","floor":3},{"not_picked":["Clothesline","Sever Soul"],"picked":"Fiend Fire","floor":7},{"not_picked":["Pommel Strike","Clothesline"],"picked":"True Grit","floor":8},{"not_picked":["Headbutt","Uppercut"],"picked":"Armaments","floor":10},{"not_picked":["Entrench","Clothesline+1"],"picked":"Dark Embrace","floor":13},{"not_picked":["Clash+1","Iron Wave+1"],"picked":"Metallicize","floor":14}],"player_experience":437291,"relics_obtained":[{"floor":7,"key":"Tiny Chest"},{"floor":9,"key":"MawBank"},{"floor":10,"key":"Smiling Mask"},{"floor":11,"key":"Molten Egg 2"}],"event_choices":[{"cards_removed":["Strike_R"],"damage_healed":0,"gold_gain":0,"player_choice":"Card Removal","damage_taken":7,"max_hp_gain":0,"max_hp_loss":0,"event_name":"Golden Wing","floor":4,"gold_loss":0},{"damage_healed":0,"gold_gain":0,"player_choice":"Grow","damage_taken":0,"max_hp_gain":0,"max_hp_loss":0,"event_name":"Living Wall","floor":5,"gold_loss":0,"cards_upgraded":["Bash"]}],"is_beta":false,"boss_relics":[],"items_purged_floors":[12],"is_endless":false,"potions_floor_spawned":[2,3,7,14],"killed_by":"The Guardian","ascension_level":19}