{"gold_per_floor":[118,37,53,53,128,53,203,203,203,224,224,257,56,75,75,166,166,182,232,247,75,75,115,115,138,164,164,199,82,82],"floor_reached":30,"playtime":1726,"items_purged":["Injury","Strike_G"],"score":528,"play_id":"d65542e5-a86b-4361-b5aa-7649bd37b259","local_time":"20190818092113","is_ascension_mode":true,"campfire_choices":[{"data":"Crippling Poison","floor":8.0,"key":"SMITH"},{"data":"Bouncing Flask","floor":11.0,"key":"SMITH"},{"floor":15.0,"key":"REST"},{"floor":24.0,"key":"REST"},{"floor":27.0,"key":"REST"}],"neow_cost":"NONE","seed_source_timestamp":110477920772400,"circlet_count":0,"master_deck":["AscendersBane","Strike_G","Strike_G","Strike_G","Strike_G","Defend_G","Defend_G","Defend_G","Defend_G","Defend_G","Survivor","Neutralize","Bullet Time","Backflip","Crippling Poison+1","Doubt","Bouncing Flask+1","Noxious Fumes+1","Deadly Poison","Envenom+1","Caltrops+1","Footwork+1","Well Laid Plans+1","Blur","Noxious Fumes+1","Infinite Blades+1","Dodge and Roll","Footwork+1","Backflip","PiercingWail"],"special_seed":0,"relics":["Ring of the Snake","Golden Idol","The Courier","Frozen Egg 2","Snake Skull","Velvet Choker","Potion Belt","Blood Vial","Ornamental Fan"],"potions_floor_usage":[],"damage_taken":[{"damage":0.0,"enemies":"Small Slimes","floor":1.0,"turns":4.0},{"damage":0.0,"enemies":"2 Louse","floor":3.0,"turns":5.0},{"damage":0.0,"enemies":"Jaw Worm","floor":10.0,"turns":4.0},{"damage":20.0,"enemies":"3 Sentries","floor":12.0,"turns":10.0},{"damage":0.0,"enemies":"Large Slime","floor":14.0,"turns":4.0},{"damage":28.0,"enemies":"Slime Boss","floor":16.0,"turns":8.0},{"damage":19.0,"enemies":"Shell Parasite","floor":18.0,"turns":4.0},{"damage":0.0,"enemies":"3 Byrds","floor":20.0,"turns":3.0},{"damage":30.0,"enemies":"Gremlin Leader","floor":23.0,"turns":5.0},{"damage":8.0,"enemies":"3 Cultists","floor":25.0,"turns":5.0},{"damage":17.0,"enemies":"Book of Stabbing","floor":28.0,"turns":4.0},{"damage":18,"enemies":"Snake Plant","floor":30,"turns":2}],"seed_played":"-3697999458844973562","potions_obtained":[{"floor":3.0,"key":"FearPotion"},{"floor":18.0,"key":"Fire Potion"},{"floor":23.0,"key":"Swift Potion"},{"floor":25.0,"key":"Ancient Potion"}],"is_trial":false,"path_per_floor":["M","$","M","?","?","$","?","R","T","M","R","E","$","M","R","B",null,"M","?","M","$","?","E","R","M","T","R","E","$","M"],"character_chosen":"THE_SILENT","items_purchased":["Crippling Poison","Snake Skull","Noxious Fumes+1","Well Laid Plans+1","Blur","Footwork+1","Backflip","PiercingWail"],"campfire_rested":3,"item_purchase_floors":[2,13,13,21,21,29,29,29],"current_hp_per_floor":[59,59,59,59,48,48,48,48,48,48,48,28,28,28,47,19,54,35,35,35,35,35,5,24,16,16,35,20,20,4],"gold":82,"neow_bonus":"ONE_RANDOM_RARE_CARD","is_prod":false,"is_daily":false,"chose_seed":false,"campfire_upgraded":2,"win_rate":0,"timestamp":1566112873,"path_taken":["M","$","M","?","?","$","?","R","T","M","R","E","?","M","R","BOSS","M","?","M","$","?","E","R","M","T","R","E","?","?"],"build_version":"2019-07-17","purchased_purges":2,"victory":false,"max_hp_per_floor":[66,66,66,66,66,66,66,66,66,66,66,66,66,66,66,66,66,66,66,66,66,66,66,66,66,66,66,66,66,66],"card_choices":[{"not_picked":["Blade Dance","Bane"],"picked":"Backflip","floor":1.0},{"not_picked":["Underhanded Strike","Sucker Punch","Expertise"],"picked":"SKIP","floor":3.0},{"not_picked":["Backflip","Quick Slash"],"picked":"Bouncing Flask","floor":10.0},{"not_picked":["Flying Knee","Heel Hook","Eviscerate"],"picked":"SKIP","floor":12.0},{"not_picked":["Masterful Stab","Accuracy+1"],"picked":"Deadly Poison","floor":14.0},{"not_picked":["Storm of Steel","Doppelganger"],"picked":"Envenom+1","floor":16.0},{"not_picked":["Underhanded Strike","Cloak And Dagger"],"picked":"Caltrops+1","floor":18.0},{"not_picked":["Escape Plan","Dagger Throw"],"picked":"Footwork+1","floor":20.0},{"not_picked":["Endless Agony","Caltrops+1"],"picked":"Noxious Fumes+1","floor":23.0},{"not_picked":["Quick Slash","Slice"],"picked":"Infinite Blades+1","floor":25.0},{"not_picked":["Sucker Punch+1","Dagger Throw"],"picked":"Dodge and Roll","floor":28.0}],"player_experience":1115429,"relics_obtained":[{"floor":9.0,"key":"The Courier"},{"floor":12.0,"key":"Frozen Egg 2"},{"floor":23.0,"key":"Potion Belt"},{"floor":26.0,"key":"Blood Vial"},{"floor":28.0,"key":"Ornamental Fan"}],"event_choices":[{"damage_healed":0.0,"max_hp_gain":0.0,"max_hp_loss":0.0,"gold_gain":0.0,"event_name":"Golden Idol","player_choice":"Take Wound","floor":4.0,"gold_loss":0.0,"damage_taken":0.0,"relics_obtained":["Golden Idol"],"cards_obtained":["Injury"]},{"damage_healed":0.0,"max_hp_gain":0.0,"max_hp_loss":0.0,"gold_gain":75.0,"event_name":"World of Goop","player_choice":"Gather Gold","floor":5.0,"gold_loss":0.0,"damage_taken":11.0},{"damage_healed":0.0,"max_hp_gain":0.0,"max_hp_loss":0.0,"gold_gain":150.0,"event_name":"Liars Game","player_choice":"AGREE","floor":7.0,"gold_loss":0.0,"damage_taken":0.0,"cards_obtained":["Doubt"]},{"damage_healed":0.0,"max_hp_gain":0.0,"max_hp_loss":0.0,"gold_gain":50.0,"event_name":"Nest","player_choice":"Stole From Cult","floor":19.0,"gold_loss":0.0,"damage_taken":0.0},{"damage_healed":0.0,"max_hp_gain":0.0,"max_hp_loss":0.0,"gold_gain":0.0,"event_name":"Cursed Tome","player_choice":"Ignored","floor":22.0,"gold_loss":0.0,"damage_taken":0.0}],"is_beta":false,"boss_relics":[{"not_picked":["HoveringKite","Lizard Tail"],"picked":"Velvet Choker"}],"items_purged_floors":[6,21],"is_endless":false,"potions_floor_spawned":[3,18,23,25],"killed_by":"Snake Plant","ascension_level":20}