{"gold_per_floor":[116,66,66,81,97,97,131,148,148,148,180,7,82,100,100,100],"floor_reached":16,"playtime":743,"items_purged":["Strike_R"],"score":127,"play_id":"c796daf7-2d6f-45d8-bbd3-5e03f9bf32ed","local_time":"20190303130250","is_ascension_mode":true,"campfire_choices":[{"data":"Bash","floor":6.0,"key":"SMITH"},{"data":"Feed","floor":10.0,"key":"SMITH"},{"floor":15,"key":"REST"}],"neow_cost":"NONE","seed_source_timestamp":0,"circlet_count":0,"master_deck":["Strike_R","Strike_R","Strike_R","Defend_R","Defend_R","Defend_R","Defend_R","Bash+1","Cleave","Flame Barrier","Feed+1","Shrug It Off","Whirlwind","Shrug It Off","Havoc","Armaments"],"special_seed":0,"relics":["Burning Blood","Happy Flower","Anchor","Bottled Flame","Blood Vial","Potion Belt"],"potions_floor_usage":[],"damage_taken":[{"damage":4.0,"enemies":"Small Slimes","floor":1.0,"turns":4.0},{"damage":2.0,"enemies":"Jaw Worm","floor":4.0,"turns":2.0},{"damage":0.0,"enemies":"2 Louse","floor":5.0,"turns":2.0},{"damage":23.0,"enemies":"3 Sentries","floor":7.0,"turns":9.0},{"damage":7.0,"enemies":"Large Slime","floor":8.0,"turns":5.0},{"damage":52.0,"enemies":"Lagavulin","floor":11.0,"turns":9.0},{"damage":4.0,"enemies":"Exordium Thugs","floor":14.0,"turns":4.0},{"damage":47,"enemies":"Slime Boss","floor":16,"turns":8}],"seed_played":"-3124848625162332976","potions_obtained":[{"floor":1.0,"key":"Block Potion"},{"floor":7.0,"key":"GamblersBrew"},{"floor":11.0,"key":"SteroidPotion"}],"is_trial":false,"path_per_floor":["M","?","?","M","M","R","E","M","T","R","E","$","?","M","R","B"],"character_chosen":"IRONCLAD","items_purchased":["Shrug It Off","Havoc"],"campfire_rested":1,"item_purchase_floors":[12,12],"current_hp_per_floor":[80,80,77,80,80,80,63,65,65,65,21,21,10,14,38,0],"gold":100,"neow_bonus":"RANDOM_COMMON_RELIC","is_prod":false,"is_daily":false,"chose_seed":false,"campfire_upgraded":2,"win_rate":0,"timestamp":1551636170,"path_taken":["M","?","?","M","M","R","E","M","T","R","E","$","?","M","R","BOSS"],"build_version":"2019-01-23","purchased_purges":1,"victory":false,"max_hp_per_floor":[80,80,80,80,80,80,80,83,83,83,83,83,83,83,83,83],"card_choices":[{"not_picked":["Second Wind","Uppercut","Body Slam"],"picked":"SKIP","floor":1.0},{"not_picked":["Blood for Blood","Bloodletting"],"picked":"Cleave","floor":4.0},{"not_picked":["Rampage","Clothesline"],"picked":"Flame Barrier","floor":5.0},{"not_picked":["Spot Weakness","Immolate"],"picked":"Feed","floor":7.0},{"not_picked":["Armaments","Heavy Blade"],"picked":"Shrug It Off","floor":8.0},{"not_picked":["Carnage","Bloodletting"],"picked":"Whirlwind","floor":11.0},{"not_picked":["Combust","Heavy Blade"],"picked":"Armaments","floor":14.0}],"player_experience":274947,"relics_obtained":[{"floor":7.0,"key":"Bottled Flame"},{"floor":9.0,"key":"Blood Vial"},{"floor":11.0,"key":"Potion Belt"}],"event_choices":[{"cards_removed":["Strike_R"],"damage_healed":0.0,"max_hp_gain":0.0,"max_hp_loss":0.0,"gold_gain":0.0,"event_name":"The Cleric","player_choice":"Card Removal","floor":2.0,"gold_loss":50.0,"damage_taken":0.0},{"damage_healed":0.0,"max_hp_gain":0.0,"max_hp_loss":0.0,"gold_gain":0.0,"event_name":"Scrap Ooze","player_choice":"Success","floor":3.0,"gold_loss":0.0,"damage_taken":3.0,"relics_obtained":["Anchor"]},{"damage_healed":0.0,"max_hp_gain":0.0,"max_hp_loss":0.0,"gold_gain":75.0,"event_name":"World of Goop","player_choice":"Gather Gold","floor":13.0,"gold_loss":0.0,"damage_taken":11.0}],"is_beta":false,"boss_relics":[],"items_purged_floors":[12],"is_endless":false,"potions_floor_spawned":[1,7,11],"killed_by":"Slime Boss","ascension_level":3}