{"gold_per_floor":[119,7,7,7,19,19,45,61,61,89,89,89,69,85,85,164,164,184,200,94,114,124,150,150,150,177,189,201,213,238,250,262,274],"floor_reached":33,"playtime":1084,"items_purged":["Strike_G"],"score":491,"play_id":"e8087c8b-295c-4ee4-ba29-484371d46f32","local_time":"20190708213238","is_ascension_mode":true,"campfire_choices":[{"data":"Neutralize","floor":6,"key":"SMITH"},{"floor":11,"key":"REST"},{"data":"Bouncing Flask","floor":15,"key":"SMITH"},{"floor":25,"key":"REST"},{"data":"Glass Knife","floor":27,"key":"SMITH"},{"floor":32,"key":"REST"}],"neow_cost":"NONE","seed_source_timestamp":1559005410254851,"circlet_count":0,"master_deck":["AscendersBane","Strike_G+1","Strike_G+1","Strike_G+1","Defend_G+1","Defend_G+1","Defend_G+1","Defend_G+1","Defend_G+1","Survivor","Neutralize+1","Dagger Throw","Bouncing Flask+1","Caltrops+1","PiercingWail","Backflip","Dagger Spray","Noxious Fumes+1","Glass Knife+1","Choke","Acrobatics","PiercingWail","Predator+1"],"relics":["Ring of the Snake","Frozen Egg 2","Paper Crane","Omamori","Sozu","Blue Candle","Pear","MawBank","Molten Egg 2","Bottled Lightning"],"potions_floor_usage":[23,24],"damage_taken":[{"damage":1,"enemies":"Jaw Worm","floor":1,"turns":6},{"damage":3,"enemies":"Small Slimes","floor":5,"turns":5},{"damage":22,"enemies":"Lagavulin","floor":7,"turns":8},{"damage":0,"enemies":"Cultist","floor":8,"turns":3},{"damage":28,"enemies":"Gremlin Nob","floor":10,"turns":5},{"damage":3,"enemies":"Red Slaver","floor":14,"turns":4},{"damage":6,"enemies":"Hexaghost","floor":16,"turns":7},{"damage":6,"enemies":"Spheric Guardian","floor":18,"turns":4},{"damage":7,"enemies":"3 Byrds","floor":19,"turns":2},{"damage":26,"enemies":"Sentry and Sphere","floor":21,"turns":5},{"damage":5,"enemies":"Snecko","floor":22,"turns":5},{"damage":8,"enemies":"Book of Stabbing","floor":23,"turns":5},{"damage":0,"enemies":"Masked Bandits","floor":24,"turns":2},{"damage":17,"enemies":"Shelled Parasite and Fungi","floor":30,"turns":5},{"damage":63,"enemies":"Automaton","floor":33,"turns":6}],"seed_played":"-8188984620971499802","potions_obtained":[{"floor":1,"key":"SmokeBomb"},{"floor":13,"key":"GhostInAJar"}],"is_trial":false,"path_per_floor":["M","$","?","?","M","R","E","M","T","E","R","?","?","M","R","B",null,"M","M","?","M","M","E","?","R","T","R","?","T","M","?","R","B"],"character_chosen":"THE_SILENT","items_purchased":["Caltrops"],"campfire_rested":3,"item_purchase_floors":[2],"current_hp_per_floor":[58,58,63,56,53,53,31,31,31,3,24,24,24,21,21,15,57,51,44,44,18,13,15,15,39,39,39,39,39,22,22,46,0],"gold":274,"neow_bonus":"THREE_CARDS","is_prod":false,"is_daily":false,"chose_seed":false,"campfire_upgraded":3,"win_rate":0,"timestamp":1562639558,"path_taken":["M","$","?","?","M","R","E","M","T","E","R","?","?","?","R","BOSS","M","M","?","?","M","E","?","R","T","R","?","?","M","?","R","BOSS"],"build_version":"2019-07-05","purchased_purges":1,"victory":false,"max_hp_per_floor":[66,66,71,71,71,71,71,71,71,71,71,71,71,71,71,71,71,71,71,71,71,71,81,81,81,81,81,81,81,81,81,81,81],"card_choices":[{"not_picked":["Concentrate","Quick Slash"],"picked":"Dagger Throw","floor":0},{"not_picked":["Heel Hook","Sucker Punch"],"picked":"Bouncing Flask","floor":1},{"not_picked":["Flying Knee","Acrobatics"],"picked":"PiercingWail","floor":5},{"not_picked":["Concentrate","Dagger Spray"],"picked":"Backflip","floor":7},{"not_picked":["Underhanded Strike","Flying Knee"],"picked":"Dagger Spray","floor":8},{"not_picked":["Deadly Poison","Bane"],"picked":"Noxious Fumes+1","floor":10},{"not_picked":["Sucker Punch","Dodge and Roll","Quick Slash"],"picked":"SKIP","floor":14},{"not_picked":["Phantasmal Killer","Unload"],"picked":"Glass Knife","floor":16},{"not_picked":["Masterful Stab+1","Dodge and Roll","Poisoned Stab"],"picked":"SKIP","floor":18},{"not_picked":["Accuracy+1","Flying Knee"],"picked":"Choke","floor":19},{"not_picked":["Acrobatics","Dagger Spray","Outmaneuver"],"picked":"SKIP","floor":21},{"not_picked":["Prepared","Deadly Poison"],"picked":"Acrobatics","floor":22},{"not_picked":["Dagger Spray","Dagger Throw"],"picked":"PiercingWail","floor":23},{"not_picked":["Deadly Poison","Dagger Throw+1"],"picked":"Predator+1","floor":30}],"player_experience":356682,"relics_obtained":[{"floor":7,"key":"Frozen Egg 2"},{"floor":9,"key":"Paper Crane"},{"floor":10,"key":"Omamori"},{"floor":23,"key":"Pear"},{"floor":26,"key":"MawBank"},{"floor":29,"key":"Bottled Lightning"}],"event_choices":[{"damage_healed":0,"gold_gain":0,"player_choice":"Donut","damage_taken":0,"max_hp_gain":5,"max_hp_loss":0,"event_name":"Big Fish","floor":3,"gold_loss":0},{"cards_removed":["Strike_G"],"damage_healed":0,"gold_gain":0,"player_choice":"Card Removal","damage_taken":7,"max_hp_gain":0,"max_hp_loss":0,"event_name":"Golden Wing","floor":4,"gold_loss":0},{"damage_healed":0,"gold_gain":0,"player_choice":"Grow","damage_taken":0,"max_hp_gain":0,"max_hp_loss":0,"event_name":"Living Wall","floor":12,"gold_loss":0,"cards_upgraded":["Caltrops"]},{"damage_healed":0,"gold_gain":0,"player_choice":"Bought 1 Potion","damage_taken":0,"max_hp_gain":0,"max_hp_loss":0,"event_name":"The Woman in Blue","floor":13,"gold_loss":0},{"damage_healed":0,"gold_gain":0,"player_choice":"Paid Gold","damage_taken":0,"relics_obtained":["Blue Candle"],"max_hp_gain":0,"max_hp_loss":0,"event_name":"WeMeetAgain","floor":20,"gold_loss":106},{"damage_healed":0,"gold_gain":0,"player_choice":"Fought Bandits","damage_taken":0,"max_hp_gain":0,"max_hp_loss":0,"event_name":"Masked Bandits","floor":24,"gold_loss":0},{"damage_healed":0,"gold_gain":0,"player_choice":"Opened","damage_taken":0,"relics_obtained":["Molten Egg 2"],"max_hp_gain":0,"max_hp_loss":0,"event_name":"The Mausoleum","floor":28,"gold_loss":0,"cards_obtained":["Writhe"]},{"damage_healed":0,"gold_gain":0,"player_choice":"Simplicity","damage_taken":0,"max_hp_gain":0,"max_hp_loss":0,"event_name":"Back to Basics","floor":31,"gold_loss":0,"cards_upgraded":["Strike_G","Strike_G","Strike_G","Defend_G","Defend_G","Defend_G","Defend_G","Defend_G"]}],"is_beta":false,"boss_relics":[{"not_picked":["Ectoplasm","Empty Cage"],"picked":"Sozu"}],"items_purged_floors":[2],"is_endless":false,"potions_floor_spawned":[1,16,22,24],"killed_by":"Automaton","ascension_level":16}