{"gold_per_floor":[111,111,136,152,152,152,176,195,219,237,237,271,287,287,287,383,383,406,440,60,60,60,60,60],"floor_reached":24,"playtime":630,"items_purged":["Strike_R"],"score":378,"play_id":"ca7c24be-ad39-456e-b101-6863bdbe9758","local_time":"20190715220454","is_ascension_mode":true,"campfire_choices":[{"data":"Inflame","floor":6,"key":"SMITH"},{"data":"Evolve","floor":15,"key":"SMITH"},{"floor":23,"key":"REST"}],"neow_cost":"TEN_PERCENT_HP_LOSS","seed_source_timestamp":513919606626429,"circlet_count":0,"master_deck":["AscendersBane","Defend_R","Defend_R","Defend_R","Defend_R","Bash+1","Fiend Fire+1","Inflame+1","Battle Trance","Power Through","Clothesline","Pommel Strike","Evolve+1","True Grit","Exhume","Cleave","Uppercut+1","Seeing Red","Bite","Bite","Bite","Bite","Bite"],"relics":["Burning Blood","Golden Idol","Happy Flower","Whetstone","Mark of Pain","Red Mask","Gremlin Horn"],"potions_floor_usage":[24],"damage_taken":[{"damage":18,"enemies":"Small Slimes","floor":1,"turns":5},{"damage":0,"enemies":"2 Louse","floor":3,"turns":2},{"damage":7,"enemies":"Jaw Worm","floor":4,"turns":3},{"damage":1,"enemies":"Looter","floor":7,"turns":2},{"damage":16,"enemies":"Exordium Thugs","floor":8,"turns":5},{"damage":12,"enemies":"Exordium Wildlife","floor":10,"turns":3},{"damage":21,"enemies":"Gremlin Nob","floor":12,"turns":4},{"damage":7,"enemies":"3 Louse","floor":13,"turns":3},{"damage":23,"enemies":"Slime Boss","floor":16,"turns":4},{"damage":11,"enemies":"Spheric Guardian","floor":18,"turns":3},{"damage":46,"enemies":"Masked Bandits","floor":19,"turns":4},{"damage":36,"enemies":"Slavers","floor":24,"turns":2}],"seed_played":"-320727697780267681","potions_obtained":[{"floor":1,"key":"Ancient Potion"},{"floor":3,"key":"Strength Potion"},{"floor":10,"key":"LiquidBronze"}],"is_trial":false,"path_per_floor":["M","?","M","M","?","R","M","M","T","M","?","E","M","?","R","B",null,"M","?","$","?","$","R","E"],"character_chosen":"IRONCLAD","items_purchased":["Gremlin Horn","Seeing Red"],"campfire_rested":1,"item_purchase_floors":[20,20],"current_hp_per_floor":[56,33,39,38,60,60,65,55,55,49,49,34,33,26,26,9,53,48,8,8,8,8,22,0],"gold":60,"neow_bonus":"THREE_RARE_CARDS","is_prod":false,"is_daily":false,"chose_seed":false,"campfire_upgraded":2,"win_rate":0,"timestamp":1563246294,"path_taken":["M","?","M","M","?","R","M","M","T","M","?","E","?","?","R","BOSS","M","?","$","?","$","R","E"],"build_version":"2019-07-05","purchased_purges":1,"victory":false,"max_hp_per_floor":[68,68,68,68,68,68,68,68,68,68,68,68,68,68,68,68,68,68,68,68,47,47,47,47],"card_choices":[{"not_picked":["Exhume","Double Tap"],"picked":"Fiend Fire","floor":0},{"not_picked":["Clash","Entrench"],"picked":"Inflame","floor":1},{"not_picked":["Rampage","Cleave"],"picked":"Battle Trance","floor":3},{"not_picked":["Spot Weakness","Cleave"],"picked":"Power Through","floor":4},{"not_picked":["Heavy Blade","Headbutt"],"picked":"Clothesline","floor":7},{"not_picked":["Iron Wave","Blood for Blood"],"picked":"Pommel Strike","floor":8},{"not_picked":["Second Wind","Thunderclap"],"picked":"Evolve","floor":10},{"not_picked":["Pommel Strike","Clash"],"picked":"True Grit","floor":12},{"not_picked":["Rage","Entrench","Warcry"],"picked":"SKIP","floor":13},{"not_picked":["Limit Break","Reaper"],"picked":"Exhume","floor":16},{"not_picked":["Flex","Ghostly Armor"],"picked":"Cleave","floor":18},{"not_picked":["Fire Breathing","Shrug It Off"],"picked":"Uppercut+1","floor":19}],"player_experience":375523,"relics_obtained":[{"floor":9,"key":"Happy Flower"},{"floor":12,"key":"Whetstone"},{"floor":19,"key":"Red Mask"}],"event_choices":[{"damage_healed":0,"gold_gain":0,"player_choice":"Take Damage","damage_taken":23,"relics_obtained":["Golden Idol"],"max_hp_gain":0,"max_hp_loss":0,"event_name":"Golden Idol","floor":2,"gold_loss":0},{"damage_healed":22,"gold_gain":0,"player_choice":"Banana","damage_taken":0,"max_hp_gain":0,"max_hp_loss":0,"event_name":"Big Fish","floor":5,"gold_loss":0},{"damage_healed":0,"gold_gain":0,"player_choice":"Ignored","damage_taken":0,"max_hp_gain":0,"max_hp_loss":0,"event_name":"Shining Light","floor":11,"gold_loss":0},{"cards_removed":["Strike_R"],"damage_healed":0,"gold_gain":0,"player_choice":"Card Removal","damage_taken":7,"max_hp_gain":0,"max_hp_loss":0,"event_name":"Golden Wing","floor":14,"gold_loss":0},{"damage_healed":0,"gold_gain":0,"player_choice":"Fought Bandits","damage_taken":0,"max_hp_gain":0,"max_hp_loss":0,"event_name":"Masked Bandits","floor":19,"gold_loss":0},{"damage_healed":0,"gold_gain":0,"player_choice":"Became a vampire","damage_taken":0,"max_hp_gain":0,"max_hp_loss":21,"event_name":"Vampires","floor":21,"gold_loss":0,"cards_obtained":["Bite","Bite","Bite","Bite","Bite"]}],"is_beta":false,"boss_relics":[{"not_picked":["Lizard Tail","Astrolabe"],"picked":"Mark of Pain"}],"items_purged_floors":[20],"is_endless":false,"potions_floor_spawned":[1,3,10,19],"killed_by":"Slavers","ascension_level":16}