{"gold_per_floor":[113,113,127,127,143,154,154,169,194,229,253,287,311,358,370,459,471,498,530,542,554,576,588],"floor_reached":23,"playtime":2007,"items_purged":[],"score":522,"play_id":"1dc5f166-1d3a-472d-8a86-cc6a30cac120","local_time":"20190715151610","is_ascension_mode":true,"campfire_choices":[{"data":"Glass Knife","floor":7,"key":"SMITH"},{"data":"Glass Knife","floor":15,"key":"SMITH"}],"neow_cost":"NONE","seed_source_timestamp":627246817802400,"circlet_count":0,"master_deck":["AscendersBane","Strike_G","Strike_G","Strike_G","Strike_G","Defend_G","Defend_G","Defend_G","Defend_G","Defend_G","Survivor","Neutralize","Adrenaline","Well Laid Plans","Blade Dance+1","Glass Knife+1","Flying Knee","Dagger Spray","Dagger Throw","Glass Knife+1","Cloak And Dagger","Die Die Die","Backflip","Cloak And Dagger","Corpse Explosion","Prepared"],"relics":["Ring of the Snake","Oddly Smooth Stone","Vajra","Odd Mushroom","Art of War","MawBank","Orichalcum","Runic Pyramid"],"potions_floor_usage":[8,12,16,22,23],"damage_taken":[{"damage":0,"enemies":"2 Louse","floor":1,"turns":4},{"damage":0,"enemies":"Jaw Worm","floor":3,"turns":5},{"damage":0,"enemies":"Small Slimes","floor":5,"turns":3},{"damage":0,"enemies":"Exordium Wildlife","floor":6,"turns":2},{"damage":3,"enemies":"2 Fungi Beasts","floor":8,"turns":5},{"damage":5,"enemies":"3 Sentries","floor":10,"turns":6},{"damage":3,"enemies":"The Mushroom Lair","floor":11,"turns":3},{"damage":8,"enemies":"Lagavulin","floor":12,"turns":4},{"damage":2,"enemies":"Gremlin Nob","floor":14,"turns":3},{"damage":0,"enemies":"Slime Boss","floor":16,"turns":4},{"damage":0,"enemies":"3 Byrds","floor":18,"turns":3},{"damage":4,"enemies":"Shell Parasite","floor":19,"turns":4},{"damage":12,"enemies":"Snake Plant","floor":22,"turns":5},{"damage":49,"enemies":"Book of Stabbing","floor":23,"turns":5}],"seed_played":"-2303559145525728388","potions_obtained":[{"floor":3,"key":"Regen Potion"},{"floor":5,"key":"AttackPotion"},{"floor":11,"key":"PowerPotion"},{"floor":14,"key":"Weak Potion"},{"floor":18,"key":"Strength Potion"}],"is_trial":false,"path_per_floor":["M","?","M","?","M","M","R","M","T","E","?","E","T","E","R","B",null,"M","M","?","?","M","E"],"character_chosen":"THE_SILENT","items_purchased":[],"campfire_rested":0,"item_purchase_floors":[],"current_hp_per_floor":[59,52,52,52,52,52,52,63,63,58,55,47,47,45,45,45,61,61,57,57,57,45,0],"gold":588,"neow_bonus":"ONE_RANDOM_RARE_CARD","is_prod":false,"is_daily":false,"chose_seed":false,"campfire_upgraded":2,"win_rate":0,"timestamp":1563218170,"path_taken":["M","?","M","?","M","M","R","?","T","E","?","E","?","E","R","BOSS","M","M","?","?","M","E"],"build_version":"2019-07-05","purchased_purges":0,"victory":false,"max_hp_per_floor":[66,66,66,66,66,66,66,66,66,66,66,66,66,66,66,66,66,66,66,66,66,66,66],"card_choices":[{"not_picked":["Dodge and Roll","Prepared"],"picked":"Well Laid Plans","floor":1},{"not_picked":["Prepared","Backflip"],"picked":"Blade Dance","floor":3},{"not_picked":["Deflect","Leg Sweep"],"picked":"Glass Knife","floor":5},{"not_picked":["Deflect","Prepared"],"picked":"Flying Knee","floor":6},{"not_picked":["Poisoned Stab","Setup"],"picked":"Dagger Spray","floor":8},{"not_picked":["Endless Agony","Blade Dance"],"picked":"Dagger Throw","floor":10},{"not_picked":["Deadly Poison","Endless Agony"],"picked":"Glass Knife","floor":12},{"not_picked":["Eviscerate","Dagger Spray"],"picked":"Cloak And Dagger","floor":14},{"not_picked":["A Thousand Cuts","Phantasmal Killer"],"picked":"Die Die Die","floor":16},{"not_picked":["Dagger Spray","Outmaneuver"],"picked":"Backflip","floor":18},{"not_picked":["Flying Knee","Outmaneuver"],"picked":"Cloak And Dagger","floor":19},{"not_picked":["Sucker Punch","Blade Dance+1"],"picked":"Prepared","floor":22}],"player_experience":2279677,"relics_obtained":[{"floor":9,"key":"Oddly Smooth Stone"},{"floor":10,"key":"Vajra"},{"floor":11,"key":"Odd Mushroom"},{"floor":12,"key":"Art of War"},{"floor":13,"key":"MawBank"},{"floor":14,"key":"Orichalcum"}],"event_choices":[{"cards_removed":["Strike_G"],"damage_healed":0,"gold_gain":0,"player_choice":"Card Removal","damage_taken":7,"max_hp_gain":0,"max_hp_loss":0,"event_name":"Golden Wing","floor":2,"gold_loss":0},{"damage_healed":0,"gold_gain":0,"player_choice":"Grow","damage_taken":0,"max_hp_gain":0,"max_hp_loss":0,"event_name":"Living Wall","floor":4,"gold_loss":0,"cards_upgraded":["Blade Dance"]},{"damage_healed":0,"gold_gain":0,"player_choice":"Fought Mushrooms","damage_taken":0,"max_hp_gain":0,"max_hp_loss":0,"event_name":"Mushrooms","floor":11,"gold_loss":0},{"damage_healed":0,"gold_gain":0,"player_choice":"Read","damage_taken":0,"max_hp_gain":0,"max_hp_loss":0,"event_name":"The Library","floor":20,"gold_loss":0,"cards_obtained":["Corpse Explosion"]},{"damage_healed":0,"gold_gain":0,"player_choice":"Ignored","damage_taken":0,"max_hp_gain":0,"max_hp_loss":0,"event_name":"Vampires","floor":21,"gold_loss":0}],"is_beta":false,"boss_relics":[{"not_picked":["Astrolabe","Philosopher\u0027s Stone"],"picked":"Runic Pyramid"}],"items_purged_floors":[],"is_endless":false,"potions_floor_spawned":[3,5,6,11,14,18],"killed_by":"Book of Stabbing","ascension_level":20}