{"gold_per_floor":[117,127,145,162,182,182,208,47,126,126,126,141,141,159,159,236,236,246,256,256,99,99,99,131,131,158,185,208,208,218,250,262,348,360,384,496,508,531,523,535,566,578,590,621,633,660,250,264,264,264],"floor_reached":51,"playtime":3035,"items_purged":["Strike_B","Decay","Strike_B"],"score":1240,"play_id":"a90ffcdd-8a2c-424c-967d-330f902b74b1","local_time":"20190810115718","is_ascension_mode":true,"campfire_choices":[{"data":"Zap","floor":6,"key":"SMITH"},{"data":"Biased Cognition","floor":10,"key":"SMITH"},{"data":"Loop","floor":13,"key":"SMITH"},{"data":"Ball Lightning","floor":15,"key":"SMITH"},{"data":"Capacitor","floor":23,"key":"SMITH"},{"data":"Meteor Strike","floor":25,"key":"SMITH"},{"floor":29,"key":"REST"},{"floor":32,"key":"REST"},{"data":"Coolheaded","floor":40,"key":"SMITH"},{"data":"Coolheaded","floor":42,"key":"SMITH"},{"floor":45,"key":"REST"},{"data":"Skim","floor":49,"key":"SMITH"}],"neow_cost":"TEN_PERCENT_HP_LOSS","seed_source_timestamp":2721445101985210,"circlet_count":0,"master_deck":["AscendersBane","Strike_B","Defend_B","Defend_B","Defend_B","Defend_B","Zap+1","Dualcast","Ball Lightning+1","Go for the Eyes","Genetic Algorithm","Biased Cognition+1","Compile Driver","Loop+1","Capacitor+1","Steam","Meteor Strike+1","Leap","Hologram","Core Surge","Coolheaded+1","Skim+1","Electrodynamics","Coolheaded+1","Rainbow","Doom and Gloom+1"],"relics":["Cracked Core","Turnip","Happy Flower","Meat on the Bone","Snecko Eye","Unceasing Top","Ancient Tea Set","Smiling Mask","Bag of Preparation","MawBank","Inserter","FossilizedHelix","Torii","OrangePellets"],"potions_floor_usage":[24,31,33,50],"damage_taken":[{"damage":0,"enemies":"Cultist","floor":1,"turns":4},{"damage":2,"enemies":"2 Louse","floor":2,"turns":2},{"damage":2,"enemies":"Jaw Worm","floor":3,"turns":3},{"damage":11,"enemies":"Exordium Thugs","floor":4,"turns":4},{"damage":0,"enemies":"Large Slime","floor":5,"turns":4},{"damage":26,"enemies":"Gremlin Nob","floor":7,"turns":4},{"damage":8,"enemies":"Blue Slaver","floor":12,"turns":3},{"damage":4,"enemies":"3 Louse","floor":14,"turns":3},{"damage":25,"enemies":"Hexaghost","floor":16,"turns":8},{"damage":0,"enemies":"Spheric Guardian","floor":18,"turns":3},{"damage":1,"enemies":"Shell Parasite","floor":19,"turns":3},{"damage":21,"enemies":"Slavers","floor":24,"turns":5},{"damage":21,"enemies":"Book of Stabbing","floor":27,"turns":4},{"damage":6,"enemies":"3 Cultists","floor":30,"turns":4},{"damage":26,"enemies":"Gremlin Leader","floor":31,"turns":5},{"damage":27,"enemies":"Champ","floor":33,"turns":12},{"damage":22,"enemies":"3 Shapes","floor":35,"turns":3},{"damage":0,"enemies":"Mind Bloom Boss Battle","floor":36,"turns":4},{"damage":0,"enemies":"3 Darklings","floor":38,"turns":4},{"damage":0,"enemies":"Transient","floor":41,"turns":6},{"damage":0,"enemies":"Spire Growth","floor":44,"turns":4},{"damage":0,"enemies":"Jaw Worm Horde","floor":46,"turns":2},{"damage":0,"enemies":"Maw","floor":48,"turns":3},{"damage":51,"enemies":"Time Eater","floor":50,"turns":10}],"seed_played":"-5154669325692881158","potions_obtained":[{"floor":1,"key":"Poison Potion"},{"floor":2,"key":"Ancient Potion"},{"floor":24,"key":"Dexterity Potion"},{"floor":30,"key":"FocusPotion"},{"floor":31,"key":"Swift Potion"},{"floor":33,"key":"Weak Potion"},{"floor":35,"key":"FairyPotion"}],"is_trial":false,"path_per_floor":["M","M","M","M","M","R","E","$","T","R","?","M","R","M","R","B",null,"M","M","?","$","?","R","E","R","T","E","T","R","M","E","R","B",null,"M","?","?","M","?","R","M","R","T","M","R","M","$","M","R","B",null],"character_chosen":"DEFECT","items_purchased":["Loop","Hologram","OrangePellets","Rainbow"],"campfire_rested":3,"item_purchase_floors":[8,21,47,47],"current_hp_per_floor":[64,62,60,49,49,49,23,23,23,23,23,27,27,35,35,22,54,54,53,53,53,53,53,44,44,44,35,35,54,48,34,53,38,58,36,36,36,36,36,36,36,36,36,36,55,55,55,55,55,16],"gold":264,"neow_bonus":"ONE_RARE_RELIC","is_prod":false,"is_daily":false,"chose_seed":false,"campfire_upgraded":9,"win_rate":0,"timestamp":1565456238,"path_taken":["M","M","?","M","M","R","E","$","T","R","?","M","R","M","R","BOSS","M","M","?","?","?","R","E","R","T","E","?","R","M","E","R","BOSS","M","?","?","M","?","R","?","R","T","M","R","M","$","M","R","BOSS"],"build_version":"2019-07-17","purchased_purges":3,"victory":true,"max_hp_per_floor":[64,64,64,64,64,64,64,64,64,64,64,64,64,64,64,64,64,64,64,64,64,64,64,64,64,64,64,64,64,64,64,64,64,64,64,64,64,64,64,64,64,64,64,64,64,64,64,64,64,64],"card_choices":[{"not_picked":["Skim","Cold Snap"],"picked":"Ball Lightning","floor":1},{"not_picked":["Gash","Stack"],"picked":"Go for the Eyes","floor":2},{"not_picked":["Rip and Tear","Chill"],"picked":"Genetic Algorithm","floor":3},{"not_picked":["Turbo","Gash"],"picked":"Biased Cognition","floor":4},{"not_picked":["Streamline","Recycle","Hello World"],"picked":"SKIP","floor":5},{"not_picked":["Ball Lightning","Tempest"],"picked":"Compile Driver","floor":7},{"not_picked":["Sunder","Rebound"],"picked":"Capacitor","floor":12},{"not_picked":["Storm","Auto Shields"],"picked":"Steam","floor":14},{"not_picked":["Machine Learning","Rainbow"],"picked":"Meteor Strike","floor":16},{"not_picked":["FTL","Ball Lightning"],"picked":"Leap","floor":18},{"not_picked":["Leap","Ball Lightning","Cold Snap"],"picked":"SKIP","floor":19},{"not_picked":["Steam","Stack+1","Gash+1"],"picked":"SKIP","floor":24},{"not_picked":["Coolheaded","Turbo"],"picked":"Core Surge","floor":27},{"not_picked":["Sweeping Beam","Scrape"],"picked":"Coolheaded","floor":30},{"not_picked":["Ball Lightning+1","Rebound"],"picked":"Skim","floor":31},{"not_picked":["Fission","Machine Learning"],"picked":"Electrodynamics","floor":33},{"not_picked":["Recycle","Conserve Battery","Redo+1"],"picked":"SKIP","floor":35},{"not_picked":["Sweeping Beam+1","Blizzard"],"picked":"Coolheaded","floor":38},{"not_picked":["Go for the Eyes","Rebound","Turbo"],"picked":"SKIP","floor":41},{"not_picked":["Rebound","Force Field","Beam Cell"],"picked":"SKIP","floor":44},{"not_picked":["Go for the Eyes","Sweeping Beam+1","Steam"],"picked":"SKIP","floor":46},{"not_picked":["Gash+1","Conserve Battery"],"picked":"Doom and Gloom+1","floor":48}],"player_experience":419858,"relics_obtained":[{"floor":7,"key":"Happy Flower"},{"floor":9,"key":"Meat on the Bone"},{"floor":24,"key":"Unceasing Top"},{"floor":26,"key":"Ancient Tea Set"},{"floor":27,"key":"Smiling Mask"},{"floor":28,"key":"Bag of Preparation"},{"floor":31,"key":"MawBank"},{"floor":36,"key":"FossilizedHelix"},{"floor":43,"key":"Torii"}],"event_choices":[{"cards_removed":["Strike_B"],"damage_healed":0,"gold_gain":0,"player_choice":"Forget","damage_taken":0,"max_hp_gain":0,"max_hp_loss":0,"event_name":"Living Wall","floor":11,"gold_loss":0},{"damage_healed":0,"gold_gain":0,"player_choice":"Cursed","damage_taken":0,"max_hp_gain":0,"max_hp_loss":0,"event_name":"Wheel of Change","floor":20,"gold_loss":0,"cards_obtained":["Decay"]},{"damage_healed":0,"gold_gain":0,"player_choice":"Ignored","damage_taken":0,"max_hp_gain":0,"max_hp_loss":0,"event_name":"Vampires","floor":22,"gold_loss":0},{"damage_healed":0,"gold_gain":0,"player_choice":"Fight","damage_taken":0,"max_hp_gain":0,"max_hp_loss":0,"event_name":"MindBloom","floor":36,"gold_loss":0},{"damage_healed":0,"gold_gain":0,"player_choice":"Ignored","damage_taken":0,"max_hp_gain":0,"max_hp_loss":0,"event_name":"Tomb of Lord Red Mask","floor":37,"gold_loss":0},{"damage_healed":0,"gold_gain":0,"player_choice":"Bought 1 Potion","damage_taken":0,"max_hp_gain":0,"max_hp_loss":0,"event_name":"The Woman in Blue","floor":39,"gold_loss":0}],"is_beta":false,"boss_relics":[{"not_picked":["Lizard Tail","Calling Bell"],"picked":"Snecko Eye"},{"not_picked":["White Beast Statue","Nuclear Battery"],"picked":"Inserter"}],"items_purged_floors":[8,21,47],"is_endless":false,"potions_floor_spawned":[1,2,5,14,18,24,30,31,33,35,38,48],"ascension_level":17}