{"gold_per_floor":[109,34,34,47,63,97,116,151,151,170,170,170,170,170],"floor_reached":14,"playtime":494,"items_purged":["Regret"],"score":120,"play_id":"78c29506-b8dd-42f9-a16c-7729a116bb9a","local_time":"20190605174517","is_ascension_mode":true,"campfire_choices":[{"floor":13,"key":"REST"}],"neow_cost":"NONE","seed_source_timestamp":93509684491290,"circlet_count":0,"master_deck":["Defend_G","Defend_G","Defend_G","Defend_G","Defend_G","Strike_G","Strike_G","Strike_G","Strike_G","Strike_G","Survivor","Neutralize","Injury","Doubt","Poisoned Stab","Footwork","Acrobatics","Catalyst","Parasite","Deadly Poison"],"relics":["Calling Bell","Dream Catcher","Mercury Hourglass","The Specimen","Darkstone Periapt","Gremlin Horn"],"potions_floor_usage":[5,6,6,6,8,8],"damage_taken":[{"damage":1,"enemies":"2 Louse","floor":1,"turns":2},{"damage":2,"enemies":"Cultist","floor":4,"turns":4},{"damage":13,"enemies":"Jaw Worm","floor":5,"turns":4},{"damage":17,"enemies":"Gremlin Nob","floor":6,"turns":4},{"damage":13,"enemies":"Blue Slaver","floor":7,"turns":4},{"damage":20,"enemies":"Lagavulin","floor":8,"turns":7},{"damage":0,"enemies":"3 Louse","floor":10,"turns":2},{"damage":0,"enemies":"3 Sentries","floor":14,"turns":1}],"seed_played":"769734266037157220","potions_obtained":[{"floor":3,"key":"EntropicBrew"},{"floor":3,"key":"SneckoOil"},{"floor":3,"key":"SkillPotion"},{"floor":6,"key":"Strength Potion"},{"floor":10,"key":"Block Potion"}],"is_trial":false,"path_per_floor":["M","$","?","M","M","E","M","E","T","M","?","?","R","E"],"character_chosen":"THE_SILENT","items_purchased":[],"campfire_rested":1,"item_purchase_floors":[],"current_hp_per_floor":[69,69,69,67,54,37,24,4,4,4,1,24,46,46],"gold":170,"neow_bonus":"BOSS_RELIC","is_prod":false,"is_daily":false,"chose_seed":false,"campfire_upgraded":0,"win_rate":0,"timestamp":1559774717,"path_taken":["M","$","?","M","M","E","M","E","T","?","?","?","R","E"],"build_version":"2019-01-23","purchased_purges":1,"victory":false,"max_hp_per_floor":[70,70,70,70,70,70,70,70,70,70,70,76,76,76],"card_choices":[{"not_picked":["Backflip","Bane"],"picked":"Poisoned Stab","floor":1},{"not_picked":["All Out Attack","Caltrops"],"picked":"Footwork","floor":4},{"not_picked":["Choke","Flying Knee","Expertise"],"picked":"SKIP","floor":5},{"not_picked":["PiercingWail","Venomology"],"picked":"Acrobatics","floor":6},{"not_picked":["Slice","Outmaneuver","Setup"],"picked":"SKIP","floor":7},{"not_picked":["Tactician","Riddle With Holes"],"picked":"Catalyst","floor":8},{"not_picked":["Riddle With Holes","Blade Dance","Acrobatics"],"picked":"SKIP","floor":10},{"not_picked":["Infinite Blades","All Out Attack"],"picked":"Deadly Poison","floor":13}],"player_experience":97593,"relics_obtained":[{"floor":0,"key":"Dream Catcher"},{"floor":0,"key":"Mercury Hourglass"},{"floor":0,"key":"The Specimen"},{"floor":6,"key":"Darkstone Periapt"},{"floor":8,"key":"Gremlin Horn"}],"event_choices":[{"damage_healed":0,"gold_gain":0,"player_choice":"Got Potions","damage_taken":0,"max_hp_gain":0,"max_hp_loss":0,"event_name":"Lab","floor":3,"gold_loss":0},{"damage_healed":0,"gold_gain":0,"player_choice":"Fled","damage_taken":3,"max_hp_gain":0,"max_hp_loss":0,"event_name":"Scrap Ooze","floor":11,"gold_loss":0},{"damage_healed":17,"gold_gain":0,"player_choice":"Healed and dodged fight","damage_taken":0,"max_hp_gain":0,"max_hp_loss":0,"event_name":"Mushrooms","floor":12,"gold_loss":0,"cards_obtained":["Parasite"]}],"is_beta":false,"boss_relics":[],"items_purged_floors":[2],"is_endless":false,"potions_floor_spawned":[6,7,10],"killed_by":"3 Sentries","ascension_level":4}