{"gold_per_floor":[111,111,111,386,409,409,90,90,90,113,133,173,18,37,37,163,163,177,197,197,197,207,241,266,277,277,277,17,17,217,229,229,325,325,337,354,154,154,78,111,122,122,122,45,45,45,59,159,159,159,159,159,9,37,37],"floor_reached":55,"playtime":6661,"items_purged":["Regret","Strike_R","Pain"],"score":788,"play_id":"d4ae900c-5289-4673-8480-90a64dbe1817","local_time":"20190813150144","is_ascension_mode":false,"campfire_choices":[{"data":"Bash","floor":6.0,"key":"SMITH"},{"floor":15.0,"key":"REST"},{"data":"Blind","floor":29.0,"key":"SMITH"},{"data":"Demon Form","floor":32.0,"key":"SMITH"},{"floor":42.0,"key":"RECALL"},{"floor":46.0,"key":"DIG"},{"floor":49.0,"key":"DIG"},{"floor":52.0,"key":"DIG"}],"neow_cost":"TEN_PERCENT_HP_LOSS","seed_source_timestamp":0,"circlet_count":0,"master_deck":["Strike_R","Strike_R","Strike_R","Strike_R","Defend_R","Defend_R","Defend_R","Defend_R+1","Bash+1","Heavy Blade+1","Dropkick","Blind+1","Shockwave","Limit Break+1","Metallicize","Demon Form+1","Shrug It Off+1","Berserk","Berserk","Feed","True Grit+1","Fire Breathing+1","Shrug It Off","Shrug It Off+1","Armaments+1","Dual Wield+1","Rampage+1"],"special_seed":0,"relics":["Burning Blood","Bird Faced Urn","Bloody Idol","Membership Card","Bag of Marbles","Incense Burner","Mark of Pain","Ornamental Fan","War Paint","Bag of Preparation","Potion Belt","ClockworkSouvenir","Mercury Hourglass","Lizard Tail","Pen Nib","Juzu Bracelet","WarpedTongs","Bronze Scales","Shovel","Omamori","Mummified Hand","Mango","Bottled Flame","Kunai","Orichalcum","Happy Flower","Strawberry"],"potions_floor_usage":[55,55],"damage_taken":[{"damage":5.0,"enemies":"2 Louse","floor":1.0,"turns":4.0},{"damage":3.0,"enemies":"Small Slimes","floor":5.0,"turns":2.0},{"damage":0.0,"enemies":"Cultist","floor":10.0,"turns":3.0},{"damage":5.0,"enemies":"Large Slime","floor":11.0,"turns":5.0},{"damage":28.0,"enemies":"3 Sentries","floor":12.0,"turns":11.0},{"damage":12.0,"enemies":"Lots of Slimes","floor":14.0,"turns":5.0},{"damage":47.0,"enemies":"The Guardian","floor":16.0,"turns":12.0},{"damage":2.0,"enemies":"Chosen","floor":18.0,"turns":4.0},{"damage":4.0,"enemies":"Spheric Guardian","floor":19.0,"turns":5.0},{"damage":18.0,"enemies":"Colosseum Slavers","floor":20.0,"turns":6.0},{"damage":13.0,"enemies":"Snake Plant","floor":22.0,"turns":4.0},{"damage":36.0,"enemies":"Gremlin Leader","floor":23.0,"turns":3.0},{"damage":12.0,"enemies":"3 Cultists","floor":25.0,"turns":6.0},{"damage":9.0,"enemies":"Chosen and Byrds","floor":31.0,"turns":5.0},{"damage":14.0,"enemies":"Champ","floor":33.0,"turns":7.0},{"damage":34.0,"enemies":"3 Darklings","floor":35.0,"turns":5.0},{"damage":11.0,"enemies":"Orb Walker","floor":36.0,"turns":5.0},{"damage":13.0,"enemies":"Giant Head","floor":40.0,"turns":6.0},{"damage":16.0,"enemies":"Jaw Worm Horde","floor":41.0,"turns":5.0},{"damage":41.0,"enemies":"Writhing Mass","floor":47.0,"turns":6.0},{"damage":8.0,"enemies":"Mind Bloom Boss Battle","floor":48.0,"turns":6.0},{"damage":71.0,"enemies":"Time Eater","floor":50.0,"turns":9.0},{"damage":20.0,"enemies":"Shield and Spear","floor":54.0,"turns":5.0},{"damage":189,"enemies":"The Heart","floor":55,"turns":9}],"seed_played":"8536862039484425023","potions_obtained":[{"floor":1.0,"key":"Explosive Potion"},{"floor":8.0,"key":"Swift Potion"},{"floor":8.0,"key":"Ancient Potion"},{"floor":8.0,"key":"Dexterity Potion"},{"floor":10.0,"key":"BloodPotion"},{"floor":14.0,"key":"AttackPotion"},{"floor":16.0,"key":"Strength Potion"},{"floor":19.0,"key":"AttackPotion"},{"floor":22.0,"key":"SkillPotion"},{"floor":25.0,"key":"SpeedPotion"},{"floor":33.0,"key":"LiquidBronze"},{"floor":35.0,"key":"Energy Potion"},{"floor":36.0,"key":"Fire Potion"},{"floor":48.0,"key":"Poison Potion"},{"floor":54.0,"key":"Strength Potion"}],"is_trial":false,"path_per_floor":["M","?","?","?","M","R","$","?","T","M","M","E","$","M","R","B",null,"M","M","?","?","M","E","T","M","T","?","$","R","?","M","R","B",null,"M","M","$","?","$","E","M","R","T","$","?","R","M","?","R","B",null,"R","$","E","B"],"character_chosen":"IRONCLAD","items_purchased":["Membership Card","Dropkick","Blind","Incense Burner","ClockworkSouvenir","Berserk","Mercury Hourglass","Pen Nib","Juzu Bracelet","Shrug It Off","Omamori","Orichalcum","Happy Flower"],"campfire_rested":1,"item_purchase_floors":[7,7,7,13,28,28,28,37,37,39,44,53,53],"current_hp_per_floor":[72,54,54,54,57,57,57,57,57,63,71,49,49,43,64,25,72,72,72,62,62,64,43,48,51,51,51,51,51,56,64,64,69,72,53,59,59,59,59,67,74,74,74,74,74,74,52,79,79,24,90,90,90,92,0],"gold":37,"neow_bonus":"ONE_RARE_RELIC","is_prod":false,"is_daily":false,"chose_seed":false,"campfire_upgraded":3,"win_rate":0,"timestamp":1565701304,"path_taken":["M","?","?","?","?","R","$","?","T","?","M","E","$","M","R","BOSS","M","M","?","?","M","E","?","M","T","?","$","R","?","M","R","BOSS","M","M","$","?","$","E","M","R","T","$","?","R","M","?","R","BOSS","R","$","E","BOSS"],"build_version":"2019-01-23","purchased_purges":3,"victory":false,"max_hp_per_floor":[72,72,72,72,72,72,72,72,72,72,72,72,72,72,72,72,72,72,72,72,72,72,72,72,72,72,72,72,72,72,72,72,72,72,72,72,72,72,72,72,76,76,76,76,76,76,76,90,90,90,90,90,90,97,97],"card_choices":[{"not_picked":["Sever Soul","Bloodletting"],"picked":"Heavy Blade","floor":1.0},{"not_picked":["Twin Strike","Sword Boomerang","Sever Soul"],"picked":"SKIP","floor":5.0},{"not_picked":["Flame Barrier","Bloodletting","Clash"],"picked":"SKIP","floor":10.0},{"not_picked":["Cleave","Iron Wave"],"picked":"Shockwave","floor":11.0},{"not_picked":["Havoc","Uppercut"],"picked":"Limit Break","floor":12.0},{"not_picked":["Hemokinesis","Intimidate"],"picked":"Metallicize","floor":14.0},{"not_picked":["Juggernaut","Brutality"],"picked":"Demon Form","floor":16.0},{"not_picked":["Clothesline","Iron Wave"],"picked":"Shrug It Off+1","floor":18.0},{"not_picked":["Wild Strike+1","Anger","Perfected Strike"],"picked":"SKIP","floor":19.0},{"not_picked":["Pommel Strike","Feel No Pain+1","Thunderclap"],"picked":"SKIP","floor":22.0},{"not_picked":["Anger","True Grit","Clash"],"picked":"SKIP","floor":23.0},{"not_picked":["Intimidate","Pommel Strike+1","Bloodletting"],"picked":"SKIP","floor":25.0},{"not_picked":["Havoc+1","Clothesline+1"],"picked":"Berserk","floor":31.0},{"not_picked":["Bludgeon","Reaper"],"picked":"Feed","floor":33.0},{"not_picked":["Fire Breathing+1","Rupture+1"],"picked":"True Grit+1","floor":35.0},{"not_picked":["Warcry","Sever Soul+1"],"picked":"Fire Breathing+1","floor":36.0},{"not_picked":["Clothesline","Carnage+1"],"picked":"Shrug It Off+1","floor":40.0},{"not_picked":["Bloodletting+1","Warcry"],"picked":"Armaments+1","floor":41.0},{"not_picked":["Sword Boomerang","Clothesline","Iron Wave+1"],"picked":"SKIP","floor":47.0},{"not_picked":["Burning Pact+1","Disarm+1"],"picked":"Dual Wield+1","floor":48.0},{"not_picked":["Shockwave","Perfected Strike+1"],"picked":"Rampage+1","floor":54.0}],"player_experience":193478,"relics_obtained":[{"floor":12.0,"key":"Bag of Marbles"},{"floor":23.0,"key":"Ornamental Fan"},{"floor":24.0,"key":"War Paint"},{"floor":26.0,"key":"Bag of Preparation"},{"floor":40.0,"key":"Bronze Scales"},{"floor":43.0,"key":"Shovel"},{"floor":46.0,"key":"Mummified Hand"},{"floor":48.0,"key":"Mango"},{"floor":49.0,"key":"Bottled Flame"},{"floor":52.0,"key":"Kunai"},{"floor":54.0,"key":"Strawberry"}],"event_choices":[{"damage_healed":0.0,"max_hp_gain":0.0,"max_hp_loss":0.0,"gold_gain":0.0,"event_name":"Golden Idol","player_choice":"Take Damage","floor":2.0,"gold_loss":0.0,"damage_taken":18.0,"relics_obtained":["Golden Idol"]},{"damage_healed":0.0,"max_hp_gain":0.0,"max_hp_loss":0.0,"gold_gain":0.0,"event_name":"Living Wall","player_choice":"Grow","floor":3.0,"gold_loss":0.0,"damage_taken":0.0,"cards_upgraded":["Heavy Blade"]},{"damage_healed":0.0,"max_hp_gain":0.0,"max_hp_loss":0.0,"gold_gain":275.0,"event_name":"Golden Shrine","player_choice":"Desecrate","floor":4.0,"gold_loss":0.0,"damage_taken":0.0,"cards_obtained":["Regret"]},{"damage_healed":0.0,"max_hp_gain":0.0,"max_hp_loss":0.0,"gold_gain":0.0,"event_name":"Lab","player_choice":"Got Potions","floor":8.0,"gold_loss":0.0,"damage_taken":0.0},{"damage_healed":0.0,"max_hp_gain":0.0,"max_hp_loss":0.0,"gold_gain":0.0,"event_name":"Colosseum","player_choice":"Fight","floor":20.0,"gold_loss":0.0,"damage_taken":0.0},{"damage_healed":0.0,"max_hp_gain":0.0,"max_hp_loss":0.0,"gold_gain":0.0,"event_name":"Colosseum","player_choice":"Fled From Nobs","floor":20.0,"gold_loss":0.0,"damage_taken":0.0},{"damage_healed":0.0,"max_hp_gain":0.0,"max_hp_loss":0.0,"gold_gain":0.0,"event_name":"Forgotten Altar","player_choice":"Gave Idol","floor":21.0,"relics_lost":["Golden Idol"],"gold_loss":0.0,"damage_taken":0.0,"relics_obtained":["Bloody Idol"]},{"damage_healed":0.0,"max_hp_gain":0.0,"max_hp_loss":0.0,"gold_gain":0.0,"event_name":"The Mausoleum","player_choice":"Opened","floor":27.0,"gold_loss":0.0,"damage_taken":0.0,"relics_obtained":["Potion Belt"]},{"damage_healed":0.0,"max_hp_gain":0.0,"max_hp_loss":0.0,"gold_gain":200.0,"event_name":"Wheel of Change","player_choice":"Gold","floor":30.0,"gold_loss":0.0,"damage_taken":0.0},{"damage_healed":0.0,"max_hp_gain":0.0,"max_hp_loss":0.0,"gold_gain":0.0,"event_name":"Accursed Blacksmith","player_choice":"Rummage","floor":38.0,"gold_loss":0.0,"damage_taken":0.0,"relics_obtained":["WarpedTongs"],"cards_obtained":["Pain"]},{"damage_healed":0.0,"max_hp_gain":0.0,"max_hp_loss":0.0,"gold_gain":0.0,"event_name":"SensoryStone","player_choice":"Memory 1","floor":45.0,"gold_loss":0.0,"damage_taken":0.0},{"damage_healed":0.0,"max_hp_gain":0.0,"max_hp_loss":0.0,"gold_gain":0.0,"event_name":"MindBloom","player_choice":"Fight","floor":48.0,"gold_loss":0.0,"damage_taken":0.0}],"is_beta":false,"boss_relics":[{"not_picked":["Runic Dome","Cursed Key"],"picked":"Mark of Pain"},{"not_picked":["Runic Pyramid","Black Star"],"picked":"Lizard Tail"}],"items_purged_floors":[7,37,39],"is_endless":false,"potions_floor_spawned":[1,10,14,16,19,22,25,33,35,36,48,54],"killed_by":"The Heart","ascension_level":0}