{"gold_per_floor":[111,111,111,126,51,83,83,100,125,125,25,25,54,69,69,168,168,184,184,169,186,200,226,101,134,134,148,168,18,32,57,57,160,160,177,192,48,148,160,160,175,175,175,187,225,237,268,24,24,24],"floor_reached":51,"playtime":4852,"items_purged":["Strike_B","Defend_B","Strike_B","Defend_B"],"score":872,"play_id":"53254abd-52d1-405c-8b6b-7cea981b8fb4","local_time":"20190814075252","is_ascension_mode":false,"campfire_choices":[{"data":"Chill","floor":7,"key":"SMITH"},{"data":"Hologram","floor":10,"key":"SMITH"},{"data":"Go for the Eyes","floor":12,"key":"SMITH"},{"data":"Capacitor","floor":15,"key":"SMITH"},{"data":"Rainbow","floor":32,"key":"SMITH"},{"data":"Defragment","floor":40,"key":"SMITH"}],"neow_cost":"NONE","seed_source_timestamp":1100850200826000,"circlet_count":0,"master_deck":["Strike_B+1","Defend_B+1","Defend_B+1","Zap+1","Dualcast+1","Go for the Eyes+1","Hologram+1","Chill+1","Go for the Eyes+1","Hologram+1","Capacitor+1","Rainbow+1","FTL+1","Defragment+1","Gash+1","Gash+1","Force Field+1","Go for the Eyes+1","FTL+1","All For One+1","Capacitor+1","White Noise+1","Redo+1","Go for the Eyes+1"],"relics":["FrozenCore","NeowsBlessing","Happy Flower","Ancient Tea Set","Orichalcum","Coffee Dripper","Unceasing Top","Anchor","Blue Candle","Matryoshka","War Paint","Lantern","Mark of the Bloom","MawBank","Ornamental Fan","Nunchaku","Letter Opener"],"potions_floor_usage":[16,16,39,50,50,50],"damage_taken":[{"damage":0,"enemies":"Small Slimes","floor":1,"turns":1},{"damage":0,"enemies":"2 Louse","floor":4,"turns":1},{"damage":0,"enemies":"3 Sentries","floor":6,"turns":1},{"damage":1,"enemies":"Jaw Worm","floor":8,"turns":4},{"damage":15,"enemies":"Gremlin Nob","floor":13,"turns":5},{"damage":1,"enemies":"Blue Slaver","floor":14,"turns":4},{"damage":33,"enemies":"The Guardian","floor":16,"turns":16},{"damage":5,"enemies":"Shell Parasite","floor":18,"turns":8},{"damage":8,"enemies":"2 Thieves","floor":20,"turns":5},{"damage":19,"enemies":"Snake Plant","floor":21,"turns":6},{"damage":0,"enemies":"3 Cultists","floor":22,"turns":7},{"damage":17,"enemies":"Gremlin Leader","floor":23,"turns":8},{"damage":0,"enemies":"Book of Stabbing","floor":25,"turns":5},{"damage":2,"enemies":"Cultist and Chosen","floor":27,"turns":8},{"damage":0,"enemies":"Shelled Parasite and Fungi","floor":28,"turns":5},{"damage":7,"enemies":"Centurion and Healer","floor":30,"turns":5},{"damage":0,"enemies":"Gremlin Leader","floor":31,"turns":5},{"damage":6,"enemies":"Champ","floor":33,"turns":8},{"damage":11,"enemies":"3 Darklings","floor":35,"turns":5},{"damage":0,"enemies":"3 Shapes","floor":36,"turns":6},{"damage":2,"enemies":"Transient","floor":39,"turns":5},{"damage":0,"enemies":"3 Darklings","floor":41,"turns":4},{"damage":0,"enemies":"Giant Head","floor":45,"turns":5},{"damage":0,"enemies":"Sphere and 2 Shapes","floor":47,"turns":4},{"damage":0,"enemies":"Donu and Deca","floor":50,"turns":7}],"seed_played":"1942806690950709224","potions_obtained":[{"floor":13,"key":"Regen Potion"},{"floor":14,"key":"Dexterity Potion"},{"floor":18,"key":"Strength Potion"},{"floor":21,"key":"FocusPotion"},{"floor":23,"key":"Swift Potion"},{"floor":28,"key":"Block Potion"},{"floor":39,"key":"Strength Potion"}],"is_trial":false,"path_per_floor":["M","?","?","M","$","E","R","M","T","R","$","R","E","M","R","B",null,"M","?","M","M","M","E","$","E","T","M","M","$","M","E","R","B",null,"M","M","$","?","M","R","M","?","T","R","E","R","M","$","R","B",null],"character_chosen":"DEFECT","items_purchased":["Lantern","Letter Opener"],"campfire_rested":0,"item_purchase_floors":[37,48],"current_hp_per_floor":[75,75,80,80,80,80,80,79,79,79,79,79,64,63,63,45,80,75,75,67,48,48,31,31,31,31,29,29,29,22,22,22,16,80,69,69,69,69,67,67,67,67,67,67,67,67,67,67,67,67],"gold":24,"neow_bonus":"THREE_ENEMY_KILL","is_prod":false,"is_daily":false,"chose_seed":false,"campfire_upgraded":6,"win_rate":0,"timestamp":1565794372,"path_taken":["M","?","?","M","$","E","R","M","T","R","?","R","E","M","R","BOSS","M","?","M","M","?","E","?","E","T","M","M","$","M","E","R","BOSS","M","M","$","?","M","R","?","?","T","R","E","R","M","$","R","BOSS"],"build_version":"2019-07-17","purchased_purges":4,"victory":true,"max_hp_per_floor":[75,75,80,80,80,80,80,80,80,80,80,80,80,80,80,80,80,80,80,80,80,80,80,80,80,80,80,80,80,80,80,80,80,80,80,80,80,80,80,80,80,80,80,80,80,80,80,80,80,80],"card_choices":[{"not_picked":["Conserve Battery","Static Discharge"],"picked":"Go for the Eyes","floor":1},{"not_picked":["Ball Lightning","Sweeping Beam"],"picked":"Hologram","floor":4},{"not_picked":["Ball Lightning","Fission"],"picked":"Chill","floor":6},{"not_picked":["Steam","Static Discharge"],"picked":"Go for the Eyes","floor":8},{"not_picked":["Go for the Eyes","Stack"],"picked":"Hologram","floor":13},{"not_picked":["Force Field","FTL"],"picked":"Capacitor","floor":14},{"not_picked":["Fission","Creative AI"],"picked":"Rainbow","floor":16},{"not_picked":["Sweeping Beam","Turbo"],"picked":"FTL","floor":18},{"not_picked":["Conserve Battery","Go for the Eyes","Turbo"],"picked":"SKIP","floor":20},{"not_picked":["Auto Shields","Rebound+1"],"picked":"Defragment","floor":21},{"not_picked":["Lockon","Stack+1"],"picked":"Gash","floor":22},{"not_picked":["Lockon","Creative AI"],"picked":"Gash+1","floor":23},{"not_picked":["Sunder","Conserve Battery+1"],"picked":"Force Field","floor":25},{"not_picked":["Stack","Doom and Gloom"],"picked":"Go for the Eyes","floor":27},{"not_picked":["Sweeping Beam","Leap"],"picked":"FTL","floor":28},{"not_picked":["Consume","Beam Cell","Auto Shields"],"picked":"SKIP","floor":30},{"not_picked":["Consume","Multi-Cast","Beam Cell"],"picked":"SKIP","floor":31},{"not_picked":["Amplify","Fission"],"picked":"All For One","floor":33},{"not_picked":["Redo","Go for the Eyes+1"],"picked":"Capacitor+1","floor":35},{"not_picked":["BootSequence+1","Conserve Battery+1"],"picked":"White Noise+1","floor":36},{"not_picked":["Streamline+1","Hello World+1","Compile Driver+1"],"picked":"SKIP","floor":39},{"not_picked":["Storm+1","Leap+1"],"picked":"Redo+1","floor":41},{"not_picked":["Heatsinks","Rip and Tear+1"],"picked":"Go for the Eyes+1","floor":45},{"not_picked":["Glacier","Rip and Tear+1","Coolheaded+1"],"picked":"SKIP","floor":47}],"player_experience":107857,"relics_obtained":[{"floor":6,"key":"Happy Flower"},{"floor":9,"key":"Ancient Tea Set"},{"floor":13,"key":"Orichalcum"},{"floor":23,"key":"Anchor"},{"floor":25,"key":"Blue Candle"},{"floor":26,"key":"Matryoshka"},{"floor":31,"key":"War Paint"},{"floor":43,"key":"MawBank"},{"floor":43,"key":"Ornamental Fan"},{"floor":45,"key":"Nunchaku"}],"event_choices":[{"cards_removed":["Strike_B"],"damage_healed":0,"gold_gain":0,"player_choice":"Forget","damage_taken":0,"max_hp_gain":0,"max_hp_loss":0,"event_name":"Living Wall","floor":2,"gold_loss":0},{"damage_healed":0,"gold_gain":0,"player_choice":"Donut","damage_taken":0,"max_hp_gain":5,"max_hp_loss":0,"event_name":"Big Fish","floor":3,"gold_loss":0},{"damage_healed":0,"gold_gain":0,"player_choice":"Gave Potion","damage_taken":0,"relics_obtained":["Unceasing Top"],"max_hp_gain":0,"max_hp_loss":0,"event_name":"WeMeetAgain","floor":19,"gold_loss":0},{"damage_healed":0,"gold_gain":100,"player_choice":"Pray","damage_taken":0,"max_hp_gain":0,"max_hp_loss":0,"event_name":"Golden Shrine","floor":38,"gold_loss":0},{"damage_healed":0,"gold_gain":0,"player_choice":"Upgrade","damage_taken":0,"relics_obtained":["Mark of the Bloom"],"max_hp_gain":0,"max_hp_loss":0,"event_name":"MindBloom","floor":42,"gold_loss":0,"cards_upgraded":["Strike_B","Defend_B","Defend_B","Dualcast","Go for the Eyes","FTL","Gash","Force Field","Go for the Eyes","FTL","All For One"]}],"is_beta":false,"boss_relics":[{"not_picked":["Lizard Tail","Snecko Eye"],"picked":"Coffee Dripper"},{"not_picked":["White Beast Statue","Orrery"],"picked":"FrozenCore"}],"items_purged_floors":[5,11,24,29],"is_endless":false,"potions_floor_spawned":[13,14,18,21,23,28,30,36,39],"ascension_level":0}