{"gold_per_floor":[112,112,132,132,147,178,197,228,254,254,254,289,309,329,329,424,424,434,418,418,418,418],"floor_reached":22,"playtime":854,"items_purged":[],"score":324,"play_id":"5766dd93-8671-4cd4-85df-93c72d3a1f0e","local_time":"20190621183611","is_ascension_mode":true,"campfire_choices":[{"floor":10,"key":"REST"},{"floor":15,"key":"REST"}],"neow_cost":"NONE","seed_source_timestamp":79851861513962,"circlet_count":0,"master_deck":["Defend_R","Defend_R","Defend_R","Defend_R+1","Bash","Wild Strike","Anger","True Grit","Blood for Blood+1","Carnage","Barricade","Warcry","Metallicize","Disarm","Armaments","Demon Form","Pummel","Inflame+1","Bite","Bite","Bite","Bite","Bite"],"relics":["Burning Blood","Dream Catcher","Omamori","Happy Flower","Smiling Mask","Mark of Pain","Meat on the Bone"],"potions_floor_usage":[6,6,8,14,16],"damage_taken":[{"damage":1,"enemies":"Cultist","floor":1,"turns":3},{"damage":2,"enemies":"2 Louse","floor":3,"turns":3},{"damage":2,"enemies":"Small Slimes","floor":5,"turns":3},{"damage":8,"enemies":"Gremlin Nob","floor":6,"turns":3},{"damage":6,"enemies":"Looter","floor":7,"turns":4},{"damage":36,"enemies":"Lagavulin","floor":8,"turns":6},{"damage":28,"enemies":"Gremlin Nob","floor":12,"turns":4},{"damage":14,"enemies":"3 Louse","floor":13,"turns":2},{"damage":6,"enemies":"Large Slime","floor":14,"turns":5},{"damage":41,"enemies":"Slime Boss","floor":16,"turns":13},{"damage":34,"enemies":"Chosen","floor":18,"turns":7},{"damage":19,"enemies":"2 Thieves","floor":19,"turns":4},{"damage":47,"enemies":"Masked Bandits","floor":22,"turns":3}],"seed_played":"5661108891243549958","potions_obtained":[{"floor":0,"key":"Strength Potion"},{"floor":0,"key":"Weak Potion"},{"floor":0,"key":"SkillPotion"},{"floor":1,"key":"AttackPotion"},{"floor":13,"key":"SkillPotion"},{"floor":14,"key":"Poison Potion"},{"floor":18,"key":"Swift Potion"}],"is_trial":false,"path_per_floor":["M","?","M","?","M","E","M","E","T","R","?","E","M","M","R","B",null,"M","M","?","?","?"],"character_chosen":"IRONCLAD","items_purchased":[],"campfire_rested":2,"item_purchase_floors":[],"current_hp_per_floor":[77,59,63,68,72,70,70,40,40,65,48,28,22,24,49,16,68,42,31,31,31,0],"gold":418,"neow_bonus":"THREE_SMALL_POTIONS","is_prod":false,"is_daily":false,"chose_seed":false,"campfire_upgraded":0,"win_rate":0,"timestamp":1561160171,"path_taken":["M","?","M","?","M","E","M","E","T","R","?","E","M","M","R","BOSS","M","M","?","?","?"],"build_version":"2019-01-23","purchased_purges":0,"victory":false,"max_hp_per_floor":[80,80,80,85,85,85,85,85,85,85,85,85,85,85,85,85,85,85,85,85,85,85],"card_choices":[{"not_picked":["Shrug It Off","Sword Boomerang"],"picked":"Wild Strike","floor":1},{"not_picked":["Twin Strike","Dropkick"],"picked":"Anger","floor":3},{"not_picked":["Pummel","Headbutt"],"picked":"True Grit","floor":5},{"not_picked":["Bloodletting","Wild Strike"],"picked":"Blood for Blood","floor":6},{"not_picked":["Shrug It Off","True Grit"],"picked":"Carnage","floor":7},{"not_picked":["Anger","Pummel"],"picked":"Barricade","floor":8},{"not_picked":["Clothesline","Searing Blow"],"picked":"Warcry","floor":10},{"not_picked":["Carnage","Cleave"],"picked":"Metallicize","floor":12},{"not_picked":["Havoc","True Grit"],"picked":"Disarm","floor":13},{"not_picked":["Wild Strike","Anger","Perfected Strike"],"picked":"SKIP","floor":14},{"not_picked":["Rupture","Perfected Strike"],"picked":"Armaments","floor":15},{"not_picked":["Fiend Fire","Brutality"],"picked":"Demon Form","floor":16},{"not_picked":["Sword Boomerang","Perfected Strike"],"picked":"Pummel","floor":18},{"not_picked":["True Grit","Heavy Blade"],"picked":"Inflame+1","floor":19}],"player_experience":234634,"relics_obtained":[{"floor":6,"key":"Omamori"},{"floor":8,"key":"Blood Vial"},{"floor":9,"key":"Happy Flower"},{"floor":12,"key":"Smiling Mask"}],"event_choices":[{"damage_healed":0,"gold_gain":0,"player_choice":"Success","damage_taken":18,"relics_obtained":["Dream Catcher"],"max_hp_gain":0,"max_hp_loss":0,"event_name":"Scrap Ooze","floor":2,"gold_loss":0},{"damage_healed":0,"gold_gain":0,"player_choice":"Donut","damage_taken":0,"max_hp_gain":5,"max_hp_loss":0,"event_name":"Big Fish","floor":4,"gold_loss":0},{"damage_healed":0,"gold_gain":0,"player_choice":"Entered Light","damage_taken":17,"max_hp_gain":0,"max_hp_loss":0,"event_name":"Shining Light","floor":11,"gold_loss":0,"cards_upgraded":["Defend_R","Blood for Blood"]},{"damage_healed":0,"gold_gain":0,"player_choice":"Became a vampire (Vial)","damage_taken":0,"max_hp_gain":0,"max_hp_loss":0,"event_name":"Vampires","floor":20,"relics_lost":["Blood Vial"],"gold_loss":0,"cards_obtained":["Bite","Bite","Bite","Bite","Bite"]},{"damage_healed":0,"gold_gain":0,"player_choice":"Opened","damage_taken":0,"relics_obtained":["Meat on the Bone"],"max_hp_gain":0,"max_hp_loss":0,"event_name":"The Mausoleum","floor":21,"gold_loss":0,"cards_obtained":["Writhe"]},{"damage_healed":0,"gold_gain":0,"player_choice":"Fought Bandits","damage_taken":0,"max_hp_gain":0,"max_hp_loss":0,"event_name":"Masked Bandits","floor":22,"gold_loss":0}],"is_beta":false,"boss_relics":[{"not_picked":["Busted Crown","Sozu"],"picked":"Mark of Pain"}],"items_purged_floors":[],"is_endless":false,"potions_floor_spawned":[1,3,13,14,18],"killed_by":"Masked Bandits","ascension_level":9}