{"gold_per_floor":[117,129,129,148,164,164,176,176],"floor_reached":8,"playtime":701,"items_purged":[],"score":55,"play_id":"65af21ad-e87a-48b1-a2f0-7ec923d218ed","local_time":"20190115231727","is_ascension_mode":true,"campfire_choices":[{"floor":6,"key":"REST"}],"neow_cost":"PERCENT_DAMAGE","seed_source_timestamp":624269311777441,"circlet_count":0,"master_deck":["Defend_G","Defend_G","Defend_G","Defend_G","Defend_G","Strike_G","Strike_G","Strike_G","Strike_G","Strike_G","Survivor","Neutralize","Escape Plan","Outmaneuver","Escape Plan","Slice","Backstab"],"relics":["Ring of the Snake","Nunchaku"],"potions_floor_usage":[7,7],"damage_taken":[{"damage":6,"enemies":"Cultist","floor":1,"turns":4},{"damage":6,"enemies":"2 Louse","floor":2,"turns":2},{"damage":10,"enemies":"Small Slimes","floor":4,"turns":3},{"damage":0,"enemies":"Exordium Wildlife","floor":5,"turns":4},{"damage":18,"enemies":"Exordium Thugs","floor":7,"turns":7},{"damage":50,"enemies":"Gremlin Nob","floor":8,"turns":5}],"seed_played":"-6037610585064418116","potions_obtained":[{"floor":1,"key":"Dexterity Potion"},{"floor":4,"key":"Energy Potion"},{"floor":5,"key":"FearPotion"},{"floor":7,"key":"LiquidBronze"}],"is_trial":false,"path_per_floor":["M","M","?","M","M","R","M","?"],"character_chosen":"THE_SILENT","items_purchased":[],"campfire_rested":1,"item_purchase_floors":[],"current_hp_per_floor":[43,37,37,27,27,48,30,0],"gold":176,"neow_bonus":"ONE_RARE_RELIC","is_prod":false,"is_daily":false,"chose_seed":false,"campfire_upgraded":0,"win_rate":0,"timestamp":1547612247,"path_taken":["M","M","?","?","M","R","M","?"],"build_version":"2019-01-10","purchased_purges":0,"victory":false,"max_hp_per_floor":[70,70,70,70,70,70,70,70],"card_choices":[{"not_picked":["Outmaneuver","PiercingWail"],"picked":"Escape Plan","floor":1},{"not_picked":["Riddle With Holes","Skewer"],"picked":"Outmaneuver","floor":2},{"not_picked":["Choke","Poisoned Stab"],"picked":"Escape Plan","floor":4},{"not_picked":["Sucker Punch","Dodge and Roll"],"picked":"Slice","floor":5},{"not_picked":["Dagger Throw","Outmaneuver"],"picked":"Backstab","floor":7}],"player_experience":270236,"relics_obtained":[],"event_choices":[{"damage_healed":0,"gold_gain":0,"player_choice":"Bought 0 Potions","damage_taken":0,"max_hp_gain":0,"max_hp_loss":0,"event_name":"The Woman in Blue","floor":3,"gold_loss":0},{"damage_healed":0,"gold_gain":0,"player_choice":"Searched \u00271\u0027 times","damage_taken":0,"max_hp_gain":0,"max_hp_loss":0,"event_name":"Dead Adventurer","floor":8,"gold_loss":0}],"is_beta":false,"boss_relics":[],"items_purged_floors":[],"is_endless":false,"potions_floor_spawned":[1,4,5,7],"killed_by":"Gremlin Nob","ascension_level":2}