{"gold_per_floor":[111,111,130,130,205,240,240,269,269,269,288,49,62,73,73,178,178,195,214,227,245,3,3,19,52,52,52,67,84,110,35,35,137,137,156,0,0,100,120,120,148,148,148,197,210,244,255,266,266,266,266,266,10,37,37],"floor_reached":56,"playtime":3495,"items_purged":["Strike_R","Pain"],"score":1789,"play_id":"0726f4bb-2ace-4e00-970f-5e5edd0e80e7","local_time":"20190524100056","is_ascension_mode":true,"campfire_choices":[{"data":"Whirlwind","floor":7,"key":"SMITH"},{"floor":10,"key":"REST"},{"data":"Offering","floor":15,"key":"SMITH"},{"data":"Feed","floor":23,"key":"SMITH"},{"floor":27,"key":"REST"},{"floor":32,"key":"REST"},{"data":"Limit Break","floor":40,"key":"SMITH"},{"data":"Disarm","floor":42,"key":"SMITH"},{"floor":49,"key":"RECALL"},{"floor":52,"key":"REST"}],"neow_cost":"NONE","seed_source_timestamp":816582346175561,"circlet_count":0,"master_deck":["AscendersBane","Strike_R","Strike_R","Strike_R","Defend_R","Defend_R","Defend_R","Defend_R","Bash+1","Whirlwind+1","Thunderclap","Anger","Havoc","Offering+1","Spot Weakness","Feed+1","Corruption","Shrug It Off","Exhume","Shrug It Off+1","Limit Break+1","Rage","Disarm+1","Warcry+1","Limit Break","Shockwave","Writhe","Clothesline","Armaments+1","Shrug It Off+1","Parasite","Warcry","Spot Weakness","Demon Form","Pummel"],"relics":["Burning Blood","Incense Burner","Red Skull","Darkstone Periapt","Cursed Key","Kunai","Blood Vial","Ginger","Dodecahedron","Black Star","Red Mask","FossilizedHelix","Lantern","Pen Nib","Thread and Needle","Smiling Mask","Ice Cream","Letter Opener","Centennial Puzzle"],"potions_floor_usage":[14,25,29,33,33,44,44,46,50,55,55],"damage_taken":[{"damage":8,"enemies":"2 Louse","floor":1,"turns":3},{"damage":5,"enemies":"Cultist","floor":3,"turns":4},{"damage":40,"enemies":"Gremlin Nob","floor":6,"turns":5},{"damage":25,"enemies":"3 Sentries","floor":8,"turns":6},{"damage":0,"enemies":"Small Slimes","floor":11,"turns":2},{"damage":6,"enemies":"2 Fungi Beasts","floor":13,"turns":2},{"damage":0,"enemies":"Exordium Wildlife","floor":14,"turns":3},{"damage":39,"enemies":"The Guardian","floor":16,"turns":10},{"damage":3,"enemies":"2 Thieves","floor":18,"turns":2},{"damage":6,"enemies":"Spheric Guardian","floor":19,"turns":3},{"damage":2,"enemies":"3 Cultists","floor":20,"turns":4},{"damage":19,"enemies":"Cultist and Chosen","floor":21,"turns":6},{"damage":46,"enemies":"Snake Plant","floor":24,"turns":4},{"damage":21,"enemies":"Slavers","floor":25,"turns":2},{"damage":18,"enemies":"Centurion and Healer","floor":28,"turns":7},{"damage":7,"enemies":"Snecko","floor":29,"turns":2},{"damage":25,"enemies":"Book of Stabbing","floor":30,"turns":6},{"damage":42,"enemies":"Champ","floor":33,"turns":9},{"damage":37,"enemies":"Orb Walker","floor":35,"turns":6},{"damage":21,"enemies":"Mind Bloom Boss Battle","floor":38,"turns":9},{"damage":23,"enemies":"3 Shapes","floor":39,"turns":9},{"damage":30,"enemies":"Nemesis","floor":41,"turns":11},{"damage":26,"enemies":"2 Orb Walkers","floor":44,"turns":3},{"damage":11,"enemies":"Sphere and 2 Shapes","floor":45,"turns":5},{"damage":45,"enemies":"Reptomancer","floor":46,"turns":8},{"damage":11,"enemies":"Writhing Mass","floor":47,"turns":8},{"damage":15,"enemies":"4 Shapes","floor":48,"turns":9},{"damage":58,"enemies":"Time Eater","floor":50,"turns":8},{"damage":87,"enemies":"Shield and Spear","floor":54,"turns":7},{"damage":95,"enemies":"The Heart","floor":55,"turns":9}],"seed_played":"3879430066647026295","potions_obtained":[{"floor":1,"key":"SpeedPotion"},{"floor":6,"key":"LiquidBronze"},{"floor":11,"key":"SkillPotion"},{"floor":19,"key":"Fire Potion"},{"floor":20,"key":"SkillPotion"},{"floor":24,"key":"GamblersBrew"},{"floor":25,"key":"LiquidBronze"},{"floor":33,"key":"Explosive Potion"},{"floor":35,"key":"Explosive Potion"},{"floor":39,"key":"SpeedPotion"},{"floor":44,"key":"Poison Potion"},{"floor":45,"key":"FairyPotion"},{"floor":47,"key":"SpeedPotion"}],"is_trial":false,"path_per_floor":["M","?","M","?","?","E","R","E","T","R","M","$","M","M","R","B",null,"M","M","M","M","$","R","M","E","T","R","M","M","E","?","R","B",null,"M","?","?","?","M","R","E","R","T","?","M","E","M","M","R","B",null,"R","$","E","B",null],"character_chosen":"IRONCLAD","items_purchased":["Offering","Kunai","Demon Form","EssenceOfSteel","Fire Potion"],"campfire_rested":4,"item_purchase_floors":[12,22,53,53,53],"current_hp_per_floor":[70,70,71,71,60,26,26,7,7,31,37,37,37,43,43,10,63,69,69,76,69,69,69,33,18,24,54,52,53,40,40,74,44,100,71,71,107,102,95,95,73,73,79,65,70,37,44,45,45,24,141,180,180,99,12],"gold":37,"neow_bonus":"UPGRADE_CARD","is_prod":false,"is_daily":false,"chose_seed":false,"campfire_upgraded":5,"win_rate":0,"timestamp":1558706456,"path_taken":["M","?","?","?","?","E","R","E","T","R","M","?","M","M","R","BOSS","M","?","M","M","$","R","M","E","T","R","M","?","E","?","R","BOSS","M","?","?","?","M","R","E","R","T","?","M","E","M","M","R","BOSS","R","$","E","BOSS"],"build_version":"2019-01-23","purchased_purges":2,"victory":true,"max_hp_per_floor":[80,80,80,80,80,80,80,80,80,80,80,80,80,80,80,80,80,83,83,86,92,92,92,96,96,102,102,110,110,114,114,114,118,118,118,118,124,132,140,140,140,140,146,150,158,162,172,180,180,180,180,180,180,180,180],"card_choices":[{"not_picked":["Corruption","Dropkick"],"picked":"Whirlwind","floor":1},{"not_picked":["Pommel Strike","Body Slam"],"picked":"Thunderclap","floor":3},{"not_picked":["Sword Boomerang","Dual Wield","Rupture"],"picked":"SKIP","floor":6},{"not_picked":["Thunderclap","Perfected Strike"],"picked":"Anger","floor":8},{"not_picked":["Cleave","Reckless Charge"],"picked":"Havoc","floor":11},{"not_picked":["Headbutt","Wild Strike"],"picked":"Spot Weakness","floor":13},{"not_picked":["Pummel","Dropkick","Heavy Blade"],"picked":"SKIP","floor":14},{"not_picked":["Berserk","Brutality"],"picked":"Feed","floor":16},{"not_picked":["Cleave","Iron Wave"],"picked":"Corruption","floor":18},{"not_picked":["Heavy Blade","True Grit"],"picked":"Shrug It Off","floor":19},{"not_picked":["Warcry","Body Slam"],"picked":"Exhume","floor":20},{"not_picked":["Anger","Cleave","Dropkick"],"picked":"SKIP","floor":21},{"not_picked":["Armaments+1","Clothesline"],"picked":"Shrug It Off+1","floor":24},{"not_picked":["Clothesline","Pommel Strike"],"picked":"Limit Break","floor":25},{"not_picked":["Pommel Strike","True Grit"],"picked":"Rage","floor":28},{"not_picked":["Twin Strike+1","Inflame+1"],"picked":"Disarm","floor":29},{"not_picked":["Sever Soul+1","True Grit"],"picked":"Warcry+1","floor":30},{"not_picked":["Feed","Bludgeon"],"picked":"Limit Break","floor":33},{"not_picked":["Uppercut+1","Rampage"],"picked":"Shockwave","floor":35},{"not_picked":["Clash","Dropkick+1"],"picked":"Clothesline","floor":38},{"not_picked":["Body Slam+1","Whirlwind"],"picked":"Armaments+1","floor":39},{"not_picked":["Intimidate+1","Pommel Strike","Whirlwind+1"],"picked":"SKIP","floor":41},{"not_picked":["Thunderclap","Headbutt+1"],"picked":"Shrug It Off+1","floor":44},{"not_picked":["Shrug It Off","Perfected Strike","Bloodletting+1"],"picked":"SKIP","floor":45},{"not_picked":["Rampage+1","Rupture","Shrug It Off"],"picked":"SKIP","floor":46},{"not_picked":["Uppercut+1","Clothesline"],"picked":"Warcry","floor":47},{"not_picked":["Rampage","Pommel Strike"],"picked":"Spot Weakness","floor":48},{"not_picked":["Flex+1","Perfected Strike+1"],"picked":"Pummel","floor":54}],"player_experience":420475,"relics_obtained":[{"floor":6,"key":"Incense Burner"},{"floor":8,"key":"Red Skull"},{"floor":9,"key":"Darkstone Periapt"},{"floor":25,"key":"Blood Vial"},{"floor":26,"key":"Ginger"},{"floor":30,"key":"Dodecahedron"},{"floor":38,"key":"FossilizedHelix"},{"floor":41,"key":"Lantern"},{"floor":41,"key":"Pen Nib"},{"floor":44,"key":"Thread and Needle"},{"floor":46,"key":"Smiling Mask"},{"floor":46,"key":"Ice Cream"},{"floor":54,"key":"Letter Opener"},{"floor":54,"key":"Centennial Puzzle"}],"event_choices":[{"cards_removed":["Strike_R"],"damage_healed":0,"gold_gain":0,"player_choice":"Card Removal","damage_taken":0,"max_hp_gain":0,"max_hp_loss":0,"event_name":"Wheel of Change","floor":2,"gold_loss":0},{"damage_healed":0,"gold_gain":0,"player_choice":"Ignored","damage_taken":0,"max_hp_gain":0,"max_hp_loss":0,"event_name":"Liars Game","floor":4,"gold_loss":0},{"damage_healed":0,"gold_gain":75,"player_choice":"Gather Gold","damage_taken":11,"max_hp_gain":0,"max_hp_loss":0,"event_name":"World of Goop","floor":5,"gold_loss":0},{"cards_removed":["Pain"],"damage_healed":0,"gold_gain":0,"player_choice":"Gave Gold","damage_taken":0,"max_hp_gain":0,"max_hp_loss":0,"event_name":"Beggar","floor":31,"gold_loss":75},{"damage_healed":0,"gold_gain":0,"player_choice":"Paid","damage_taken":0,"relics_obtained":["Red Mask"],"max_hp_gain":0,"max_hp_loss":0,"event_name":"Tomb of Lord Red Mask","floor":36,"gold_loss":156},{"damage_healed":30,"gold_gain":0,"player_choice":"Writhe","damage_taken":0,"max_hp_gain":0,"max_hp_loss":0,"event_name":"Winding Halls","floor":37,"gold_loss":0,"cards_obtained":["Writhe"]},{"damage_healed":0,"gold_gain":0,"player_choice":"Fight","damage_taken":0,"max_hp_gain":0,"max_hp_loss":0,"event_name":"MindBloom","floor":38,"gold_loss":0},{"damage_healed":0,"gold_gain":0,"player_choice":"Fight","damage_taken":0,"max_hp_gain":0,"max_hp_loss":0,"event_name":"Mysterious Sphere","floor":44,"gold_loss":0}],"is_beta":false,"boss_relics":[{"not_picked":["Mark of Pain","Fusion Hammer"],"picked":"Cursed Key"},{"not_picked":["Orrery","Runic Cube"],"picked":"Black Star"}],"items_purged_floors":[12,53],"is_endless":false,"potions_floor_spawned":[1,6,11,19,20,24,25,33,35,39,44,45,47,48],"ascension_level":10}