{"gold_per_floor":[367,379,379,454,379,379,412,412,412,412,432,432,432],"floor_reached":13,"playtime":233,"items_purged":["Injury"],"score":126,"play_id":"6671e6c7-213e-4c67-8969-517326bc630b","local_time":"20190530220323","is_ascension_mode":true,"campfire_choices":[{"data":"Bash","floor":6,"key":"SMITH"},{"data":"Havoc","floor":8,"key":"SMITH"},{"data":"1","floor":10,"key":"LIFT"}],"neow_cost":"PERCENT_DAMAGE","seed_source_timestamp":1381621540799110,"circlet_count":0,"master_deck":["AscendersBane","Strike_R","Strike_R","Strike_R","Strike_R","Strike_R","Defend_R","Defend_R","Defend_R","Defend_R","Bash+1","Anger","Havoc+1","Headbutt"],"relics":["Burning Blood","Golden Idol","Lantern","Girya","Nunchaku"],"potions_floor_usage":[12],"damage_taken":[{"damage":1,"enemies":"Cultist","floor":1,"turns":3},{"damage":9,"enemies":"Jaw Worm","floor":2,"turns":3},{"damage":24,"enemies":"Gremlin Nob","floor":7,"turns":4},{"damage":0,"enemies":"Small Slimes","floor":11,"turns":2},{"damage":40,"enemies":"3 Sentries","floor":13,"turns":5}],"seed_played":"-2592895951000334793","potions_obtained":[{"floor":7,"key":"SteroidPotion"},{"floor":11,"key":"Fruit Juice"}],"is_trial":false,"path_per_floor":["M","M","?","?","$","R","E","R","T","R","M","?","E"],"character_chosen":"IRONCLAD","items_purchased":[],"campfire_rested":0,"item_purchase_floors":[],"current_hp_per_floor":[56,53,53,42,42,42,24,24,24,24,30,32,0],"gold":432,"neow_bonus":"TWO_FIFTY_GOLD","is_prod":false,"is_daily":false,"chose_seed":false,"campfire_upgraded":2,"win_rate":0,"timestamp":1559268203,"path_taken":["M","?","?","?","$","R","E","R","T","R","M","?","E"],"build_version":"2019-01-23","purchased_purges":1,"victory":false,"max_hp_per_floor":[80,80,80,80,80,80,80,80,80,80,80,85,85],"card_choices":[{"not_picked":["Clash","Feel No Pain"],"picked":"Anger","floor":1},{"not_picked":["Headbutt","Heavy Blade"],"picked":"Havoc","floor":2},{"not_picked":["Pommel Strike","Iron Wave"],"picked":"Headbutt","floor":7},{"not_picked":["Bloodletting","Perfected Strike","Anger"],"picked":"SKIP","floor":11}],"player_experience":544295,"relics_obtained":[{"floor":7,"key":"Lantern"},{"floor":9,"key":"Girya"}],"event_choices":[{"damage_healed":0,"gold_gain":0,"player_choice":"Take Wound","damage_taken":0,"relics_obtained":["Golden Idol"],"max_hp_gain":0,"max_hp_loss":0,"event_name":"Golden Idol","floor":3,"gold_loss":0,"cards_obtained":["Injury"]},{"damage_healed":0,"gold_gain":75,"player_choice":"Gather Gold","damage_taken":11,"max_hp_gain":0,"max_hp_loss":0,"event_name":"World of Goop","floor":4,"gold_loss":0},{"damage_healed":0,"gold_gain":0,"player_choice":"Success","damage_taken":3,"relics_obtained":["Nunchaku"],"max_hp_gain":0,"max_hp_loss":0,"event_name":"Scrap Ooze","floor":12,"gold_loss":0}],"is_beta":false,"boss_relics":[],"items_purged_floors":[5],"is_endless":false,"potions_floor_spawned":[7,11],"killed_by":"3 Sentries","ascension_level":11}