{"gold_per_floor":[116,116,130,143,156,186,186,218,243,243,269,65,80,99,99,197,197,208,220,239,239,256,286,286,320,320,334,347,347,347,360,360,455,455,469,479,490,540,540,540,553,553,579,179,179,179,191,191,191,191],"floor_reached":50,"playtime":5845,"items_purged":["All Out Attack"],"score":770,"play_id":"82f49290-030b-468d-898b-288c6e2e576b","local_time":"20190729103351","is_ascension_mode":true,"campfire_choices":[{"data":"Neutralize","floor":7.0,"key":"SMITH"},{"data":"Footwork","floor":15.0,"key":"SMITH"},{"data":"A Thousand Cuts","floor":24.0,"key":"SMITH"},{"data":"Crippling Poison","floor":30.0,"key":"SMITH"},{"data":"Catalyst","floor":32.0,"key":"SMITH"},{"data":"After Image","floor":40,"key":"SMITH"},{"data":"Deadly Poison","floor":42,"key":"SMITH"},{"data":"Footwork","floor":49,"key":"SMITH"}],"neow_cost":"NONE","seed_source_timestamp":0,"circlet_count":0,"master_deck":["Defend_G","Defend_G","Defend_G","Defend_G","Survivor","Neutralize+1","Deadly Poison+1","Bullet Time","Backflip","Cloak And Dagger","Footwork+1","Escape Plan","Quick Slash","Crippling Poison+1","Adrenaline","A Thousand Cuts+1","Blade Dance+1","Catalyst+1","Distraction","Tactician+1","Corpse Explosion","Terror+1","Cloak And Dagger+1","After Image+1","Doppelganger+1","Acrobatics+1","Catalyst+1","Dodge and Roll+1","Footwork+1","Footwork+1"],"special_seed":0,"relics":["White Beast Statue","Boot","Centennial Puzzle","Happy Flower","Bag of Marbles","Lee\u0027s Waffle","Coffee Dripper","Bottled Flame","Singing Bowl","Matryoshka","Astrolabe","Calipers","Mercury Hourglass","Oddly Smooth Stone","Juzu Bracelet","Vajra","PreservedInsect"],"potions_floor_usage":[36,37,41,50],"damage_taken":[{"damage":4.0,"enemies":"Small Slimes","floor":1.0,"turns":6.0},{"damage":0.0,"enemies":"2 Louse","floor":3.0,"turns":4.0},{"damage":0.0,"enemies":"Cultist","floor":4.0,"turns":4.0},{"damage":1.0,"enemies":"Exordium Wildlife","floor":5.0,"turns":6.0},{"damage":19.0,"enemies":"Lagavulin","floor":6.0,"turns":6.0},{"damage":27.0,"enemies":"Gremlin Nob","floor":8.0,"turns":5.0},{"damage":15.0,"enemies":"Lagavulin","floor":11.0,"turns":8.0},{"damage":5.0,"enemies":"Gremlin Gang","floor":13.0,"turns":4.0},{"damage":5.0,"enemies":"Lots of Slimes","floor":14.0,"turns":5.0},{"damage":6.0,"enemies":"The Guardian","floor":16.0,"turns":9.0},{"damage":0.0,"enemies":"Chosen","floor":18.0,"turns":4.0},{"damage":19.0,"enemies":"Spheric Guardian","floor":19.0,"turns":4.0},{"damage":0.0,"enemies":"3 Cultists","floor":20.0,"turns":4.0},{"damage":12.0,"enemies":"Cultist and Chosen","floor":22.0,"turns":5.0},{"damage":20.0,"enemies":"Book of Stabbing","floor":23.0,"turns":4.0},{"damage":13.0,"enemies":"Slavers","floor":25.0,"turns":3.0},{"damage":2.0,"enemies":"Snecko","floor":27.0,"turns":4.0},{"damage":2.0,"enemies":"Centurion and Healer","floor":28.0,"turns":4.0},{"damage":0.0,"enemies":"3 Cultists","floor":31.0,"turns":2.0},{"damage":20.0,"enemies":"Automaton","floor":33.0,"turns":10.0},{"damage":0,"enemies":"3 Shapes","floor":35,"turns":4},{"damage":0,"enemies":"Orb Walker","floor":36,"turns":5},{"damage":12,"enemies":"Writhing Mass","floor":37,"turns":5},{"damage":17,"enemies":"2 Orb Walkers","floor":38,"turns":2},{"damage":39,"enemies":"Spire Growth","floor":41,"turns":4},{"damage":0,"enemies":"Maw","floor":47,"turns":6},{"damage":24,"enemies":"Time Eater","floor":50,"turns":3}],"seed_played":"2899492527653061936","potions_obtained":[{"floor":1.0,"key":"Regen Potion"},{"floor":3.0,"key":"Strength Potion"},{"floor":4.0,"key":"SpeedPotion"},{"floor":5.0,"key":"Poison Potion"},{"floor":6.0,"key":"LiquidBronze"},{"floor":8.0,"key":"Dexterity Potion"},{"floor":11.0,"key":"SpeedPotion"},{"floor":13.0,"key":"Fire Potion"},{"floor":14.0,"key":"Strength Potion"},{"floor":16.0,"key":"Explosive Potion"},{"floor":18.0,"key":"GamblersBrew"},{"floor":19.0,"key":"LiquidBronze"},{"floor":20.0,"key":"Regen Potion"},{"floor":22.0,"key":"PowerPotion"},{"floor":23.0,"key":"Fire Potion"},{"floor":25.0,"key":"GhostInAJar"},{"floor":27.0,"key":"EssenceOfSteel"},{"floor":31.0,"key":"Strength Potion"},{"floor":33.0,"key":"Swift Potion"},{"floor":35,"key":"Regen Potion"},{"floor":36,"key":"FearPotion"},{"floor":37,"key":"FearPotion"},{"floor":38,"key":"Explosive Potion"},{"floor":41,"key":"Swift Potion"},{"floor":47,"key":"Strength Potion"}],"is_trial":false,"path_per_floor":["M","?","M","M","M","E","R","E","T","?","E","$","M","M","R","B",null,"M","M","M","?","M","E","R","E","T","M","M","?","R","M","R","B",null,"M","M","M","?","?","R","M","R","T","$","?","?","M","?","R","B"],"character_chosen":"THE_SILENT","items_purchased":["Lee\u0027s Waffle","Juzu Bracelet","Vajra","Footwork"],"campfire_rested":0,"item_purchase_floors":[12,44,44,44],"current_hp_per_floor":[59,59,59,59,58,39,39,26,26,26,11,77,72,67,67,61,73,73,54,54,54,56,36,36,23,23,21,21,21,21,21,21,1,60,62,64,69,54,54,54,15,15,15,15,15,15,15,15,15,0],"gold":191,"neow_bonus":"BOSS_RELIC","is_prod":false,"is_daily":false,"chose_seed":false,"campfire_upgraded":8,"win_rate":0,"timestamp":1564421631,"path_taken":["M","?","M","M","M","E","R","E","T","?","E","$","M","M","R","BOSS","M","M","?","?","M","E","R","E","T","?","?","?","R","M","R","BOSS","M","M","M","?","?","R","M","R","T","$","?","?","M","?","R","BOSS"],"build_version":"2019-07-17","purchased_purges":1,"victory":false,"max_hp_per_floor":[70,70,70,70,70,70,70,70,70,70,70,77,77,77,77,77,77,77,77,77,77,77,77,77,77,77,77,79,79,79,79,79,79,79,81,83,85,87,83,83,83,83,83,83,83,83,83,83,83,83],"card_choices":[{"not_picked":["Blade Dance","PiercingWail"],"picked":"Deadly Poison","floor":1.0},{"not_picked":["Sucker Punch","Slice"],"picked":"Backflip","floor":3.0},{"not_picked":["Finisher","Deflect"],"picked":"Bane","floor":4.0},{"not_picked":["Outmaneuver","Acrobatics"],"picked":"Cloak And Dagger","floor":5.0},{"not_picked":["Slice","Accuracy"],"picked":"All Out Attack","floor":6.0},{"not_picked":["Prepared","Caltrops"],"picked":"Footwork","floor":8.0},{"not_picked":["Accuracy","Catalyst"],"picked":"Quick Slash","floor":11.0},{"not_picked":["Sucker Punch","Dagger Throw"],"picked":"Crippling Poison","floor":13.0},{"not_picked":["Infinite Blades","Sucker Punch"],"picked":"Adrenaline","floor":14.0},{"not_picked":["Grand Finale","Die Die Die"],"picked":"A Thousand Cuts","floor":16.0},{"not_picked":["Skewer","Dagger Throw+1"],"picked":"Blade Dance+1","floor":18.0},{"not_picked":["Endless Agony+1","Crippling Poison"],"picked":"Catalyst","floor":19.0},{"not_picked":["Underhanded Strike","Flying Knee","Masterful Stab"],"picked":"SKIP","floor":20.0},{"not_picked":["Acrobatics","Backstab"],"picked":"Distraction","floor":22.0},{"not_picked":["Acrobatics","Blade Dance"],"picked":"Tactician+1","floor":23.0},{"not_picked":["Bouncing Flask","Crippling Poison"],"picked":"Corpse Explosion","floor":25.0},{"not_picked":["Skewer","All Out Attack+1"],"picked":"Terror+1","floor":27.0},{"not_picked":["Outmaneuver","Distraction","Dagger Throw"],"picked":"SKIP","floor":28.0},{"not_picked":["Outmaneuver","Distraction","Dagger Throw"],"picked":"Singing Bowl","floor":28.0},{"not_picked":["Flying Knee+1","Dagger Throw"],"picked":"Cloak And Dagger+1","floor":31.0},{"not_picked":["Burst","Die Die Die"],"picked":"After Image","floor":33.0},{"not_picked":["Quick Slash+1","Poisoned Stab","Flying Knee"],"picked":"Singing Bowl","floor":35},{"not_picked":["Underhanded Strike","Expertise","Prepared+1"],"picked":"Singing Bowl","floor":36},{"not_picked":["Reflex","All Out Attack","Flying Knee+1"],"picked":"Singing Bowl","floor":37},{"not_picked":["Terror","Backflip","Quick Slash+1"],"picked":"Singing Bowl","floor":38},{"not_picked":["Poisoned Stab+1","Dagger Spray"],"picked":"Dodge and Roll+1","floor":41},{"not_picked":["Dagger Throw","Blade Dance"],"picked":"Footwork+1","floor":47}],"player_experience":413355,"relics_obtained":[{"floor":6.0,"key":"Boot"},{"floor":8.0,"key":"Centennial Puzzle"},{"floor":9.0,"key":"Happy Flower"},{"floor":11.0,"key":"Bag of Marbles"},{"floor":23.0,"key":"Bottled Flame"},{"floor":25.0,"key":"Singing Bowl"},{"floor":26.0,"key":"Matryoshka"},{"floor":38,"key":"Calipers"},{"floor":43,"key":"Mercury Hourglass"},{"floor":43,"key":"Oddly Smooth Stone"}],"event_choices":[{"damage_healed":0.0,"max_hp_gain":0.0,"max_hp_loss":0.0,"gold_gain":0.0,"cards_transformed":["Strike_G"],"event_name":"Living Wall","player_choice":"Change","floor":2.0,"gold_loss":0.0,"damage_taken":0.0,"cards_obtained":["Bullet Time"]},{"damage_healed":0.0,"max_hp_gain":0.0,"max_hp_loss":0.0,"gold_gain":0.0,"cards_transformed":["Defend_G"],"event_name":"Transmorgrifier","player_choice":"Transformed","floor":10.0,"gold_loss":0.0,"damage_taken":0.0,"cards_obtained":["Escape Plan"]},{"cards_removed":["Strike_G"],"damage_healed":0.0,"max_hp_gain":0.0,"max_hp_loss":0.0,"gold_gain":0.0,"event_name":"Purifier","player_choice":"Purged","floor":21.0,"gold_loss":0.0,"damage_taken":0.0},{"damage_healed":0.0,"max_hp_gain":0.0,"max_hp_loss":0.0,"gold_gain":0.0,"event_name":"Cursed Tome","player_choice":"Ignored","floor":29.0,"gold_loss":0.0,"damage_taken":0.0},{"damage_healed":0,"gold_gain":0,"player_choice":"Fight","damage_taken":0,"max_hp_gain":0,"max_hp_loss":0,"event_name":"Mysterious Sphere","floor":38,"gold_loss":0},{"damage_healed":0,"gold_gain":0,"player_choice":"Max HP","damage_taken":0,"max_hp_gain":0,"max_hp_loss":4,"event_name":"Winding Halls","floor":39,"gold_loss":0},{"damage_healed":0,"gold_gain":0,"player_choice":"Ignored","damage_taken":0,"max_hp_gain":0,"max_hp_loss":0,"event_name":"Tomb of Lord Red Mask","floor":45,"gold_loss":0},{"damage_healed":0,"gold_gain":0,"player_choice":"Gave Potion","damage_taken":0,"relics_obtained":["PreservedInsect"],"max_hp_gain":0,"max_hp_loss":0,"event_name":"WeMeetAgain","floor":46,"gold_loss":0},{"cards_removed":["Bane"],"damage_healed":0,"gold_gain":0,"player_choice":"Removed Attack","damage_taken":0,"max_hp_gain":0,"max_hp_loss":0,"event_name":"Falling","floor":48,"gold_loss":0}],"is_beta":false,"boss_relics":[{"not_picked":["Tiny House","Black Star"],"picked":"Coffee Dripper"},{"not_picked":["Philosopher\u0027s Stone","Calling Bell"],"picked":"Astrolabe"}],"items_purged_floors":[44],"is_endless":false,"potions_floor_spawned":[1,3,4,5,6,8,11,13,14,16,18,19,20,22,23,25,27,28,31,33,35,36,37,38,41,47],"killed_by":"Time Eater","ascension_level":9}