{"gold_per_floor":[111,111,36,36,36,36,61,79,103,118,143,143,143,159,159,254,254,274,256,256,26,26,52,62,62,62,95,95,112,112,125,125,224,224,242,262,280,290,303,328,328,355,381,381,406,279,279,379,379,379,379,379,32,65,65],"floor_reached":55,"playtime":4261,"items_purged":["Strike_B","Strike_B","Regret"],"score":1065,"play_id":"12a64965-2705-4a50-9858-cafdbd99ea77","local_time":"20190609144352","is_ascension_mode":true,"campfire_choices":[{"data":"Zap","floor":6,"key":"SMITH"},{"floor":12,"key":"REST"},{"data":"Hologram","floor":15,"key":"SMITH"},{"floor":25,"key":"REST"},{"floor":28,"key":"REST"},{"data":"Defragment","floor":30,"key":"SMITH"},{"data":"Biased Cognition","floor":32,"key":"SMITH"},{"data":"Seek","floor":41,"key":"SMITH"},{"floor":49,"key":"RECALL"},{"data":"Defragment","floor":52,"key":"SMITH"}],"neow_cost":"NONE","seed_source_timestamp":275390824904980,"circlet_count":0,"master_deck":["Strike_B","Defend_B","Defend_B","Defend_B","Defend_B","Zap+1","Dualcast","Defragment+1","Hologram+1","Coolheaded","Hello World","Heatsinks","Biased Cognition+1","Recycle+1","Defragment+1","Coolheaded+1","Seek+1","Self Repair","Electrodynamics","Heatsinks+1","Coolheaded+1","Core Surge","Hologram+1","Skim","Clumsy","Writhe","Defragment+1","Recycle","Static Discharge","Defragment"],"relics":["Cracked Core","Ice Cream","Boot","Bag of Preparation","Cursed Key","Enchiridion","Orichalcum","The Courier","Oddly Smooth Stone","Sozu","Juzu Bracelet","War Paint","Ornamental Fan","FossilizedHelix","Gambling Chip","Bronze Scales"],"potions_floor_usage":[14,33,50,55,55],"damage_taken":[{"damage":1,"enemies":"Cultist","floor":1,"turns":3},{"damage":45,"enemies":"3 Sentries","floor":7,"turns":7},{"damage":8,"enemies":"Jaw Worm","floor":8,"turns":4},{"damage":0,"enemies":"2 Louse","floor":10,"turns":2},{"damage":8,"enemies":"Exordium Thugs","floor":14,"turns":4},{"damage":8,"enemies":"Hexaghost","floor":16,"turns":13},{"damage":7,"enemies":"Shell Parasite","floor":18,"turns":6},{"damage":12,"enemies":"2 Thieves","floor":19,"turns":5},{"damage":9,"enemies":"Book of Stabbing","floor":23,"turns":6},{"damage":0,"enemies":"Snake Plant","floor":24,"turns":4},{"damage":24,"enemies":"Gremlin Leader","floor":27,"turns":6},{"damage":2,"enemies":"Centurion and Healer","floor":29,"turns":5},{"damage":2,"enemies":"Shelled Parasite and Fungi","floor":31,"turns":4},{"damage":14,"enemies":"Automaton","floor":33,"turns":10},{"damage":0,"enemies":"Orb Walker","floor":35,"turns":3},{"damage":11,"enemies":"3 Shapes","floor":36,"turns":3},{"damage":8,"enemies":"Transient","floor":37,"turns":5},{"damage":15,"enemies":"Jaw Worm Horde","floor":38,"turns":3},{"damage":0,"enemies":"Spire Growth","floor":39,"turns":4},{"damage":18,"enemies":"Nemesis","floor":40,"turns":13},{"damage":16,"enemies":"Giant Head","floor":42,"turns":11},{"damage":33,"enemies":"Nemesis","floor":45,"turns":7},{"damage":0,"enemies":"Mind Bloom Boss Battle","floor":48,"turns":5},{"damage":1,"enemies":"Donu and Deca","floor":50,"turns":7},{"damage":22,"enemies":"Shield and Spear","floor":54,"turns":4},{"damage":58,"enemies":"The Heart","floor":55,"turns":12}],"seed_played":"-4762404138755327071","potions_obtained":[{"floor":1,"key":"Fire Potion"},{"floor":8,"key":"Dexterity Potion"},{"floor":10,"key":"SteroidPotion"},{"floor":16,"key":"AttackPotion"},{"floor":19,"key":"Explosive Potion"},{"floor":23,"key":"FocusPotion"},{"floor":33,"key":"SpeedPotion"}],"is_trial":false,"path_per_floor":["M","?","$","?","$","R","E","M","T","M","T","R","$","M","R","B",null,"M","M","?","$","?","E","M","R","T","E","R","M","R","M","R","B",null,"M","M","M","M","M","E","R","E","T","?","E","$","?","?","R","B",null,"R","$","E","B"],"character_chosen":"DEFECT","items_purchased":["Defragment","Coolheaded","Recycle","Gambling Chip","Static Discharge","Defragment"],"campfire_rested":3,"item_purchase_floors":[21,21,46,53,53,53],"current_hp_per_floor":[67,67,67,67,67,67,22,14,14,14,14,36,36,28,28,20,61,54,42,42,42,26,17,17,39,39,29,51,56,56,61,61,54,70,75,71,70,62,69,58,58,49,49,68,42,42,42,49,49,55,70,70,70,55,0],"gold":65,"neow_bonus":"THREE_CARDS","is_prod":false,"is_daily":false,"chose_seed":false,"campfire_upgraded":6,"win_rate":0,"timestamp":1560105832,"path_taken":["M","?","?","?","$","R","E","M","T","M","?","R","?","?","R","BOSS","M","M","?","$","?","E","M","R","T","E","R","M","R","M","R","BOSS","M","M","M","M","M","E","R","E","T","?","E","$","?","?","R","BOSS","R","$","E","BOSS"],"build_version":"2019-01-23","purchased_purges":3,"victory":false,"max_hp_per_floor":[75,75,75,75,75,75,75,75,75,75,75,75,75,75,75,75,75,75,75,75,75,75,75,75,75,75,75,75,75,75,75,75,75,75,75,75,75,75,75,75,75,75,75,75,75,75,75,75,75,75,75,75,75,75,75],"card_choices":[{"not_picked":["Compile Driver","Barrage"],"picked":"Defragment","floor":0},{"not_picked":["Go for the Eyes","Steam","Steam Power"],"picked":"SKIP","floor":1},{"not_picked":["Stack","Rebound"],"picked":"Hologram","floor":7},{"not_picked":["Heatsinks","Hyperbeam"],"picked":"Coolheaded","floor":8},{"not_picked":["Fusion","Rebound"],"picked":"Hello World","floor":10},{"not_picked":["Consume","Redo"],"picked":"Heatsinks","floor":14},{"not_picked":["Meteor Strike","Electrodynamics"],"picked":"Biased Cognition","floor":16},{"not_picked":["Turbo+1","Steam Power"],"picked":"Recycle+1","floor":18},{"not_picked":["Cold Snap","Hologram","Go for the Eyes"],"picked":"SKIP","floor":19},{"not_picked":["Rebound+1","Barrage"],"picked":"Seek","floor":23},{"not_picked":["Steam Power","Stack"],"picked":"Self Repair","floor":24},{"not_picked":["Tempest","Reprogram+1","Meteor Strike"],"picked":"SKIP","floor":27},{"not_picked":["Streamline","Chill","Go for the Eyes+1"],"picked":"SKIP","floor":29},{"not_picked":["Turbo","Gash","BootSequence+1"],"picked":"SKIP","floor":31},{"not_picked":["Rainbow","Fission"],"picked":"Electrodynamics","floor":33},{"not_picked":["Coolheaded","Conserve Battery"],"picked":"Heatsinks+1","floor":35},{"not_picked":["Steam","Gash+1"],"picked":"Coolheaded","floor":36},{"not_picked":["Ball Lightning+1","Rebound+1","Leap+1"],"picked":"SKIP","floor":37},{"not_picked":["Rebound+1","Stack+1"],"picked":"Core Surge","floor":38},{"not_picked":["Redo+1","Gash"],"picked":"Hologram+1","floor":39},{"not_picked":["Rebound","Beam Cell","Steam+1"],"picked":"SKIP","floor":40},{"not_picked":["Barrage+1","Hyperbeam"],"picked":"Skim","floor":42},{"not_picked":["Scrape","Sweeping Beam"],"picked":"Defragment","floor":45},{"not_picked":["Steam Power","Steam","Fission"],"picked":"SKIP","floor":54}],"player_experience":604210,"relics_obtained":[{"floor":7,"key":"Ice Cream"},{"floor":9,"key":"Boot"},{"floor":11,"key":"Bag of Preparation"},{"floor":22,"key":"Enchiridion"},{"floor":23,"key":"Orichalcum"},{"floor":26,"key":"The Courier"},{"floor":27,"key":"Oddly Smooth Stone"},{"floor":40,"key":"Juzu Bracelet"},{"floor":42,"key":"War Paint"},{"floor":45,"key":"Ornamental Fan"},{"floor":48,"key":"FossilizedHelix"},{"floor":54,"key":"Bronze Scales"}],"event_choices":[{"cards_removed":["Strike_B"],"damage_healed":0,"gold_gain":0,"player_choice":"Purged","damage_taken":0,"max_hp_gain":0,"max_hp_loss":0,"event_name":"Purifier","floor":2,"gold_loss":0},{"damage_healed":0,"gold_gain":0,"player_choice":"Grow","damage_taken":0,"max_hp_gain":0,"max_hp_loss":0,"event_name":"Living Wall","floor":4,"gold_loss":0,"cards_upgraded":["Defragment"]},{"damage_healed":0,"gold_gain":0,"player_choice":"Ignored","damage_taken":0,"max_hp_gain":0,"max_hp_loss":0,"event_name":"Vampires","floor":20,"gold_loss":0},{"damage_healed":0,"gold_gain":0,"player_choice":"Obtained Book","damage_taken":16,"max_hp_gain":0,"max_hp_loss":0,"event_name":"Cursed Tome","floor":22,"gold_loss":0},{"damage_healed":19,"gold_gain":0,"player_choice":"Writhe","damage_taken":0,"max_hp_gain":0,"max_hp_loss":0,"event_name":"Winding Halls","floor":44,"gold_loss":0,"cards_obtained":["Writhe"]},{"damage_healed":0,"gold_gain":0,"player_choice":"Ignored","damage_taken":0,"max_hp_gain":0,"max_hp_loss":0,"event_name":"Mysterious Sphere","floor":47,"gold_loss":0},{"damage_healed":0,"gold_gain":0,"player_choice":"Fight","damage_taken":0,"max_hp_gain":0,"max_hp_loss":0,"event_name":"MindBloom","floor":48,"gold_loss":0}],"is_beta":false,"boss_relics":[{"not_picked":["Lizard Tail","Calling Bell"],"picked":"Cursed Key"},{"not_picked":["White Beast Statue","Busted Crown"],"picked":"Sozu"}],"items_purged_floors":[3,21,46],"is_endless":false,"potions_floor_spawned":[1,8,10,16,19,23,29,33,35,36,42,45,48],"killed_by":"The Heart","ascension_level":8}