{"gold_per_floor":[114,389,400,88,108,108,135,135,135,148,173,173,173,191,191,295,295,307,153,153,166,184,184,201,201,278,153,170,170,184,196,196,300,300,318,318,318,329,629,629,649,202,225,237,237,237,248,73,73,73,73,73,21,52,52],"floor_reached":55,"playtime":8009,"items_purged":["Regret","Strike_G","Strike_G","Writhe","Strike_G+1"],"score":654,"play_id":"ff8aa6b9-c77c-4a7a-a69d-e9bff98ff37b","local_time":"20190702013018","is_ascension_mode":false,"campfire_choices":[{"data":"Blur","floor":6.0,"key":"SMITH"},{"floor":8.0,"key":"REST"},{"floor":13.0,"key":"REST"},{"floor":15.0,"key":"REST"},{"floor":23,"key":"RECALL"},{"floor":25,"key":"REST"},{"floor":32,"key":"REST"}],"neow_cost":"TEN_PERCENT_HP_LOSS","seed_source_timestamp":0,"circlet_count":0,"master_deck":["Defend_G+1","Defend_G+1","Defend_G+1","Defend_G+1","Defend_G+1","Strike_G+1","Survivor+1","Neutralize+1","A Thousand Cuts+1","Noxious Fumes+1","Blur+1","Caltrops+1","Outmaneuver+1","Prepared+1","Leg Sweep+1","Escape Plan+1","Corpse Explosion+1","Poisoned Stab+1","Deadly Poison+1","Deflect+1","Deadly Poison+1","Poisoned Stab+1","Acrobatics+1","Noxious Fumes+1","Bouncing Flask","Noxious Fumes+1","Deflect+1"],"special_seed":0,"relics":["Ring of the Snake","Whetstone","Pear","Oddly Smooth Stone","Du-Vu Doll","Fusion Hammer","CultistMask","Shuriken","Coffee Dripper","Mark of the Bloom","Mercury Hourglass","Strawberry","Unceasing Top"],"potions_floor_usage":[16,18,18,28,30,33,50,50,50,54],"damage_taken":[{"damage":0.0,"enemies":"2 Louse","floor":1.0,"turns":4.0},{"damage":1.0,"enemies":"Cultist","floor":3.0,"turns":5.0},{"damage":3.0,"enemies":"Small Slimes","floor":5.0,"turns":5.0},{"damage":17.0,"enemies":"3 Sentries","floor":7.0,"turns":7.0},{"damage":0.0,"enemies":"3 Louse","floor":10.0,"turns":4.0},{"damage":53.0,"enemies":"Gremlin Nob","floor":11.0,"turns":7.0},{"damage":0.0,"enemies":"Exordium Wildlife","floor":14.0,"turns":6.0},{"damage":13,"enemies":"Hexaghost","floor":16,"turns":12},{"damage":0,"enemies":"2 Thieves","floor":18,"turns":3},{"damage":20,"enemies":"Spheric Guardian","floor":21,"turns":5},{"damage":0,"enemies":"3 Cultists","floor":22,"turns":3},{"damage":0,"enemies":"Centurion and Healer","floor":24,"turns":6},{"damage":8,"enemies":"Cultist and Chosen","floor":28,"turns":5},{"damage":0,"enemies":"Snecko","floor":30,"turns":4},{"damage":13,"enemies":"Sentry and Sphere","floor":31,"turns":6},{"damage":72,"enemies":"Collector","floor":33,"turns":9},{"damage":0,"enemies":"Orb Walker","floor":35,"turns":5},{"damage":0,"enemies":"3 Shapes","floor":38,"turns":5},{"damage":0,"enemies":"Maw","floor":41,"turns":6},{"damage":0,"enemies":"3 Darklings","floor":44,"turns":4},{"damage":0,"enemies":"Transient","floor":47,"turns":5},{"damage":29,"enemies":"Awakened One","floor":50,"turns":14},{"damage":17,"enemies":"Shield and Spear","floor":54,"turns":6},{"damage":36,"enemies":"The Heart","floor":55,"turns":2}],"seed_played":"-7641144289016341940","potions_obtained":[{"floor":1.0,"key":"SteroidPotion"},{"floor":7.0,"key":"SteroidPotion"},{"floor":14.0,"key":"Dexterity Potion"},{"floor":16,"key":"Explosive Potion"},{"floor":21,"key":"Regen Potion"},{"floor":22,"key":"Ancient Potion"},{"floor":28,"key":"FearPotion"},{"floor":31,"key":"Weak Potion"},{"floor":35,"key":"Poison Potion"},{"floor":38,"key":"SmokeBomb"},{"floor":47,"key":"Weak Potion"}],"is_trial":false,"path_per_floor":["M","?","M","$","M","R","E","R","T","M","E","?","R","M","R","B",null,"M","$","?","M","M","R","M","R","T","$","M","?","M","M","R","B",null,"M","?","?","M","?","R","M","$","T","M","?","?","M","$","R","B",null,"R","$","E","B"],"character_chosen":"THE_SILENT","items_purchased":["Caltrops","Whetstone","Deadly Poison","Mercury Hourglass","Deflect","Block Potion"],"campfire_rested":5,"item_purchase_floors":[4,4,19,42,42,53],"current_hp_per_floor":[63,63,62,62,59,59,52,73,73,73,20,20,41,41,62,49,73,73,73,73,53,53,53,53,73,73,73,65,65,65,52,73,16,73,73,73,73,73,73,73,73,73,73,73,73,73,73,73,73,44,44,44,44,27,0],"gold":52,"neow_bonus":"THREE_RARE_CARDS","is_prod":false,"is_daily":false,"chose_seed":false,"campfire_upgraded":1,"win_rate":0,"timestamp":1562023818,"path_taken":["M","?","M","$","M","R","E","R","T","M","E","?","R","M","R","BOSS","M","$","?","M","?","R","M","R","T","$","M","?","M","M","R","BOSS","M","?","?","M","?","R","M","$","T","?","?","?","M","$","R","BOSS","R","$","E","BOSS"],"build_version":"2019-01-23","purchased_purges":5,"victory":false,"max_hp_per_floor":[63,63,63,63,63,63,73,73,73,73,73,73,73,73,73,73,73,73,73,73,73,73,73,73,73,73,73,73,73,73,73,73,73,73,73,73,73,73,73,73,73,73,80,80,80,80,80,80,80,80,80,80,80,80,80],"card_choices":[{"not_picked":["Venomology","Tools of the Trade"],"picked":"A Thousand Cuts","floor":0.0},{"not_picked":["Eviscerate","Choke"],"picked":"Noxious Fumes","floor":1.0},{"not_picked":["Flechettes","Quick Slash"],"picked":"Blur","floor":3.0},{"not_picked":["Dagger Spray","Blade Dance"],"picked":"Outmaneuver","floor":5.0},{"not_picked":["Underhanded Strike","Riddle With Holes"],"picked":"Prepared","floor":7.0},{"not_picked":["Dash","Choke","Quick Slash"],"picked":"SKIP","floor":10.0},{"not_picked":["Backflip","Dagger Throw"],"picked":"Leg Sweep","floor":11.0},{"not_picked":["Quick Slash","Infinite Blades"],"picked":"Escape Plan","floor":14.0},{"not_picked":["Wraith Form v2","Glass Knife"],"picked":"Corpse Explosion","floor":16},{"not_picked":["Predator","Dagger Throw"],"picked":"Poisoned Stab","floor":18},{"not_picked":["Flying Knee","Reflex+1"],"picked":"Deflect","floor":21},{"not_picked":["Bane","Quick Slash+1"],"picked":"Deadly Poison+1","floor":22},{"not_picked":["Dash","Acrobatics"],"picked":"Poisoned Stab+1","floor":24},{"not_picked":["Bane","Backflip","Tools of the Trade"],"picked":"SKIP","floor":28},{"not_picked":["Blade Dance","Tactician"],"picked":"Acrobatics+1","floor":30},{"not_picked":["Heel Hook","Deadly Poison","Well Laid Plans"],"picked":"SKIP","floor":31},{"not_picked":["Sucker Punch","Masterful Stab+1"],"picked":"Noxious Fumes+1","floor":35},{"not_picked":["Dagger Spray+1","Prepared+1"],"picked":"Bouncing Flask","floor":38},{"not_picked":["Quick Slash+1","Sucker Punch"],"picked":"Noxious Fumes+1","floor":41},{"not_picked":["Sucker Punch+1","Flechettes+1","Prepared"],"picked":"SKIP","floor":44},{"not_picked":["Finisher","Acrobatics","Blade Dance+1"],"picked":"SKIP","floor":47},{"not_picked":["Blade Dance","Distraction+1","Bouncing Flask"],"picked":"SKIP","floor":54}],"player_experience":101492,"relics_obtained":[{"floor":7.0,"key":"Pear"},{"floor":9.0,"key":"Oddly Smooth Stone"},{"floor":11.0,"key":"Du-Vu Doll"},{"floor":43,"key":"Strawberry"},{"floor":54,"key":"Unceasing Top"}],"event_choices":[{"damage_healed":0.0,"max_hp_gain":0.0,"max_hp_loss":0.0,"gold_gain":275.0,"event_name":"Golden Shrine","player_choice":"Desecrate","floor":2.0,"gold_loss":0.0,"damage_taken":0.0,"cards_obtained":["Regret"]},{"damage_healed":0.0,"max_hp_gain":0.0,"max_hp_loss":0.0,"gold_gain":0.0,"event_name":"Upgrade Shrine","player_choice":"Upgraded","floor":12.0,"gold_loss":0.0,"damage_taken":0.0,"cards_upgraded":["Noxious Fumes"]},{"damage_healed":0,"gold_gain":0,"player_choice":"Trade","damage_taken":0,"relics_obtained":["CultistMask"],"max_hp_gain":0,"max_hp_loss":0,"event_name":"FaceTrader","floor":20,"gold_loss":0},{"damage_healed":0,"gold_gain":0,"player_choice":"Opened","damage_taken":0,"relics_obtained":["Shuriken"],"max_hp_gain":0,"max_hp_loss":0,"event_name":"The Mausoleum","floor":29,"gold_loss":0,"cards_obtained":["Writhe"]},{"cards_removed":["Strike_G"],"damage_healed":0,"gold_gain":0,"player_choice":"Removed Attack","damage_taken":0,"max_hp_gain":0,"max_hp_loss":0,"event_name":"Falling","floor":36,"gold_loss":0},{"damage_healed":0,"gold_gain":0,"player_choice":"Upgrade","damage_taken":0,"relics_obtained":["Mark of the Bloom"],"max_hp_gain":0,"max_hp_loss":0,"event_name":"MindBloom","floor":37,"gold_loss":0,"cards_upgraded":["Defend_G","Defend_G","Defend_G","Defend_G","Defend_G","Strike_G","Strike_G","Survivor","A Thousand Cuts","Caltrops","Outmaneuver","Prepared","Leg Sweep","Escape Plan","Corpse Explosion","Poisoned Stab","Deadly Poison","Deflect"]},{"damage_healed":0,"gold_gain":300,"player_choice":"Gold","damage_taken":0,"max_hp_gain":0,"max_hp_loss":0,"event_name":"Wheel of Change","floor":39,"gold_loss":0},{"damage_healed":0,"gold_gain":0,"player_choice":"Memory 1","damage_taken":0,"max_hp_gain":0,"max_hp_loss":0,"event_name":"SensoryStone","floor":45,"gold_loss":0},{"damage_healed":0,"gold_gain":0,"player_choice":"Upgraded","damage_taken":0,"max_hp_gain":0,"max_hp_loss":0,"event_name":"Upgrade Shrine","floor":46,"gold_loss":0,"cards_upgraded":["Deflect"]}],"is_beta":false,"boss_relics":[{"not_picked":["Runic Dome","Tiny House"],"picked":"Fusion Hammer"},{"not_picked":["Eternal Feather","WristBlade"],"picked":"Coffee Dripper"}],"items_purged_floors":[4,19,27,42,48],"is_endless":false,"potions_floor_spawned":[1,7,14,16,21,22,28,31,35,38,47],"killed_by":"The Heart","ascension_level":0}