{"gold_per_floor":[364,381,381,396,410,437,437,470,470,483,483,483,408,421,421,421],"floor_reached":16,"playtime":7453,"items_purged":["Strike_R"],"score":112,"play_id":"da66c7de-fb98-47ed-bff4-fc8f8ed99509","local_time":"20190625210159","is_ascension_mode":false,"campfire_choices":[{"data":"True Grit","floor":7,"key":"SMITH"},{"data":"True Grit","floor":12,"key":"SMITH"},{"data":"Armaments","floor":15,"key":"SMITH"}],"neow_cost":"TEN_PERCENT_HP_LOSS","seed_source_timestamp":0,"circlet_count":0,"master_deck":["Strike_R","Strike_R","Strike_R","Strike_R","Defend_R","Defend_R","Defend_R","Defend_R","Bash","Disarm","Headbutt","True Grit+1","Twin Strike","True Grit+1","Armaments+1"],"special_seed":0,"relics":["Burning Blood","Potion Belt","Mercury Hourglass","Matryoshka"],"potions_floor_usage":[6],"damage_taken":[{"damage":0.0,"enemies":"Small Slimes","floor":1.0,"turns":4.0},{"damage":0,"enemies":"2 Louse","floor":2,"turns":4},{"damage":6,"enemies":"Cultist","floor":4,"turns":3},{"damage":13,"enemies":"Exordium Wildlife","floor":5,"turns":5},{"damage":15,"enemies":"Gremlin Nob","floor":6,"turns":4},{"damage":34,"enemies":"3 Sentries","floor":8,"turns":11},{"damage":10,"enemies":"Exordium Thugs","floor":10,"turns":5},{"damage":1,"enemies":"3 Louse","floor":14,"turns":3},{"damage":77,"enemies":"Hexaghost","floor":16,"turns":16}],"seed_played":"-5569326992848898663","potions_obtained":[{"floor":1.0,"key":"AttackPotion"},{"floor":5,"key":"Dexterity Potion"},{"floor":14,"key":"Fire Potion"}],"is_trial":false,"path_per_floor":["M","M","?","M","M","E","R","E","T","M","?","R","$","M","R","B"],"character_chosen":"IRONCLAD","items_purchased":[],"campfire_rested":0,"item_purchase_floors":[],"current_hp_per_floor":[72,72,77,77,70,61,61,33,33,29,77,77,77,77,77,0],"gold":421,"neow_bonus":"TWO_FIFTY_GOLD","is_prod":false,"is_daily":false,"chose_seed":false,"campfire_upgraded":3,"win_rate":0.0,"timestamp":1561521719,"path_taken":["M","M","?","M","M","E","R","E","T","M","?","R","$","M","R","BOSS"],"build_version":"2019-01-23","purchased_purges":1,"victory":false,"max_hp_per_floor":[72,72,77,77,77,77,77,77,77,77,77,77,77,77,77,77],"card_choices":[{"not_picked":["Clash","Twin Strike"],"picked":"Disarm","floor":1.0},{"not_picked":["Blood for Blood","Pommel Strike"],"picked":"Headbutt","floor":2},{"not_picked":["Armaments","Warcry"],"picked":"True Grit","floor":4},{"not_picked":["True Grit","Thunderclap"],"picked":"Twin Strike","floor":5},{"not_picked":["Bludgeon","Sever Soul","Fire Breathing"],"picked":"SKIP","floor":6},{"not_picked":["Anger","Thunderclap"],"picked":"True Grit","floor":8},{"not_picked":["Iron Wave","Corruption"],"picked":"Inflame","floor":10},{"not_picked":["Pommel Strike","Thunderclap"],"picked":"Armaments","floor":14}],"player_experience":9772,"relics_obtained":[{"floor":6,"key":"Potion Belt"},{"floor":8,"key":"Mercury Hourglass"},{"floor":9,"key":"Matryoshka"}],"event_choices":[{"damage_healed":0,"gold_gain":0,"player_choice":"Donut","damage_taken":0,"max_hp_gain":5,"max_hp_loss":0,"event_name":"Big Fish","floor":3,"gold_loss":0},{"cards_removed":["Inflame"],"damage_healed":48,"gold_gain":0,"player_choice":"Offered Uncommon","damage_taken":0,"max_hp_gain":0,"max_hp_loss":0,"event_name":"Bonfire Elementals","floor":11,"gold_loss":0}],"is_beta":false,"boss_relics":[],"items_purged_floors":[13],"is_endless":false,"potions_floor_spawned":[1,5,14],"killed_by":"Hexaghost","ascension_level":0}