{"gold_per_floor":[111,124,74,85,103,136,136,155,155,155,212,40,40,57,57,57],"floor_reached":16,"playtime":4463,"items_purged":["Strike_R"],"score":118,"play_id":"de9e72b9-1f45-4f6f-84ae-87d719105948","local_time":"20190818160356","is_ascension_mode":true,"campfire_choices":[{"data":"Ghostly Armor","floor":7.0,"key":"SMITH"},{"data":"Armaments","floor":13,"key":"SMITH"},{"floor":15,"key":"REST"}],"neow_cost":"NONE","seed_source_timestamp":221607964542300,"circlet_count":0,"master_deck":["Strike_R","Strike_R","Strike_R","Defend_R","Defend_R","Defend_R","Defend_R","Bash","Ghostly Armor+1","Intimidate","Warcry","Pummel","Burning Pact","Armaments+1","Corruption","Shrug It Off"],"special_seed":0,"relics":["Burning Blood","Bronze Scales","Blue Candle","Tiny Chest"],"potions_floor_usage":[16,16,16],"damage_taken":[{"damage":3.0,"enemies":"Small Slimes","floor":1.0,"turns":4.0},{"damage":1.0,"enemies":"Jaw Worm","floor":2.0,"turns":5.0},{"damage":1.0,"enemies":"Cultist","floor":4.0,"turns":5.0},{"damage":4.0,"enemies":"Blue Slaver","floor":5.0,"turns":5.0},{"damage":29.0,"enemies":"3 Sentries","floor":6.0,"turns":11.0},{"damage":5.0,"enemies":"Large Slime","floor":8.0,"turns":8.0},{"damage":41.0,"enemies":"Gremlin Nob","floor":11.0,"turns":5.0},{"damage":12,"enemies":"Gremlin Gang","floor":14,"turns":6},{"damage":66,"enemies":"Slime Boss","floor":16,"turns":11}],"seed_played":"2260391197529453224","potions_obtained":[{"floor":2.0,"key":"Regen Potion"},{"floor":8.0,"key":"SpeedPotion"},{"floor":14,"key":"PowerPotion"}],"is_trial":false,"path_per_floor":["M","M","?","M","M","E","R","M","T","?","E","$","R","M","R","B"],"character_chosen":"IRONCLAD","items_purchased":["Armaments","Corruption"],"campfire_rested":1,"item_purchase_floors":[12,12],"current_hp_per_floor":[80,80,80,80,80,57,57,58,58,63,28,28,28,22,47,0],"gold":57,"neow_bonus":"RANDOM_COMMON_RELIC","is_prod":false,"is_daily":false,"chose_seed":false,"campfire_upgraded":2,"win_rate":0,"timestamp":1566169436,"path_taken":["M","M","?","M","M","E","R","M","T","?","E","?","R","M","R","BOSS"],"build_version":"2019-07-17","purchased_purges":1,"victory":false,"max_hp_per_floor":[80,80,80,80,80,80,80,80,80,85,85,85,85,85,85,85],"card_choices":[{"not_picked":["True Grit","Pommel Strike","Second Wind"],"picked":"SKIP","floor":1.0},{"not_picked":["Thunderclap","Armaments"],"picked":"Ghostly Armor","floor":2.0},{"not_picked":["Thunderclap","Twin Strike"],"picked":"Intimidate","floor":4.0},{"not_picked":["Cleave","Fiend Fire"],"picked":"Warcry","floor":5.0},{"not_picked":["Dual Wield","Sever Soul"],"picked":"Pummel","floor":6.0},{"not_picked":["Body Slam","Pommel Strike","Clothesline"],"picked":"SKIP","floor":8.0},{"not_picked":["Twin Strike","Flame Barrier"],"picked":"Burning Pact","floor":11.0},{"not_picked":["Flex","Anger"],"picked":"Shrug It Off","floor":14}],"player_experience":212011,"relics_obtained":[{"floor":6.0,"key":"Blue Candle"},{"floor":11.0,"key":"Tiny Chest"}],"event_choices":[{"cards_removed":["Strike_R"],"damage_healed":0.0,"max_hp_gain":0.0,"max_hp_loss":0.0,"gold_gain":0.0,"event_name":"The Cleric","player_choice":"Card Removal","floor":3.0,"gold_loss":50.0,"damage_taken":0.0},{"damage_healed":0.0,"max_hp_gain":5.0,"max_hp_loss":0.0,"gold_gain":0.0,"event_name":"Big Fish","player_choice":"Donut","floor":10.0,"gold_loss":0.0,"damage_taken":0.0}],"is_beta":false,"boss_relics":[],"items_purged_floors":[12],"is_endless":false,"potions_floor_spawned":[2,8,14],"killed_by":"Slime Boss","ascension_level":1}