{"gold_per_floor":[113,188,204,215,235,270,270,299,324,324],"floor_reached":10,"playtime":360,"items_purged":[],"score":94,"play_id":"379f28c2-4340-4cb8-b670-2d046ba46340","local_time":"20190607140712","is_ascension_mode":true,"campfire_choices":[{"data":"Streamline","floor":7,"key":"SMITH"}],"neow_cost":"NONE","seed_source_timestamp":8431904167374,"circlet_count":0,"master_deck":["Strike_B","Strike_B","Strike_B","Strike_B","Defend_B","Defend_B","Defend_B","Defend_B","Zap","Dualcast","Auto Shields","Ball Lightning","Streamline+1","Sweeping Beam"],"relics":["Cracked Core","Bag of Preparation","Boot","Vajra"],"potions_floor_usage":[4,5,8,8,10],"damage_taken":[{"damage":0,"enemies":"2 Louse","floor":1,"turns":1},{"damage":2,"enemies":"Jaw Worm","floor":3,"turns":4},{"damage":0,"enemies":"Small Slimes","floor":4,"turns":3},{"damage":2,"enemies":"Exordium Thugs","floor":5,"turns":4},{"damage":20,"enemies":"3 Sentries","floor":6,"turns":6},{"damage":35,"enemies":"Lagavulin","floor":8,"turns":4},{"damage":10,"enemies":"3 Sentries","floor":10,"turns":4}],"seed_played":"5459431110074603714","potions_obtained":[{"floor":0,"key":"Poison Potion"},{"floor":0,"key":"SneckoOil"},{"floor":0,"key":"Block Potion"},{"floor":4,"key":"PowerPotion"},{"floor":8,"key":"SteroidPotion"}],"is_trial":false,"path_per_floor":["M","?","M","M","M","E","R","E","T","?"],"character_chosen":"DEFECT","items_purchased":[],"campfire_rested":0,"item_purchase_floors":[],"current_hp_per_floor":[75,64,62,62,60,40,40,5,5,0],"gold":324,"neow_bonus":"THREE_SMALL_POTIONS","is_prod":false,"is_daily":false,"chose_seed":false,"campfire_upgraded":1,"win_rate":0,"timestamp":1559934432,"path_taken":["M","?","M","M","M","E","R","E","T","?"],"build_version":"2019-01-23","purchased_purges":0,"victory":false,"max_hp_per_floor":[75,75,75,75,75,75,75,75,75,75],"card_choices":[{"not_picked":["Turbo","Self Repair"],"picked":"Auto Shields","floor":1},{"not_picked":["Sweeping Beam","Glacier"],"picked":"Ball Lightning","floor":3},{"not_picked":["Compile Driver","Turbo"],"picked":"Streamline","floor":4},{"not_picked":["Gash","Darkness"],"picked":"Sweeping Beam","floor":5},{"not_picked":["Streamline","Thunder Strike","Force Field"],"picked":"SKIP","floor":6},{"not_picked":["Force Field","Doom and Gloom","Recycle"],"picked":"SKIP","floor":8}],"player_experience":118796,"relics_obtained":[{"floor":6,"key":"Bag of Preparation"},{"floor":8,"key":"Boot"},{"floor":9,"key":"Vajra"}],"event_choices":[{"damage_healed":0,"gold_gain":75,"player_choice":"Gather Gold","damage_taken":11,"max_hp_gain":0,"max_hp_loss":0,"event_name":"World of Goop","floor":2,"gold_loss":0},{"damage_healed":0,"gold_gain":0,"player_choice":"Searched \u00272\u0027 times","damage_taken":0,"max_hp_gain":0,"max_hp_loss":0,"event_name":"Dead Adventurer","floor":10,"gold_loss":0}],"is_beta":false,"boss_relics":[],"items_purged_floors":[],"is_endless":false,"potions_floor_spawned":[4,8],"killed_by":"3 Sentries","ascension_level":4}