{"gold_per_floor":[216,226,226,241,43,43,71,71,71,88,122,133,133,9,9,114,114,132,132,162,87,18,18,18,33,112,89,89,114,17,17,17,17],"floor_reached":33,"playtime":2166,"items_purged":[],"score":307,"play_id":"2c959b98-8e5c-48ad-a3ed-c375cf7b99cc","local_time":"20190723085550","is_ascension_mode":true,"campfire_choices":[{"data":"Uppercut","floor":6,"key":"SMITH"},{"data":"Bash","floor":15,"key":"SMITH"},{"data":"Feel No Pain","floor":23,"key":"SMITH"},{"floor":28,"key":"RECALL"},{"data":"Shrug It Off","floor":32,"key":"SMITH"}],"neow_cost":"NONE","seed_source_timestamp":1026899530350578,"circlet_count":0,"master_deck":["Defend_R","Defend_R","Bash+1","Uppercut+1","Shrug It Off","Spot Weakness","Shrug It Off+1","Parasite","Carnage","Corruption+1","Shrug It Off+1","Ghostly Armor+1","Demon Form","Anger+1","Bite","Bite","Bite","Bite","Bite","Carnage+1","Feel No Pain+1","Burning Pact+1","Warcry+1","Power Through+1","Armaments+1"],"relics":["Burning Blood","Du-Vu Doll","Oddly Smooth Stone","Boot","Toxic Egg 2","Ornamental Fan","Coffee Dripper","Red Mask","Molten Egg 2","Bronze Scales"],"potions_floor_usage":[7,11,12,16,25,29,33,33],"damage_taken":[{"damage":8,"enemies":"2 Louse","floor":1,"turns":2},{"damage":5,"enemies":"Small Slimes","floor":2,"turns":3},{"damage":0,"enemies":"Jaw Worm","floor":4,"turns":3},{"damage":27,"enemies":"3 Sentries","floor":7,"turns":8},{"damage":6,"enemies":"2 Fungi Beasts","floor":10,"turns":3},{"damage":18,"enemies":"Gremlin Nob","floor":11,"turns":4},{"damage":12,"enemies":"Large Slime","floor":12,"turns":3},{"damage":28,"enemies":"Hexaghost","floor":16,"turns":11},{"damage":19,"enemies":"3 Byrds","floor":18,"turns":6},{"damage":42,"enemies":"Masked Bandits","floor":20,"turns":5},{"damage":0,"enemies":"Shell Parasite","floor":25,"turns":3},{"damage":42,"enemies":"Book of Stabbing","floor":29,"turns":6},{"damage":51,"enemies":"Collector","floor":33,"turns":5}],"seed_played":"-6582756454472122769","potions_obtained":[{"floor":4,"key":"Weak Potion"},{"floor":7,"key":"Dexterity Potion"},{"floor":10,"key":"SkillPotion"},{"floor":16,"key":"SneckoOil"},{"floor":18,"key":"SteroidPotion"},{"floor":25,"key":"Weak Potion"}],"is_trial":false,"path_per_floor":["M","M","?","M","$","R","E","?","T","M","E","M","?","$","R","B",null,"M","?","?","?","$","R","?","M","T","$","R","E","$","?","R","B"],"character_chosen":"IRONCLAD","items_purchased":["Oddly Smooth Stone","Explosive Potion","Ghostly Armor+1","SteroidPotion","Feel No Pain","Warcry+1","Armaments+1","SkillPotion"],"campfire_rested":0,"item_purchase_floors":[5,5,14,14,22,27,30,30],"current_hp_per_floor":[78,79,61,67,67,67,46,66,66,66,54,48,48,48,48,26,80,67,56,30,30,30,30,30,42,42,42,42,18,18,36,36,0],"gold":17,"neow_bonus":"HUNDRED_GOLD","is_prod":false,"is_daily":false,"chose_seed":false,"campfire_upgraded":4,"win_rate":0,"timestamp":1563890150,"path_taken":["M","M","?","M","$","R","E","?","T","M","E","M","?","$","R","BOSS","M","?","?","?","$","R","?","?","T","$","R","E","$","?","R","BOSS"],"build_version":"2019-07-17","purchased_purges":0,"victory":false,"max_hp_per_floor":[80,80,80,80,80,80,80,80,80,80,80,80,80,80,80,80,80,80,56,56,56,56,56,56,56,56,56,56,56,56,56,56,56],"card_choices":[{"not_picked":["Iron Wave","Evolve"],"picked":"Uppercut","floor":1},{"not_picked":["Flex","Body Slam"],"picked":"Shrug It Off","floor":2},{"not_picked":["Heavy Blade","Warcry"],"picked":"Spot Weakness","floor":4},{"not_picked":["Flex","Clash"],"picked":"Shrug It Off","floor":7},{"not_picked":["Sever Soul","Body Slam"],"picked":"Carnage","floor":10},{"not_picked":["Warcry+1","Bloodletting+1"],"picked":"Corruption","floor":11},{"not_picked":["Immolate","Headbutt"],"picked":"Shrug It Off+1","floor":12},{"not_picked":["Juggernaut","Berserk"],"picked":"Demon Form","floor":16},{"not_picked":["Thunderclap","True Grit+1"],"picked":"Anger+1","floor":18},{"not_picked":["Inflame","Perfected Strike"],"picked":"Carnage+1","floor":20},{"not_picked":["Heavy Blade","Perfected Strike"],"picked":"Burning Pact+1","floor":25},{"not_picked":["Sword Boomerang+1","Spot Weakness+1"],"picked":"Power Through+1","floor":29}],"player_experience":74804,"relics_obtained":[{"floor":7,"key":"Boot"},{"floor":9,"key":"Toxic Egg 2"},{"floor":11,"key":"Ornamental Fan"},{"floor":20,"key":"Red Mask"},{"floor":26,"key":"Molten Egg 2"},{"floor":29,"key":"Bronze Scales"}],"event_choices":[{"damage_healed":0,"gold_gain":0,"player_choice":"Success","damage_taken":18,"relics_obtained":["Du-Vu Doll"],"max_hp_gain":0,"max_hp_loss":0,"event_name":"Scrap Ooze","floor":3,"gold_loss":0},{"damage_healed":20,"gold_gain":0,"player_choice":"Healed and dodged fight","damage_taken":0,"max_hp_gain":0,"max_hp_loss":0,"event_name":"Mushrooms","floor":8,"gold_loss":0,"cards_obtained":["Parasite"]},{"damage_healed":0,"gold_gain":0,"player_choice":"Grow","damage_taken":0,"max_hp_gain":0,"max_hp_loss":0,"event_name":"Living Wall","floor":13,"gold_loss":0,"cards_upgraded":["Corruption"]},{"damage_healed":0,"gold_gain":0,"player_choice":"Became a vampire","damage_taken":0,"max_hp_gain":0,"max_hp_loss":24,"event_name":"Vampires","floor":19,"gold_loss":0,"cards_obtained":["Bite","Bite","Bite","Bite","Bite"]},{"damage_healed":0,"gold_gain":0,"player_choice":"Fought Bandits","damage_taken":0,"max_hp_gain":0,"max_hp_loss":0,"event_name":"Masked Bandits","floor":20,"gold_loss":0},{"cards_removed":["Defend_R"],"damage_healed":0,"gold_gain":0,"player_choice":"Gave Gold","damage_taken":0,"max_hp_gain":0,"max_hp_loss":0,"event_name":"Beggar","floor":21,"gold_loss":75},{"cards_removed":["Defend_R"],"damage_healed":0,"gold_gain":0,"player_choice":"Elegance","damage_taken":0,"max_hp_gain":0,"max_hp_loss":0,"event_name":"Back to Basics","floor":24,"gold_loss":0},{"damage_healed":18,"gold_gain":0,"player_choice":"Heal","damage_taken":0,"max_hp_gain":0,"max_hp_loss":0,"event_name":"The Library","floor":31,"gold_loss":0}],"is_beta":false,"boss_relics":[{"not_picked":["Black Blood","Sozu"],"picked":"Coffee Dripper"}],"items_purged_floors":[],"is_endless":false,"potions_floor_spawned":[4,7,10,16,18,25],"killed_by":"Collector","ascension_level":1}