{"gold_per_floor":[114,23,23,44,44,44,67,67,93,129,164,164,164,184,184,279,279,300,300,272,71,87,87,115,115,193,193,193,93,103,138,138,212,212,222,222,239,252,252,252,281,281,308,342,353,382,382,411,411,411,411,411,411,4,29,29],"floor_reached":57,"playtime":4174,"items_purged":["Defend_B","Strike_B","Strike_B"],"score":3007,"play_id":"Baalorlord-89f17286","local_time":"20190702190656","is_ascension_mode":true,"campfire_choices":[{"data":"Genetic Algorithm","floor":6,"key":"SMITH"},{"data":"Consume","floor":8,"key":"SMITH"},{"data":"Hologram","floor":12,"key":"SMITH"},{"data":"Coolheaded","floor":15,"key":"SMITH"},{"data":"Defragment","floor":23,"key":"SMITH"},{"data":"Defragment","floor":25,"key":"SMITH"},{"data":"Buffer","floor":28,"key":"SMITH"},{"data":"Loop","floor":32,"key":"SMITH"},{"data":"Defragment","floor":40,"key":"SMITH"},{"floor":42,"key":"RECALL"},{"data":"Doom and Gloom","floor":47,"key":"SMITH"},{"data":"Static Discharge","floor":49,"key":"SMITH"},{"data":"Glacier","floor":53,"key":"SMITH"}],"neow_cost":"NONE","seed_source_timestamp":723240930159200,"circlet_count":0,"master_deck":["AscendersBane","Strike_B","Strike_B","Defend_B","Defend_B","Defend_B","Zap","Dualcast","Consume+1","Genetic Algorithm+1","Cold Snap","Coolheaded+1","Cold Snap","Ball Lightning","Hologram+1","Self Repair","Buffer+1","Defragment+1","Defragment+1","Rip and Tear","Defragment+1","Loop+1","Static Discharge+1","Echo Form","Compile Driver+1","Leap+1","Dark Shackles","Dark Shackles","Capacitor","Doom and Gloom+1","Glacier+1","Secret Technique","Heatsinks","Heatsinks+1"],"relics":["Sozu","Bloody Idol","WarpedTongs","Juzu Bracelet","Odd Mushroom","Symbiotic Virus","Spirit Poop","Velvet Choker","Potion Belt","Pantograph","Boot","Inserter","Pen Nib","Prayer Wheel","Bottled Tornado","Omamori","Bird Faced Urn"],"potions_floor_usage":[],"damage_taken":[{"damage":4,"enemies":"Jaw Worm","floor":1,"turns":4},{"damage":6,"enemies":"2 Louse","floor":4,"turns":3},{"damage":6,"enemies":"Cultist","floor":7,"turns":5},{"damage":16,"enemies":"The Mushroom Lair","floor":10,"turns":5},{"damage":5,"enemies":"Lagavulin","floor":11,"turns":7},{"damage":0,"enemies":"Large Slime","floor":14,"turns":3},{"damage":0,"enemies":"The Guardian","floor":16,"turns":10},{"damage":0,"enemies":"Chosen","floor":18,"turns":5},{"damage":0,"enemies":"2 Thieves","floor":20,"turns":4},{"damage":0,"enemies":"3 Cultists","floor":22,"turns":6},{"damage":23,"enemies":"Book of Stabbing","floor":24,"turns":5},{"damage":18,"enemies":"Snake Plant","floor":30,"turns":4},{"damage":38,"enemies":"Gremlin Leader","floor":31,"turns":8},{"damage":17,"enemies":"Champ","floor":33,"turns":10},{"damage":4,"enemies":"Orb Walker","floor":35,"turns":4},{"damage":20,"enemies":"3 Shapes","floor":37,"turns":5},{"damage":14,"enemies":"Transient","floor":38,"turns":6},{"damage":33,"enemies":"Reptomancer","floor":41,"turns":8},{"damage":0,"enemies":"Giant Head","floor":44,"turns":12},{"damage":0,"enemies":"Maw","floor":45,"turns":6},{"damage":0,"enemies":"Nemesis","floor":46,"turns":11},{"damage":0,"enemies":"Giant Head","floor":48,"turns":10},{"damage":31,"enemies":"Awakened One","floor":50,"turns":18},{"damage":24,"enemies":"Donu and Deca","floor":51,"turns":13},{"damage":16,"enemies":"Shield and Spear","floor":55,"turns":11},{"damage":72,"enemies":"The Heart","floor":56,"turns":11}],"seed_played":"-9068194616685525305","potions_obtained":[],"is_trial":false,"path_per_floor":["M","$","?","M","?","R","M","R","T","?","E","R","?","M","R","B",null,"M","?","M","$","M","R","E","R","T","?","R","$","M","E","R","B",null,"M","?","M","M","?","R","E","R","T","E","M","E","R","E","R","B","B",null,"R","$","E","B",null],"character_chosen":"DEFECT","items_purchased":["Genetic Algorithm","Cold Snap","Defragment","Rip and Tear","Secret Technique","Heatsinks"],"campfire_rested":0,"item_purchase_floors":[2,2,21,21,54,54],"current_hp_per_floor":[60,60,60,54,54,54,48,48,48,32,27,27,27,27,27,34,57,64,64,64,64,64,64,53,53,58,58,58,58,52,26,26,46,60,64,64,59,64,54,54,33,33,38,63,64,64,64,64,64,53,60,63,63,63,64,38],"gold":29,"neow_bonus":"BOSS_RELIC","is_prod":false,"is_daily":false,"chose_seed":false,"campfire_upgraded":12,"win_rate":0,"timestamp":1562108816,"path_taken":["M","$","?","M","?","R","M","R","T","?","E","R","?","M","R","BOSS","M","?","M","$","M","R","E","R","T","?","R","$","M","E","R","BOSS","M","?","M","M","?","R","E","R","T","E","M","E","R","E","R","BOSS","BOSS","R","$","E","BOSS"],"build_version":"2019-07-01","purchased_purges":3,"victory":true,"max_hp_per_floor":[71,71,64,64,64,64,64,64,64,64,64,64,64,64,64,64,64,64,64,64,64,64,64,64,64,64,64,64,64,64,64,64,64,64,64,64,64,64,64,64,64,64,64,64,64,64,64,64,64,64,64,64,64,64,64,64],"card_choices":[{"not_picked":["Redo","Stack"],"picked":"Consume","floor":1},{"not_picked":["Turbo","Leap"],"picked":"Coolheaded","floor":4},{"not_picked":["Stack","Rebound"],"picked":"Cold Snap","floor":7},{"not_picked":["Streamline","Tempest"],"picked":"Ball Lightning","floor":10},{"not_picked":["Compile Driver","Coolheaded"],"picked":"Hologram","floor":11},{"not_picked":["Coolheaded","Steam"],"picked":"Self Repair","floor":14},{"not_picked":["Rainbow","Fission"],"picked":"Buffer","floor":16},{"not_picked":["Turbo","BootSequence"],"picked":"Defragment","floor":18},{"not_picked":["Genetic Algorithm","Cold Snap","Consume"],"picked":"SKIP","floor":20},{"not_picked":["Genetic Algorithm","Cold Snap","Consume"],"picked":"SKIP","floor":20},{"not_picked":["Rip and Tear","Stack","Steam"],"picked":"SKIP","floor":22},{"not_picked":["Biased Cognition","Stack+1"],"picked":"Defragment","floor":24},{"not_picked":["Ball Lightning","Hologram"],"picked":"Loop","floor":30},{"not_picked":["Cold Snap","Genetic Algorithm"],"picked":"Static Discharge","floor":31},{"not_picked":["Rainbow","Machine Learning"],"picked":"Echo Form","floor":33},{"not_picked":["Stack","Beam Cell"],"picked":"Compile Driver+1","floor":35},{"not_picked":["Go for the Eyes","Rebound"],"picked":"Leap+1","floor":37},{"not_picked":["Fusion","Go for the Eyes+1","Static Discharge"],"picked":"SKIP","floor":38},{"not_picked":["Enlightenment","Discovery"],"picked":"Dark Shackles","floor":39},{"not_picked":["Chrysalis","Impatience"],"picked":"Dark Shackles","floor":39},{"not_picked":["Conserve Battery","Leap","Steam+1"],"picked":"SKIP","floor":41},{"not_picked":["Streamline","Go for the Eyes+1"],"picked":"Capacitor","floor":44},{"not_picked":["Reprogram","Steam"],"picked":"Doom and Gloom","floor":45},{"not_picked":["Go for the Eyes","Tempest","Steam Power"],"picked":"SKIP","floor":45},{"not_picked":["Blizzard","White Noise"],"picked":"Glacier","floor":46},{"not_picked":["Core Surge","Gash","Defragment"],"picked":"SKIP","floor":48},{"not_picked":["Turbo","Go for the Eyes"],"picked":"Heatsinks+1","floor":55}],"player_experience":2187643,"relics_obtained":[{"floor":9,"key":"Juzu Bracelet"},{"floor":10,"key":"Odd Mushroom"},{"floor":11,"key":"Symbiotic Virus"},{"floor":24,"key":"Potion Belt"},{"floor":26,"key":"Pantograph"},{"floor":31,"key":"Boot"},{"floor":41,"key":"Pen Nib"},{"floor":44,"key":"Prayer Wheel"},{"floor":46,"key":"Bottled Tornado"},{"floor":48,"key":"Omamori"},{"floor":55,"key":"Bird Faced Urn"}],"event_choices":[{"damage_healed":0,"gold_gain":0,"player_choice":"Lose Max HP","damage_taken":0,"relics_obtained":["Golden Idol"],"max_hp_gain":0,"max_hp_loss":7,"event_name":"Golden Idol","floor":3,"gold_loss":0},{"damage_healed":0,"gold_gain":0,"player_choice":"Rummage","damage_taken":0,"relics_obtained":["WarpedTongs"],"max_hp_gain":0,"max_hp_loss":0,"event_name":"Accursed Blacksmith","floor":5,"gold_loss":0,"cards_obtained":["Pain"]},{"damage_healed":0,"gold_gain":0,"player_choice":"Fought Mushrooms","damage_taken":0,"max_hp_gain":0,"max_hp_loss":0,"event_name":"Mushrooms","floor":10,"gold_loss":0},{"cards_removed":["Pain"],"damage_healed":0,"gold_gain":0,"player_choice":"Offered Curse","damage_taken":0,"relics_obtained":["Spirit Poop"],"max_hp_gain":0,"max_hp_loss":0,"event_name":"Bonfire Elementals","floor":13,"gold_loss":0},{"damage_healed":0,"gold_gain":0,"player_choice":"Gave Idol","damage_taken":0,"relics_obtained":["Bloody Idol"],"max_hp_gain":0,"max_hp_loss":0,"event_name":"Forgotten Altar","floor":19,"relics_lost":["Golden Idol"],"gold_loss":0},{"damage_healed":0,"gold_gain":0,"player_choice":"Ignored","damage_taken":0,"max_hp_gain":0,"max_hp_loss":0,"event_name":"The Mausoleum","floor":27,"gold_loss":0},{"damage_healed":0,"gold_gain":0,"player_choice":"Ignored","damage_taken":0,"max_hp_gain":0,"max_hp_loss":0,"event_name":"Tomb of Lord Red Mask","floor":36,"gold_loss":0},{"damage_healed":0,"gold_gain":0,"player_choice":"Memory 3","damage_taken":10,"max_hp_gain":0,"max_hp_loss":0,"event_name":"SensoryStone","floor":39,"gold_loss":0}],"is_beta":false,"boss_relics":[{"not_picked":["Runic Dome","Cursed Key"],"picked":"Velvet Choker"},{"not_picked":["Pandora\u0027s Box","Calling Bell"],"picked":"Inserter"}],"items_purged_floors":[21,29,54],"is_endless":false,"potions_floor_spawned":[1,4,7,14,18,20,24,37,45,46,48],"ascension_level":20}