{"gold_per_floor":[212,223,236,186,186,220,63,81,155,155,155,182,182,214,214,317,317,331,347,347,357,23,54,54,54,78,94,94,104,139,151,151,252,252,271,289,289,289,289,289,306,331,357,370,370],"floor_reached":45,"playtime":4656,"items_purged":["Strike_R"],"score":493,"play_id":"47b866b9-3400-4132-a0e3-a8a86bd4c9f7","local_time":"20181123163341","is_ascension_mode":false,"campfire_choices":[{"floor":10,"key":"REST"},{"data":"Sword Boomerang","floor":11,"key":"SMITH"},{"data":"Flex","floor":13,"key":"SMITH"},{"floor":15,"key":"REST"},{"floor":25,"key":"REST"},{"floor":32,"key":"REST"},{"data":"Barricade","floor":40,"key":"SMITH"}],"neow_cost":"NONE","seed_source_timestamp":2405460598477155,"circlet_count":0,"master_deck":["Strike_R","Strike_R","Strike_R","Defend_R+1","Defend_R+1","Defend_R+1","Defend_R","Bash+1","Flex+1","Ghostly Armor","Sword Boomerang+1","Sever Soul","Impervious","Heavy Blade","Iron Wave","Limit Break+1","Iron Wave","Dropkick","J.A.X.+1","Feel No Pain","True Grit+1","Offering+1","Writhe","Entrench+1","Discovery+1","Rupture","Armaments+1","Pommel Strike+1","Barricade+1","Thunderclap+1","Heavy Blade+1","Dark Embrace","Body Slam"],"relics":["Black Blood","WingedGreaves","Oddly Smooth Stone","Toxic Egg 2","Odd Mushroom","Red Skull","Frozen Eye","War Paint","Happy Flower","Bronze Scales","Champion Belt","Snecko Eye","Potion Belt","Bottled Flame","PreservedInsect"],"potions_floor_usage":[12,23,29,29,33,33,33,44],"damage_taken":[{"damage":4,"enemies":"2 Louse","floor":1,"turns":3},{"damage":5,"enemies":"Small Slimes","floor":2,"turns":3},{"damage":15,"enemies":"Jaw Worm","floor":3,"turns":6},{"damage":27,"enemies":"Gremlin Nob","floor":6,"turns":4},{"damage":11,"enemies":"Large Slime","floor":8,"turns":8},{"damage":4,"enemies":"The Mushroom Lair","floor":12,"turns":4},{"damage":25,"enemies":"Lagavulin","floor":14,"turns":7},{"damage":42,"enemies":"Slime Boss","floor":16,"turns":10},{"damage":29,"enemies":"3 Byrds","floor":18,"turns":9},{"damage":13,"enemies":"2 Thieves","floor":19,"turns":4},{"damage":9,"enemies":"Centurion and Healer","floor":21,"turns":6},{"damage":43,"enemies":"Slavers","floor":23,"turns":8},{"damage":9,"enemies":"3 Cultists","floor":27,"turns":4},{"damage":24,"enemies":"Snake Plant","floor":29,"turns":3},{"damage":18,"enemies":"Book of Stabbing","floor":30,"turns":3},{"damage":17,"enemies":"Centurion and Healer","floor":31,"turns":3},{"damage":41,"enemies":"Automaton","floor":33,"turns":11},{"damage":53,"enemies":"Orb Walker","floor":35,"turns":5},{"damage":9,"enemies":"3 Darklings","floor":36,"turns":5},{"damage":17,"enemies":"Sphere and 2 Shapes","floor":41,"turns":5},{"damage":29,"enemies":"Reptomancer","floor":42,"turns":6},{"damage":29,"enemies":"Transient","floor":44,"turns":5},{"damage":35,"enemies":"Nemesis","floor":45,"turns":3}],"seed_played":"-942908920019566058","potions_obtained":[{"floor":3,"key":"Fire Potion"},{"floor":6,"key":"Dexterity Potion"},{"floor":16,"key":"SpeedPotion"},{"floor":18,"key":"PowerPotion"},{"floor":29,"key":"SpeedPotion"},{"floor":30,"key":"Energy Potion"},{"floor":31,"key":"SteroidPotion"},{"floor":33,"key":"Ancient Potion"},{"floor":42,"key":"Dexterity Potion"}],"is_trial":false,"path_per_floor":["M","M","M","?","?","E","$","M","T","R","R","?","R","E","R","B",null,"M","M","?","M","$","E","?","R","T","M","?","M","E","M","R","B",null,"M","M","T","?","?","R","M","E","T","M","E"],"character_chosen":"IRONCLAD","items_purchased":["Oddly Smooth Stone","Frozen Eye","True Grit+1"],"campfire_rested":4,"item_purchase_floors":[7,22,22],"current_hp_per_floor":[80,80,71,71,55,34,34,29,29,53,53,55,55,36,60,24,80,61,58,58,59,59,26,26,50,50,51,51,37,29,22,46,15,80,37,38,38,38,70,70,63,44,44,25,0],"gold":370,"neow_bonus":"HUNDRED_GOLD","is_prod":false,"is_daily":false,"chose_seed":false,"campfire_upgraded":3,"win_rate":0,"timestamp":1542969221,"path_taken":["M","M","M","?","?","E","$","M","T","R","R","?","R","E","R","BOSS","M","M","?","M","$","E","?","R","T","M","?","M","E","M","R","BOSS","M","M","?","?","?","R","M","E","T","M","E"],"build_version":"2018-11-15","purchased_purges":1,"victory":false,"max_hp_per_floor":[80,80,80,80,80,80,80,80,80,80,80,80,80,80,80,80,80,80,80,80,80,80,80,80,80,80,80,80,80,80,80,80,80,80,80,80,80,80,70,70,70,70,70,70,70],"card_choices":[{"not_picked":["Thunderclap","Cleave"],"picked":"Flex","floor":1},{"not_picked":["Clash","Warcry"],"picked":"Ghostly Armor","floor":2},{"not_picked":["Burning Pact","True Grit"],"picked":"Sword Boomerang","floor":3},{"not_picked":["Cleave","Sword Boomerang"],"picked":"Sever Soul","floor":6},{"not_picked":["Corruption","Rampage"],"picked":"Impervious","floor":8},{"not_picked":["Clothesline","Perfected Strike"],"picked":"Heavy Blade","floor":12},{"not_picked":["Pommel Strike","Flex+1"],"picked":"Iron Wave","floor":14},{"not_picked":["Juggernaut","Bludgeon"],"picked":"Limit Break+1","floor":16},{"not_picked":["Clash+1","Uppercut"],"picked":"Iron Wave","floor":18},{"not_picked":["Cleave","Infernal Blade+1"],"picked":"Dropkick","floor":19},{"not_picked":["Intimidate+1","Corruption"],"picked":"Feel No Pain","floor":21},{"not_picked":["Thunderclap","Infernal Blade+1"],"picked":"Offering+1","floor":23},{"not_picked":["Twin Strike","Clash+1"],"picked":"Entrench+1","floor":27},{"not_picked":["Infernal Blade+1","Iron Wave+1"],"picked":"Rupture","floor":29},{"not_picked":["Cleave","Pommel Strike"],"picked":"Armaments+1","floor":30},{"not_picked":["Clash","Inflame"],"picked":"Pommel Strike+1","floor":31},{"not_picked":["Double Tap+1","Impervious+1"],"picked":"Barricade","floor":33},{"not_picked":["Shrug It Off+1","Cleave+1","Pommel Strike+1"],"picked":"SKIP","floor":35},{"not_picked":["Dropkick+1","Entrench+1"],"picked":"Thunderclap+1","floor":36},{"not_picked":["Shockwave+1","Armaments+1"],"picked":"Heavy Blade+1","floor":41},{"not_picked":["Whirlwind+1","Anger+1"],"picked":"Dark Embrace","floor":42},{"not_picked":["Warcry+1","Cleave"],"picked":"Body Slam","floor":44}],"player_experience":15891,"relics_obtained":[{"floor":6,"key":"WingedGreaves"},{"floor":9,"key":"Toxic Egg 2"},{"floor":12,"key":"Odd Mushroom"},{"floor":14,"key":"Red Skull"},{"floor":23,"key":"War Paint"},{"floor":26,"key":"Bronze Scales"},{"floor":30,"key":"Champion Belt"},{"floor":37,"key":"Potion Belt"},{"floor":42,"key":"Bottled Flame"},{"floor":43,"key":"PreservedInsect"}],"event_choices":[{"cards_removed":["Strike_R"],"damage_healed":0,"gold_gain":0,"player_choice":"Card Removal","damage_taken":0,"max_hp_gain":0,"max_hp_loss":0,"event_name":"The Cleric","floor":4,"gold_loss":50},{"damage_healed":0,"gold_gain":0,"player_choice":"Entered Light","damage_taken":16,"max_hp_gain":0,"max_hp_loss":0,"event_name":"Shining Light","floor":5,"gold_loss":0,"cards_upgraded":["Bash","Defend_R"]},{"damage_healed":0,"gold_gain":0,"player_choice":"Fought Mushrooms","damage_taken":0,"max_hp_gain":0,"max_hp_loss":0,"event_name":"Mushrooms","floor":12,"gold_loss":0},{"damage_healed":0,"gold_gain":0,"player_choice":"Obtain J.A.X.","damage_taken":0,"max_hp_gain":0,"max_hp_loss":0,"event_name":"Drug Dealer","floor":20,"gold_loss":0,"cards_obtained":["J.A.X."]},{"damage_healed":0,"gold_gain":0,"player_choice":"Opened","damage_taken":0,"relics_obtained":["Happy Flower"],"max_hp_gain":0,"max_hp_loss":0,"event_name":"The Mausoleum","floor":24,"gold_loss":0,"cards_obtained":["Writhe"]},{"damage_healed":0,"gold_gain":0,"player_choice":"1 cards matched","damage_taken":0,"max_hp_gain":0,"max_hp_loss":0,"event_name":"Match and Keep!","floor":28,"gold_loss":0,"cards_obtained":["Discovery"]},{"damage_healed":0,"gold_gain":0,"player_choice":"Ignored","damage_taken":0,"max_hp_gain":0,"max_hp_loss":0,"event_name":"Mysterious Sphere","floor":38,"gold_loss":0},{"damage_healed":70,"gold_gain":0,"player_choice":"Heal","damage_taken":0,"max_hp_gain":0,"max_hp_loss":10,"event_name":"The Moai Head","floor":39,"gold_loss":0}],"is_beta":false,"boss_relics":[{"not_picked":["Fusion Hammer","Cursed Key"],"picked":"Black Blood"},{"not_picked":["Eternal Feather","Runic Dome"],"picked":"Snecko Eye"}],"items_purged_floors":[22],"is_endless":false,"potions_floor_spawned":[3,6,16,18,29,30,31,33,42],"killed_by":"Nemesis","ascension_level":0}