{"gold_per_floor":[216,228,102,177,189,214,214,229,229,229,239,250,250,20,20,116,116,136,150,150,166,166],"floor_reached":22,"playtime":1005,"items_purged":["Defend_G"],"score":188,"play_id":"1cbbd2d4-30ea-4030-a931-b2c91533ba3c","local_time":"20181230191558","is_ascension_mode":false,"campfire_choices":[{"data":"Poisoned Stab","floor":7,"key":"SMITH"},{"data":"Infinite Blades","floor":10,"key":"SMITH"},{"floor":13,"key":"REST"},{"data":"Prepared","floor":15,"key":"SMITH"}],"neow_cost":"NONE","seed_source_timestamp":725083491265330,"circlet_count":0,"master_deck":["Survivor","Neutralize","Poisoned Stab+1","Sucker Punch","Bane","Well Laid Plans","Cloak And Dagger","Infinite Blades+1","Prepared+1","Grand Finale","Noxious Fumes","Envenom","Acrobatics","Bullet Time","Grand Finale+1","Masterful Stab+1","Glass Knife+1","Deadly Poison","All Out Attack+1","Accuracy","Masterful Stab+1","Underhanded Strike+1","Acrobatics+1","RitualDagger+1","Escape Plan"],"relics":["Ring of the Snake","Pantograph","The Courier","Molten Egg 2","Pandora\u0027s Box"],"potions_floor_usage":[6,16,21,22],"damage_taken":[{"damage":2,"enemies":"Small Slimes","floor":1,"turns":3},{"damage":0,"enemies":"2 Louse","floor":2,"turns":2},{"damage":3,"enemies":"Jaw Worm","floor":5,"turns":2},{"damage":27,"enemies":"3 Sentries","floor":6,"turns":11},{"damage":4,"enemies":"Gremlin Gang","floor":8,"turns":3},{"damage":0,"enemies":"Large Slime","floor":11,"turns":5},{"damage":5,"enemies":"Blue Slaver","floor":12,"turns":4},{"damage":12,"enemies":"Slime Boss","floor":16,"turns":6},{"damage":29,"enemies":"2 Thieves","floor":18,"turns":4},{"damage":10,"enemies":"Chosen","floor":19,"turns":3},{"damage":23,"enemies":"Centurion and Healer","floor":21,"turns":5},{"damage":14,"enemies":"Snecko","floor":22,"turns":3}],"seed_played":"-1609537797119833084","potions_obtained":[{"floor":1,"key":"Weak Potion"},{"floor":5,"key":"Dexterity Potion"},{"floor":8,"key":"GamblersBrew"},{"floor":18,"key":"LiquidBronze"},{"floor":21,"key":"SkillPotion"}],"is_trial":false,"path_per_floor":["M","M","$","?","M","E","R","M","T","R","M","M","R","$","R","B",null,"M","M","?","M","M"],"character_chosen":"THE_SILENT","items_purchased":["Bane","Molten Egg 2","Noxious Fumes"],"campfire_rested":1,"item_purchase_floors":[3,14,14],"current_hp_per_floor":[68,68,68,57,54,27,27,23,23,23,23,18,39,39,39,52,70,41,31,25,2,0],"gold":166,"neow_bonus":"HUNDRED_GOLD","is_prod":false,"is_daily":false,"chose_seed":false,"campfire_upgraded":3,"win_rate":0,"timestamp":1546215358,"path_taken":["M","M","$","?","M","E","R","M","T","R","M","M","R","$","R","BOSS","M","M","?","M","M"],"build_version":"2018-12-20","purchased_purges":1,"victory":false,"max_hp_per_floor":[70,70,70,70,70,70,70,70,70,70,70,70,70,70,70,70,70,70,70,70,70,70],"card_choices":[{"not_picked":["Deadly Poison","Blade Dance"],"picked":"Poisoned Stab","floor":1},{"not_picked":["Flechettes","Setup"],"picked":"Sucker Punch","floor":2},{"not_picked":["Dagger Spray","Masterful Stab"],"picked":"Well Laid Plans","floor":5},{"not_picked":["Eviscerate","Deflect"],"picked":"Cloak And Dagger","floor":6},{"not_picked":["Finisher","Dodge and Roll"],"picked":"Infinite Blades","floor":8},{"not_picked":["Setup","Deflect"],"picked":"Prepared","floor":11},{"not_picked":["Quick Slash","Well Laid Plans"],"picked":"Grand Finale","floor":12},{"not_picked":["Die Die Die+1","Bullet Time"],"picked":"Envenom","floor":16},{"not_picked":["Deflect","Dagger Spray+1"],"picked":"Underhanded Strike+1","floor":18},{"not_picked":["Heel Hook+1","Dagger Spray+1"],"picked":"Acrobatics+1","floor":19},{"not_picked":["Acrobatics","Calculated Gamble"],"picked":"Escape Plan","floor":21}],"player_experience":192152,"relics_obtained":[{"floor":6,"key":"Pantograph"},{"floor":9,"key":"The Courier"}],"event_choices":[{"damage_healed":0,"gold_gain":75,"player_choice":"Gather Gold","damage_taken":11,"max_hp_gain":0,"max_hp_loss":0,"event_name":"World of Goop","floor":4,"gold_loss":0},{"damage_healed":0,"gold_gain":0,"player_choice":"Joined the Cult","damage_taken":6,"max_hp_gain":0,"max_hp_loss":0,"event_name":"Nest","floor":20,"gold_loss":0,"cards_obtained":["RitualDagger"]}],"is_beta":false,"boss_relics":[{"not_picked":["Runic Pyramid","Lizard Tail"],"picked":"Pandora\u0027s Box"}],"items_purged_floors":[3],"is_endless":false,"potions_floor_spawned":[1,5,8,18,21],"killed_by":"Snecko","ascension_level":0}