{"gold_per_floor":[110,260,278,292,217,251,251,281,281,308,321,332,347,57,57,132,132,147,147,164,59,59,88,88,88,88,120,137,151,151,167,167,241,241,255,307,707,68,79,107,121,153,176,190,201,226,226,238,238,238,238,238,238,75,107,107],"floor_reached":56,"playtime":4408,"items_purged":["Strike_G","Strike_G"],"score":2248,"play_id":"fb6b7337-f950-46c3-a816-b49ebbfd3206","local_time":"20190817195025","is_ascension_mode":true,"campfire_choices":[{"data":"After Image","floor":7.0,"key":"SMITH"},{"floor":15.0,"key":"REST"},{"floor":25.0,"key":"REST"},{"floor":30.0,"key":"REST"},{"data":"Terror","floor":32.0,"key":"SMITH"},{"floor":47.0,"key":"REST"},{"floor":49.0,"key":"RECALL"},{"data":"1","floor":53.0,"key":"LIFT"}],"neow_cost":"TEN_PERCENT_HP_LOSS","seed_source_timestamp":58711886940200,"circlet_count":0,"master_deck":["AscendersBane","Defend_G","Defend_G","Defend_G","Defend_G","Defend_G","Survivor","Neutralize","Dagger Spray","Doubt","Terror+1","Sucker Punch","After Image+1","Flechettes","After Image+1","Cloak And Dagger","Heel Hook","Infinite Blades+1","Secret Technique+1","Corpse Explosion+1","Blade Dance","Finisher","PiercingWail","Backflip","Burst","Endless Agony","Flechettes","Wraith Form v2+1","Wraith Form v2+1","PiercingWail","Endless Agony","Distraction+1","Footwork+1","Flash of Steel","Well Laid Plans+1","Acrobatics","Injury","Blade Dance","Calculated Gamble","Blur","Infinite Blades+1","Blur+1"],"special_seed":0,"relics":["Ring of the Snake","Du-Vu Doll","Shuriken","Frozen Egg 2","Bottled Lightning","Paper Crane","Sozu","Thread and Needle","Blue Candle","Regal Pillow","Cursed Key","Girya","Old Coin","Medical Kit","Dream Catcher","Incense Burner","Vajra","War Paint","Boot"],"potions_floor_usage":[],"damage_taken":[{"damage":5.0,"enemies":"2 Louse","floor":1.0,"turns":3.0},{"damage":1.0,"enemies":"Jaw Worm","floor":3.0,"turns":3.0},{"damage":0.0,"enemies":"Small Slimes","floor":4.0,"turns":2.0},{"damage":3.0,"enemies":"Gremlin Nob","floor":6.0,"turns":3.0},{"damage":5.0,"enemies":"Lagavulin","floor":8.0,"turns":5.0},{"damage":18.0,"enemies":"Gremlin Nob","floor":10.0,"turns":4.0},{"damage":1.0,"enemies":"Looter","floor":11.0,"turns":2.0},{"damage":8.0,"enemies":"Exordium Wildlife","floor":12.0,"turns":5.0},{"damage":0.0,"enemies":"Large Slime","floor":13.0,"turns":5.0},{"damage":18.0,"enemies":"The Guardian","floor":16.0,"turns":12.0},{"damage":0.0,"enemies":"Chosen","floor":18.0,"turns":4.0},{"damage":12.0,"enemies":"2 Thieves","floor":20.0,"turns":3.0},{"damage":40.0,"enemies":"Slavers","floor":23.0,"turns":5.0},{"damage":3.0,"enemies":"Gremlin Leader","floor":27.0,"turns":7.0},{"damage":0.0,"enemies":"Centurion and Healer","floor":28.0,"turns":3.0},{"damage":14.0,"enemies":"Snake Plant","floor":29.0,"turns":5.0},{"damage":0.0,"enemies":"Sentry and Sphere","floor":31.0,"turns":4.0},{"damage":1.0,"enemies":"Automaton","floor":33.0,"turns":7.0},{"damage":0.0,"enemies":"Orb Walker","floor":35.0,"turns":4.0},{"damage":0.0,"enemies":"2 Orb Walkers","floor":36.0,"turns":4.0},{"damage":0.0,"enemies":"Mind Bloom Boss Battle","floor":37.0,"turns":4.0},{"damage":0.0,"enemies":"3 Darklings","floor":39.0,"turns":5.0},{"damage":5.0,"enemies":"Giant Head","floor":40.0,"turns":6.0},{"damage":0.0,"enemies":"Maw","floor":41.0,"turns":7.0},{"damage":0.0,"enemies":"Reptomancer","floor":42.0,"turns":6.0},{"damage":22.0,"enemies":"Transient","floor":44.0,"turns":6.0},{"damage":0.0,"enemies":"Jaw Worm Horde","floor":45.0,"turns":3.0},{"damage":0.0,"enemies":"Giant Head","floor":46.0,"turns":5.0},{"damage":0.0,"enemies":"Spire Growth","floor":48.0,"turns":4.0},{"damage":1.0,"enemies":"Donu and Deca","floor":50.0,"turns":11.0},{"damage":26.0,"enemies":"Awakened One","floor":51.0,"turns":9.0},{"damage":42.0,"enemies":"Shield and Spear","floor":55.0,"turns":7.0},{"damage":12,"enemies":"The Heart","floor":56,"turns":3}],"seed_played":"8101883563176371975","potions_obtained":[{"floor":3.0,"key":"SpeedPotion"},{"floor":4.0,"key":"Explosive Potion"},{"floor":6.0,"key":"GamblersBrew"},{"floor":10.0,"key":"PowerPotion"}],"is_trial":false,"path_per_floor":["M","?","M","M","?","E","R","E","T","E","M","M","M","$","R","B",null,"M","$","M","$","?","E","?","R","T","E","M","M","R","M","R","B",null,"M","?","?","$","M","E","M","E","T","M","M","E","R","M","R","B","B",null,"R","$","E","B"],"character_chosen":"THE_SILENT","items_purchased":["Infinite Blades+1","Secret Technique","PiercingWail","Footwork+1","Flash of Steel","Medical Kit","Dream Catcher","War Paint"],"campfire_rested":4,"item_purchase_floors":[14,14,21,38,38,38,38,54],"current_hp_per_floor":[54,54,53,53,53,50,50,45,45,27,26,18,18,18,36,18,50,50,50,38,38,50,10,10,28,28,25,25,11,44,44,44,43,56,56,56,56,56,56,51,51,51,51,29,29,29,60,60,60,59,33,53,53,53,11,0],"gold":107,"neow_bonus":"ONE_RARE_RELIC","is_prod":false,"is_daily":false,"chose_seed":false,"campfire_upgraded":2,"win_rate":0,"timestamp":1566064225,"path_taken":["M","?","M","M","?","E","R","E","T","E","M","M","M","?","R","BOSS","M","$","M","$","?","E","?","R","T","E","?","M","R","M","R","BOSS","M","?","?","$","M","E","M","E","T","M","M","E","R","M","R","BOSS","BOSS","R","$","E","BOSS"],"build_version":"2019-07-17","purchased_purges":2,"victory":false,"max_hp_per_floor":[60,60,60,60,60,60,60,60,60,60,60,60,60,60,60,60,60,60,60,60,60,60,60,60,60,60,60,60,60,60,60,60,60,60,60,60,60,60,60,60,60,60,60,60,60,60,60,60,60,60,60,60,60,60,60,60],"card_choices":[{"not_picked":["Poisoned Stab","Distraction"],"picked":"Dagger Spray","floor":1.0},{"not_picked":["Footwork","Concentrate"],"picked":"Terror","floor":3.0},{"not_picked":["Bane","Deflect"],"picked":"Sucker Punch","floor":4.0},{"not_picked":["Expertise","Acrobatics"],"picked":"After Image","floor":6.0},{"not_picked":["Reflex","Underhanded Strike"],"picked":"Flechettes","floor":8.0},{"not_picked":["Leg Sweep","Terror"],"picked":"After Image+1","floor":10.0},{"not_picked":["Dagger Spray","Flechettes"],"picked":"Cloak And Dagger","floor":11.0},{"not_picked":["Noxious Fumes+1","Outmaneuver","Quick Slash"],"picked":"SKIP","floor":12.0},{"not_picked":["Deflect","Crippling Poison"],"picked":"Heel Hook","floor":13.0},{"not_picked":["Doppelganger","Phantasmal Killer"],"picked":"Corpse Explosion","floor":16.0},{"not_picked":["Bane","Backflip"],"picked":"Blade Dance","floor":18.0},{"not_picked":["Deflect","Dagger Throw"],"picked":"Finisher","floor":20.0},{"not_picked":["Eviscerate+1","Acrobatics+1","Infinite Blades+1"],"picked":"SKIP","floor":23.0},{"not_picked":["Acrobatics","All Out Attack"],"picked":"Endless Agony","floor":27.0},{"not_picked":["Infinite Blades+1","Expertise"],"picked":"Flechettes","floor":28.0},{"not_picked":["Crippling Poison","Bouncing Flask"],"picked":"Wraith Form v2+1","floor":29.0},{"not_picked":["Poisoned Stab","Slice+1","Sucker Punch+1"],"picked":"SKIP","floor":31.0},{"not_picked":["Phantasmal Killer","Die Die Die"],"picked":"Wraith Form v2+1","floor":33.0},{"not_picked":["Finisher","Deadly Poison+1"],"picked":"PiercingWail","floor":35.0},{"not_picked":["Acrobatics","Concentrate"],"picked":"Endless Agony","floor":36.0},{"not_picked":["Reflex","Heel Hook"],"picked":"Distraction+1","floor":37.0},{"not_picked":["Cloak And Dagger","Caltrops+1","Quick Slash"],"picked":"SKIP","floor":39.0},{"not_picked":["Tools of the Trade+1","Outmaneuver+1"],"picked":"Well Laid Plans+1","floor":40.0},{"not_picked":["Dodge and Roll","Eviscerate"],"picked":"Acrobatics","floor":41.0},{"not_picked":["Dagger Spray+1","Dagger Throw+1","Distraction"],"picked":"SKIP","floor":42.0},{"not_picked":["Tactician","Outmaneuver","Dagger Throw"],"picked":"SKIP","floor":44.0},{"not_picked":["Poisoned Stab","Quick Slash"],"picked":"Blade Dance","floor":45.0},{"not_picked":["Grand Finale","Heel Hook+1"],"picked":"Calculated Gamble","floor":46.0},{"not_picked":["Bane","Escape Plan"],"picked":"Blur","floor":47.0},{"not_picked":["Dodge and Roll","Distraction"],"picked":"Infinite Blades+1","floor":48.0},{"not_picked":["Finisher+1","Concentrate"],"picked":"Blur+1","floor":55.0}],"player_experience":1098407,"relics_obtained":[{"floor":6.0,"key":"Shuriken"},{"floor":8.0,"key":"Frozen Egg 2"},{"floor":9.0,"key":"Bottled Lightning"},{"floor":10.0,"key":"Paper Crane"},{"floor":23.0,"key":"Thread and Needle"},{"floor":26.0,"key":"Blue Candle"},{"floor":27.0,"key":"Regal Pillow"},{"floor":36.0,"key":"Girya"},{"floor":37.0,"key":"Old Coin"},{"floor":40.0,"key":"Incense Burner"},{"floor":46.0,"key":"Vajra"},{"floor":55.0,"key":"Boot"}],"event_choices":[{"damage_healed":0.0,"max_hp_gain":0.0,"max_hp_loss":0.0,"gold_gain":150.0,"event_name":"Liars Game","player_choice":"AGREE","floor":2.0,"gold_loss":0.0,"damage_taken":0.0,"cards_obtained":["Doubt"]},{"cards_removed":["Strike_G"],"damage_healed":0.0,"max_hp_gain":0.0,"max_hp_loss":0.0,"gold_gain":0.0,"event_name":"The Cleric","player_choice":"Card Removal","floor":5.0,"gold_loss":75.0,"damage_taken":0.0},{"damage_healed":12.0,"max_hp_gain":0.0,"max_hp_loss":0.0,"gold_gain":0.0,"event_name":"The Library","player_choice":"Heal","floor":22.0,"gold_loss":0.0,"damage_taken":0.0},{"damage_healed":0.0,"max_hp_gain":0.0,"max_hp_loss":0.0,"gold_gain":0.0,"cards_transformed":["Strike_G","Strike_G"],"event_name":"Drug Dealer","player_choice":"Became Test Subject","floor":24.0,"gold_loss":0.0,"damage_taken":0.0,"cards_obtained":["Backflip","Burst"]},{"damage_healed":0.0,"max_hp_gain":0.0,"max_hp_loss":0.0,"gold_gain":0.0,"event_name":"Mysterious Sphere","player_choice":"Fight","floor":36.0,"gold_loss":0.0,"damage_taken":0.0},{"damage_healed":0.0,"max_hp_gain":0.0,"max_hp_loss":0.0,"gold_gain":0.0,"event_name":"MindBloom","player_choice":"Fight","floor":37.0,"gold_loss":0.0,"damage_taken":0.0}],"is_beta":false,"boss_relics":[{"not_picked":["Fusion Hammer","Tiny House"],"picked":"Sozu"},{"not_picked":["Runic Pyramid","Orrery"],"picked":"Cursed Key"}],"items_purged_floors":[21,38],"is_endless":false,"potions_floor_spawned":[3,4,6,10,13,20,23,27,28,37,39,41,44,46,48,55],"killed_by":"The Heart","ascension_level":20}