{"gold_per_floor":[111,111,126,52,52,93,93,126,207,68,68,68,89,104,104,228,228,153,78,78,97,22,22,37,37],"floor_reached":25,"playtime":1721,"items_purged":["Strike_G"],"score":360,"play_id":"c4aaa999-6214-42a6-adfe-7630d92f6cea","local_time":"20190819161556","is_ascension_mode":true,"campfire_choices":[{"data":"Leg Sweep","floor":7.0,"key":"SMITH"},{"floor":11.0,"key":"REST"},{"data":"Cloak And Dagger","floor":15,"key":"SMITH"},{"floor":23,"key":"REST"}],"neow_cost":"NONE","seed_source_timestamp":21467720688452,"circlet_count":0,"master_deck":["Strike_G","Strike_G","Strike_G","Defend_G","Defend_G","Defend_G","Defend_G","Defend_G","Survivor","Neutralize","Leg Sweep+1","Cloak And Dagger","Noxious Fumes","Escape Plan","Footwork","Corpse Explosion","Footwork","Cloak And Dagger+1","Envenom","Noxious Fumes","Deflect+1","Dash"],"special_seed":0,"relics":["Ring of the Snake","NeowsBlessing","Golden Idol","Anchor","Art of War","Blue Candle","White Beast Statue","Nilry\u0027s Codex"],"potions_floor_usage":[16,18,18,25],"damage_taken":[{"damage":0.0,"enemies":"Small Slimes","floor":1.0,"turns":1.0},{"damage":0.0,"enemies":"Jaw Worm","floor":3.0,"turns":1.0},{"damage":0.0,"enemies":"Gremlin Nob","floor":6.0,"turns":1.0},{"damage":21.0,"enemies":"3 Sentries","floor":8.0,"turns":10.0},{"damage":0.0,"enemies":"2 Louse","floor":13.0,"turns":2.0},{"damage":0,"enemies":"Red Slaver","floor":14,"turns":4},{"damage":19,"enemies":"Hexaghost","floor":16,"turns":11},{"damage":17,"enemies":"2 Thieves","floor":18,"turns":5},{"damage":27,"enemies":"Spheric Guardian","floor":21,"turns":6},{"damage":0,"enemies":"Centurion and Healer","floor":24,"turns":8},{"damage":32,"enemies":"Gremlin Leader","floor":25,"turns":8}],"seed_played":"3085529929709434309","potions_obtained":[{"floor":3.0,"key":"SteroidPotion"},{"floor":8.0,"key":"Swift Potion"},{"floor":13.0,"key":"PowerPotion"},{"floor":18,"key":"Fire Potion"},{"floor":21,"key":"Ancient Potion"},{"floor":24,"key":"Weak Potion"}],"is_trial":false,"path_per_floor":["M","?","M","$","?","E","R","E","T","$","R","?","M","M","R","B",null,"M","?","?","M","$","R","M","E"],"character_chosen":"THE_SILENT","items_purchased":["Noxious Fumes","Corpse Explosion"],"campfire_rested":2,"item_purchase_floors":[4,10],"current_hp_per_floor":[63,46,46,46,69,69,69,48,48,48,69,69,69,69,69,50,65,48,48,32,5,5,26,26,0],"gold":37,"neow_bonus":"THREE_ENEMY_KILL","is_prod":false,"is_daily":false,"chose_seed":false,"campfire_upgraded":2,"win_rate":0,"timestamp":1566227756,"path_taken":["M","?","M","$","?","E","R","E","T","$","R","?","M","M","R","BOSS","M","?","?","?","$","R","M","E"],"build_version":"2019-07-17","purchased_purges":1,"victory":false,"max_hp_per_floor":[70,70,70,70,70,70,70,70,70,70,70,70,70,70,70,70,70,70,70,70,70,70,70,70,70],"card_choices":[{"not_picked":["Outmaneuver","Quick Slash"],"picked":"Leg Sweep","floor":1.0},{"not_picked":["Escape Plan","Bane"],"picked":"Cloak And Dagger","floor":3.0},{"not_picked":["Terror","Setup"],"picked":"Escape Plan","floor":6.0},{"not_picked":["Cloak And Dagger","Backflip"],"picked":"Footwork","floor":8.0},{"not_picked":["Deadly Poison","Slice"],"picked":"Footwork","floor":13.0},{"not_picked":["Dagger Spray","Quick Slash"],"picked":"Cloak And Dagger","floor":14},{"not_picked":["Glass Knife","Wraith Form v2"],"picked":"Envenom","floor":16},{"not_picked":["Poisoned Stab","Underhanded Strike+1"],"picked":"Noxious Fumes","floor":18},{"not_picked":["Dagger Spray","Deadly Poison"],"picked":"Deflect+1","floor":21},{"not_picked":["Choke+1","Prepared+1"],"picked":"Dash","floor":24}],"player_experience":447879,"relics_obtained":[{"floor":6.0,"key":"Anchor"},{"floor":8.0,"key":"Art of War"},{"floor":9.0,"key":"Blue Candle"},{"floor":20,"key":"Nilry\u0027s Codex"}],"event_choices":[{"damage_healed":0.0,"max_hp_gain":0.0,"max_hp_loss":0.0,"gold_gain":0.0,"event_name":"Golden Idol","player_choice":"Take Damage","floor":2.0,"gold_loss":0.0,"damage_taken":17.0,"relics_obtained":["Golden Idol"]},{"damage_healed":23.0,"max_hp_gain":0.0,"max_hp_loss":0.0,"gold_gain":0.0,"event_name":"Big Fish","player_choice":"Banana","floor":5.0,"gold_loss":0.0,"damage_taken":0.0},{"damage_healed":0.0,"max_hp_gain":0.0,"max_hp_loss":0.0,"gold_gain":0.0,"event_name":"Liars Game","player_choice":"Ignored","floor":12.0,"gold_loss":0.0,"damage_taken":0.0},{"cards_removed":["Strike_G"],"damage_healed":0,"gold_gain":0,"player_choice":"Gave Gold","damage_taken":0,"max_hp_gain":0,"max_hp_loss":0,"event_name":"Beggar","floor":19,"gold_loss":75},{"damage_healed":0,"gold_gain":0,"player_choice":"Obtained Book","damage_taken":16,"max_hp_gain":0,"max_hp_loss":0,"event_name":"Cursed Tome","floor":20,"gold_loss":0}],"is_beta":false,"boss_relics":[{"not_picked":["Runic Dome","HoveringKite"],"picked":"White Beast Statue"}],"items_purged_floors":[22],"is_endless":false,"potions_floor_spawned":[3,8,13,14,18,21,24],"killed_by":"Gremlin Leader","ascension_level":8}