{"gold_per_floor":[368,26,38,38,48,78,3,3,3,29,41,41,41,41,41,120,120,140,0,11,11,11,41,41,61,113,113,13,63,77,87,87,162,162,180,180,55,55,33,33,82,82,82,82,102,102,0,100,100,100],"floor_reached":51,"playtime":1338,"items_purged":["Strike_R","Strike_R+1","Strike_R+1"],"score":1342,"play_id":"97c5d4d1-864a-495d-9204-ad3cffd12e67","local_time":"20190707170550","is_ascension_mode":true,"campfire_choices":[{"floor":12,"key":"REST"},{"data":"Heavy Blade","floor":15,"key":"SMITH"},{"data":"Intimidate","floor":24,"key":"SMITH"},{"data":"Double Tap","floor":27,"key":"SMITH"},{"data":"True Grit","floor":32,"key":"SMITH"},{"data":"Limit Break","floor":40,"key":"SMITH"},{"floor":42,"key":"REST"},{"data":"Strike_R+1","floor":44,"key":"PURGE"},{"floor":49,"key":"REST"}],"neow_cost":"TEN_PERCENT_HP_LOSS","seed_source_timestamp":1456329915222331,"circlet_count":0,"master_deck":["AscendersBane","Strike_R+1","Defend_R+1","Defend_R+1","Defend_R+1","Defend_R+1","Bash","Clothesline","Heavy Blade+1","Sword Boomerang","Shrug It Off","Power Through","Double Tap+1","Intimidate+1","True Grit+1","Flame Barrier+1","Feel No Pain","Limit Break+1","Twin Strike","PanicButton","Thunderclap"],"relics":["Burning Blood","Brimstone","Vajra","Kunai","Bag of Preparation","Matryoshka","Boot","Dodecahedron","Velvet Choker","MutagenicStrength","Bronze Scales","Shuriken","Regal Pillow","Snecko Eye","Peace Pipe","Happy Flower","Mercury Hourglass","Pocketwatch","Red Mask","Magic Flower"],"potions_floor_usage":[33,50,50],"damage_taken":[{"damage":1,"enemies":"Cultist","floor":1,"turns":4},{"damage":0,"enemies":"Small Slimes","floor":3,"turns":3},{"damage":8,"enemies":"Jaw Worm","floor":5,"turns":2},{"damage":25,"enemies":"Lagavulin","floor":6,"turns":5},{"damage":13,"enemies":"Gremlin Nob","floor":10,"turns":3},{"damage":3,"enemies":"Blue Slaver","floor":11,"turns":3},{"damage":31,"enemies":"The Guardian","floor":16,"turns":9},{"damage":0,"enemies":"Spheric Guardian","floor":18,"turns":3},{"damage":13,"enemies":"Shell Parasite","floor":20,"turns":3},{"damage":0,"enemies":"Gremlin Leader","floor":23,"turns":3},{"damage":10,"enemies":"Chosen and Byrds","floor":25,"turns":3},{"damage":0,"enemies":"Sentry and Sphere","floor":30,"turns":3},{"damage":18,"enemies":"Centurion and Healer","floor":31,"turns":3},{"damage":46,"enemies":"Automaton","floor":33,"turns":6},{"damage":0,"enemies":"Orb Walker","floor":35,"turns":1},{"damage":28,"enemies":"2 Orb Walkers","floor":41,"turns":4},{"damage":27,"enemies":"3 Darklings","floor":45,"turns":3},{"damage":0,"enemies":"Mind Bloom Boss Battle","floor":48,"turns":4},{"damage":60,"enemies":"Donu and Deca","floor":50,"turns":5}],"seed_played":"-7612897510900787504","potions_obtained":[{"floor":6,"key":"Fire Potion"},{"floor":10,"key":"SteroidPotion"},{"floor":23,"key":"Regen Potion"},{"floor":33,"key":"Strength Potion"},{"floor":35,"key":"AttackPotion"}],"is_trial":false,"path_per_floor":["M","$","M","$","M","E","$","?","T","E","M","R","$","?","R","B",null,"M","?","M","?","?","E","R","M","T","R","$","?","M","M","R","B",null,"M","?","$","?","$","R","?","R","T","R","M","T","?","?","R","B",null],"character_chosen":"IRONCLAD","items_purchased":["Brimstone","Vajra","Thunderclap"],"campfire_rested":3,"item_purchase_floors":[2,2,39],"current_hp_per_floor":[68,68,68,68,66,47,47,47,47,40,43,63,63,63,63,38,61,67,67,60,60,60,66,66,62,62,62,62,62,68,56,56,21,56,62,62,62,62,62,62,40,65,65,65,44,44,44,50,65,14],"gold":100,"neow_bonus":"TWO_FIFTY_GOLD","is_prod":false,"is_daily":false,"chose_seed":false,"campfire_upgraded":5,"win_rate":0,"timestamp":1562537150,"path_taken":["M","$","M","$","?","E","$","?","T","E","M","R","?","?","R","BOSS","M","?","M","?","?","E","R","M","T","R","$","?","M","M","R","BOSS","M","?","$","?","$","R","?","R","T","R","?","?","?","?","R","BOSS"],"build_version":"2019-07-05","purchased_purges":3,"victory":true,"max_hp_per_floor":[68,68,68,68,68,68,68,68,68,68,68,68,68,68,68,68,68,68,68,68,68,68,68,68,68,68,68,68,68,68,68,68,68,68,68,68,68,65,65,65,65,65,65,65,65,65,65,65,65,65],"card_choices":[{"not_picked":["Armaments","Twin Strike"],"picked":"Clothesline","floor":1},{"not_picked":["Metallicize","Juggernaut"],"picked":"Heavy Blade","floor":3},{"not_picked":["Body Slam","Anger"],"picked":"Sword Boomerang","floor":5},{"not_picked":["Inflame","Iron Wave"],"picked":"Shrug It Off","floor":6},{"not_picked":["Clash","Perfected Strike"],"picked":"Power Through","floor":10},{"not_picked":["Wild Strike","Infernal Blade","Anger"],"picked":"SKIP","floor":11},{"not_picked":["Demon Form","Fiend Fire"],"picked":"Double Tap","floor":16},{"not_picked":["Rampage","Havoc+1","Perfected Strike"],"picked":"SKIP","floor":18},{"not_picked":["Perfected Strike","Thunderclap","Blood for Blood+1"],"picked":"SKIP","floor":20},{"not_picked":["Seeing Red","Entrench"],"picked":"Intimidate","floor":23},{"not_picked":["Rampage","Havoc"],"picked":"True Grit","floor":25},{"not_picked":["Flex","Armaments"],"picked":"Flame Barrier+1","floor":30},{"not_picked":["Combust","Barricade"],"picked":"Feel No Pain","floor":31},{"not_picked":["Dark Embrace","Fiend Fire"],"picked":"Limit Break","floor":33},{"not_picked":["Cleave","Warcry"],"picked":"Twin Strike","floor":35},{"not_picked":["Finesse","Bandage Up"],"picked":"PanicButton","floor":36},{"not_picked":["Disarm","Pommel Strike","Ghostly Armor"],"picked":"SKIP","floor":45}],"player_experience":353217,"relics_obtained":[{"floor":6,"key":"Kunai"},{"floor":8,"key":"Bag of Preparation"},{"floor":9,"key":"Matryoshka"},{"floor":10,"key":"Boot"},{"floor":23,"key":"Bronze Scales"},{"floor":26,"key":"Shuriken"},{"floor":26,"key":"Regal Pillow"},{"floor":41,"key":"Peace Pipe"},{"floor":43,"key":"Happy Flower"},{"floor":43,"key":"Mercury Hourglass"},{"floor":46,"key":"Pocketwatch"},{"floor":48,"key":"Magic Flower"}],"event_choices":[{"damage_healed":0,"gold_gain":0,"player_choice":"Relic","damage_taken":0,"max_hp_gain":0,"max_hp_loss":0,"event_name":"Wheel of Change","floor":8,"gold_loss":0},{"damage_healed":0,"gold_gain":0,"player_choice":"Searched \u00271\u0027 times","damage_taken":0,"relics_obtained":["Dodecahedron"],"max_hp_gain":0,"max_hp_loss":0,"event_name":"Dead Adventurer","floor":14,"gold_loss":0},{"damage_healed":0,"gold_gain":0,"player_choice":"Paid Fearfully","damage_taken":0,"max_hp_gain":0,"max_hp_loss":0,"event_name":"Masked Bandits","floor":19,"gold_loss":140},{"damage_healed":0,"gold_gain":0,"player_choice":"Simplicity","damage_taken":0,"max_hp_gain":0,"max_hp_loss":0,"event_name":"Back to Basics","floor":21,"gold_loss":0,"cards_upgraded":["Strike_R","Strike_R","Strike_R","Strike_R","Defend_R","Defend_R","Defend_R","Defend_R"]},{"damage_healed":0,"gold_gain":0,"player_choice":"Inject Mutagens","damage_taken":0,"relics_obtained":["MutagenicStrength"],"max_hp_gain":0,"max_hp_loss":0,"event_name":"Drug Dealer","floor":22,"gold_loss":0},{"damage_healed":0,"gold_gain":50,"player_choice":"Stole From Cult","damage_taken":0,"max_hp_gain":0,"max_hp_loss":0,"event_name":"Nest","floor":29,"gold_loss":0},{"damage_healed":0,"gold_gain":0,"player_choice":"Memory 1","damage_taken":0,"max_hp_gain":0,"max_hp_loss":0,"event_name":"SensoryStone","floor":36,"gold_loss":0},{"damage_healed":0,"gold_gain":0,"player_choice":"Max HP","damage_taken":0,"max_hp_gain":0,"max_hp_loss":3,"event_name":"Winding Halls","floor":38,"gold_loss":0},{"damage_healed":0,"gold_gain":0,"player_choice":"Fight","damage_taken":0,"max_hp_gain":0,"max_hp_loss":0,"event_name":"Mysterious Sphere","floor":41,"gold_loss":0},{"damage_healed":0,"gold_gain":0,"player_choice":"Paid","damage_taken":0,"relics_obtained":["Red Mask"],"max_hp_gain":0,"max_hp_loss":0,"event_name":"Tomb of Lord Red Mask","floor":47,"gold_loss":102},{"damage_healed":0,"gold_gain":0,"player_choice":"Fight","damage_taken":0,"max_hp_gain":0,"max_hp_loss":0,"event_name":"MindBloom","floor":48,"gold_loss":0}],"is_beta":false,"boss_relics":[{"not_picked":["Runic Pyramid","Busted Crown"],"picked":"Velvet Choker"},{"not_picked":["Empty Cage","Black Star"],"picked":"Snecko Eye"}],"items_purged_floors":[7,28,37],"is_endless":false,"potions_floor_spawned":[6,10,16,23,31,33,35,45],"ascension_level":15}