{"gold_per_floor":[20,20,35,35,50,50,80,80,106,123,9,20,20,32,32,127,127,144,144,154,165,165,165,182,211,285,285,303,321,335,31,31,129,129,144,155,165,89,103,103,134,134,159,176,176,5,38,50,62,74,86,98,10,45,45],"floor_reached":55,"playtime":7587,"items_purged":["Strike_G","Writhe"],"score":801,"play_id":"7c52bbcd-1af0-4a8a-9d95-00dd039454cd","local_time":"20190815002440","is_ascension_mode":false,"campfire_choices":[{"data":"Neutralize","floor":6.0,"key":"SMITH"},{"floor":8.0,"key":"RECALL"},{"data":"Noxious Fumes","floor":13.0,"key":"SMITH"},{"data":"Bouncing Flask","floor":15.0,"key":"SMITH"},{"data":"Deadly Poison","floor":23.0,"key":"SMITH"},{"data":"Deadly Poison","floor":27.0,"key":"SMITH"},{"floor":32.0,"key":"DIG"},{"data":"Night Terror","floor":40.0,"key":"SMITH"},{"floor":42.0,"key":"REST"},{"floor":45.0,"key":"DIG"},{"data":"Noxious Fumes","floor":49.0,"key":"SMITH"},{"floor":52.0,"key":"DIG"}],"neow_cost":"NO_GOLD","seed_source_timestamp":0,"circlet_count":0,"master_deck":["Defend_G+1","Defend_G","Defend_G","Survivor","Neutralize+1","Noxious Fumes+1","Flying Knee","Deadly Poison+1","Noxious Fumes+1","Bouncing Flask+1","PiercingWail+1","After Image+1","Deflect+1","Flechettes","Backflip+1","Slice+1","Deadly Poison+1","Bouncing Flask+1","Acrobatics+1","Night Terror+1","Backflip+1","PiercingWail+1","Deadly Poison+1","Noxious Fumes+1","Sadistic Nature","Deadly Poison+1"],"special_seed":0,"relics":["Ring of the Snake","Centennial Puzzle","Astrolabe","Happy Flower","Letter Opener","Shovel","Sundial","Cursed Key","Shuriken","Omamori","Ancient Tea Set","MawBank","Ornamental Fan","Pantograph"],"potions_floor_usage":[],"damage_taken":[{"damage":2.0,"enemies":"Jaw Worm","floor":1.0,"turns":6.0},{"damage":0.0,"enemies":"Cultist","floor":3.0,"turns":5.0},{"damage":0.0,"enemies":"2 Louse","floor":5.0,"turns":3.0},{"damage":2.0,"enemies":"Lagavulin","floor":7.0,"turns":7.0},{"damage":3.0,"enemies":"Large Slime","floor":10.0,"turns":5.0},{"damage":2.0,"enemies":"Red Slaver","floor":12.0,"turns":4.0},{"damage":5.0,"enemies":"Exordium Wildlife","floor":14.0,"turns":6.0},{"damage":19.0,"enemies":"Slime Boss","floor":16.0,"turns":8.0},{"damage":0.0,"enemies":"Spheric Guardian","floor":18.0,"turns":3.0},{"damage":0.0,"enemies":"Chosen","floor":20.0,"turns":4.0},{"damage":0.0,"enemies":"Snake Plant","floor":21.0,"turns":3.0},{"damage":4.0,"enemies":"Sentry and Sphere","floor":24.0,"turns":5.0},{"damage":2.0,"enemies":"Gremlin Leader","floor":25.0,"turns":6.0},{"damage":6.0,"enemies":"3 Cultists","floor":28.0,"turns":5.0},{"damage":4.0,"enemies":"Snecko","floor":29.0,"turns":4.0},{"damage":9.0,"enemies":"Snake Plant","floor":30.0,"turns":4.0},{"damage":0.0,"enemies":"Champ","floor":33.0,"turns":8.0},{"damage":0.0,"enemies":"Orb Walker","floor":35.0,"turns":3.0},{"damage":0.0,"enemies":"3 Shapes","floor":36.0,"turns":3.0},{"damage":0.0,"enemies":"Transient","floor":37.0,"turns":5.0},{"damage":6.0,"enemies":"Spire Growth","floor":39.0,"turns":4.0},{"damage":23.0,"enemies":"Reptomancer","floor":41.0,"turns":7.0},{"damage":0.0,"enemies":"Maw","floor":44.0,"turns":6.0},{"damage":1.0,"enemies":"Giant Head","floor":47.0,"turns":7.0},{"damage":27.0,"enemies":"Time Eater","floor":50.0,"turns":10.0},{"damage":6.0,"enemies":"Shield and Spear","floor":54.0,"turns":6.0},{"damage":73,"enemies":"The Heart","floor":55,"turns":5}],"seed_played":"-265243363320800412","potions_obtained":[{"floor":1.0,"key":"PowerPotion"},{"floor":5.0,"key":"SteroidPotion"},{"floor":10.0,"key":"Energy Potion"},{"floor":12.0,"key":"Weak Potion"},{"floor":20.0,"key":"Block Potion"},{"floor":25.0,"key":"GamblersBrew"},{"floor":28.0,"key":"FairyPotion"},{"floor":33.0,"key":"PowerPotion"},{"floor":35.0,"key":"Swift Potion"},{"floor":36.0,"key":"Swift Potion"},{"floor":37.0,"key":"Energy Potion"},{"floor":47.0,"key":"SpeedPotion"}],"is_trial":false,"path_per_floor":["M","?","M","?","M","R","E","R","T","M","$","M","R","M","R","B",null,"M","?","M","M","?","R","M","E","T","R","M","M","M","$","R","B",null,"M","M","M","$","M","R","E","R","T","M","R","$","E","?","R","B",null,"R","$","E","B"],"character_chosen":"THE_SILENT","items_purchased":["Noxious Fumes","Shovel","Noxious Fumes","Sadistic Nature"],"campfire_rested":1,"item_purchase_floors":[11,31,38,46],"current_hp_per_floor":[68,54,54,54,54,54,52,52,52,49,49,47,47,42,42,23,70,70,70,70,70,70,70,66,64,64,64,58,54,45,45,45,45,70,70,70,70,70,64,64,41,62,62,62,62,62,61,61,61,34,70,70,70,64,0],"gold":45,"neow_bonus":"REMOVE_TWO","is_prod":false,"is_daily":false,"chose_seed":false,"campfire_upgraded":7,"win_rate":0,"timestamp":1565821480,"path_taken":["M","?","M","?","M","R","E","R","T","M","$","M","R","M","R","BOSS","M","?","M","?","?","R","M","E","T","R","M","M","M","$","R","BOSS","M","M","M","$","M","R","E","R","T","M","R","$","E","?","R","BOSS","R","$","E","BOSS"],"build_version":"2019-01-23","purchased_purges":2,"victory":false,"max_hp_per_floor":[70,70,70,70,70,70,70,70,70,70,70,70,70,70,70,70,70,70,70,70,70,70,70,70,70,70,70,70,70,70,70,70,70,70,70,70,70,70,70,70,70,70,70,70,70,70,70,70,70,70,70,70,70,70,70],"card_choices":[{"not_picked":["Distraction","Outmaneuver"],"picked":"Noxious Fumes","floor":1.0},{"not_picked":["Accuracy","Slice"],"picked":"Flying Knee","floor":3.0},{"not_picked":["Deflect","Predator"],"picked":"Poisoned Stab","floor":5.0},{"not_picked":["Storm of Steel","Dagger Spray","Endless Agony"],"picked":"SKIP","floor":7.0},{"not_picked":["Storm of Steel","Dagger Spray","Endless Agony"],"picked":"SKIP","floor":7.0},{"not_picked":["Poisoned Stab","Footwork"],"picked":"Deadly Poison","floor":10.0},{"not_picked":["Leg Sweep","Deflect","Crippling Poison"],"picked":"SKIP","floor":12.0},{"not_picked":["Dagger Throw","Outmaneuver"],"picked":"Bouncing Flask","floor":14.0},{"not_picked":["Dagger Throw","Distraction+1","Infinite Blades"],"picked":"SKIP","floor":18.0},{"not_picked":["Tactician","Dodge and Roll"],"picked":"Backflip+1","floor":20.0},{"not_picked":["Poisoned Stab","Flying Knee"],"picked":"Slice+1","floor":21.0},{"not_picked":["Dagger Spray","Eviscerate","Quick Slash"],"picked":"SKIP","floor":24.0},{"not_picked":["Dodge and Roll","Endless Agony+1","Poisoned Stab"],"picked":"SKIP","floor":25.0},{"not_picked":["Slice","Well Laid Plans"],"picked":"Bouncing Flask+1","floor":28.0},{"not_picked":["Blade Dance+1","Leg Sweep+1"],"picked":"Acrobatics+1","floor":29.0},{"not_picked":["Prepared","Envenom","Blur"],"picked":"SKIP","floor":30.0},{"not_picked":["Tools of the Trade","A Thousand Cuts"],"picked":"Night Terror","floor":33.0},{"not_picked":["Blade Dance","PiercingWail+1"],"picked":"Backflip+1","floor":35.0},{"not_picked":["Backflip+1","Flying Knee+1"],"picked":"PiercingWail+1","floor":36.0},{"not_picked":["Eviscerate","Backflip+1"],"picked":"Deadly Poison+1","floor":37.0},{"not_picked":["Burst","Leg Sweep+1","PiercingWail+1"],"picked":"SKIP","floor":39.0},{"not_picked":["Leg Sweep+1","Glass Knife","Accuracy"],"picked":"SKIP","floor":41.0},{"not_picked":["Flechettes","Blade Dance","Footwork"],"picked":"SKIP","floor":44.0},{"not_picked":["Prepared","Doppelganger"],"picked":"Deadly Poison+1","floor":47.0},{"not_picked":["Outmaneuver+1","Choke","Leg Sweep+1"],"picked":"SKIP","floor":54.0}],"player_experience":220990,"relics_obtained":[{"floor":7.0,"key":"Centennial Puzzle"},{"floor":25.0,"key":"Happy Flower"},{"floor":26.0,"key":"Letter Opener"},{"floor":32.0,"key":"Sundial"},{"floor":41.0,"key":"Shuriken"},{"floor":43.0,"key":"Omamori"},{"floor":45.0,"key":"Ancient Tea Set"},{"floor":47.0,"key":"MawBank"},{"floor":52.0,"key":"Ornamental Fan"},{"floor":54.0,"key":"Pantograph"}],"event_choices":[{"damage_healed":0.0,"max_hp_gain":0.0,"max_hp_loss":0.0,"gold_gain":0.0,"event_name":"Shining Light","player_choice":"Entered Light","floor":2.0,"gold_loss":0.0,"damage_taken":14.0,"cards_upgraded":["Strike_G","Defend_G"]},{"damage_healed":0.0,"max_hp_gain":0.0,"max_hp_loss":0.0,"gold_gain":0.0,"event_name":"Accursed Blacksmith","player_choice":"Forge","floor":4.0,"gold_loss":0.0,"damage_taken":0.0,"cards_upgraded":["Noxious Fumes"]},{"damage_healed":0.0,"max_hp_gain":0.0,"max_hp_loss":0.0,"gold_gain":0.0,"cards_transformed":["Strike_G"],"event_name":"Transmorgrifier","player_choice":"Transformed","floor":19.0,"gold_loss":0.0,"damage_taken":0.0,"cards_obtained":["Flechettes"]},{"damage_healed":0.0,"max_hp_gain":0.0,"max_hp_loss":0.0,"gold_gain":0.0,"event_name":"The Library","player_choice":"Read","floor":22.0,"gold_loss":0.0,"damage_taken":0.0,"cards_obtained":["Deadly Poison"]},{"cards_removed":["Poisoned Stab"],"damage_healed":0.0,"max_hp_gain":0.0,"max_hp_loss":0.0,"gold_gain":0.0,"event_name":"Falling","player_choice":"Removed Attack","floor":48.0,"gold_loss":0.0,"damage_taken":0.0}],"is_beta":false,"boss_relics":[{"not_picked":["Orrery","Lizard Tail"],"picked":"Astrolabe"},{"not_picked":["Tiny House","Pandora\u0027s Box"],"picked":"Cursed Key"}],"items_purged_floors":[11,53],"is_endless":false,"potions_floor_spawned":[1,5,10,12,20,25,28,33,35,36,37,47],"killed_by":"The Heart","ascension_level":0}