{"gold_per_floor":[112,287,304,579,592,592,603,638,638,204,235,62,81,96,96,197,197,211,181,181,191,291,291,291,314,326,355,395,407,419,444,456,572,584,614,626,665,687,712,724,3,22,22,22,22,34,46,59,59,59,59,59,9,39,39],"floor_reached":55,"playtime":3969,"items_purged":["Regret","Doubt"],"score":830,"play_id":"fbef3317-ad43-447b-89a4-75b318d70b6f","local_time":"20190604200330","is_ascension_mode":true,"campfire_choices":[{"floor":6,"key":"REST"},{"floor":15,"key":"REST"},{"floor":23,"key":"REST"},{"floor":30,"key":"REST"},{"floor":32,"key":"REST"},{"floor":40,"key":"REST"},{"floor":44,"key":"RECALL"},{"data":"Apotheosis","floor":49,"key":"SMITH"},{"data":"Adrenaline","floor":52,"key":"SMITH"}],"neow_cost":"PERCENT_DAMAGE","seed_source_timestamp":11911521769458,"circlet_count":0,"master_deck":["Defend_G","Defend_G","Defend_G","Defend_G","Survivor","Neutralize","Bouncing Flask","Dagger Throw","Dagger Spray","Adrenaline+1","Infinite Blades","Cloak And Dagger","Distraction","Blade Dance","Apotheosis+1","Dash","Adrenaline","Writhe","Envenom","Acrobatics+1","Bite","Bite","Bite","Bite","Bite","Accuracy","Malaise","Secret Technique","Leg Sweep","Cloak And Dagger+1","Master of Strategy","Accuracy","Parasite","Blur"],"relics":["Ring of the Serpent","PreservedInsect","Ninja Scroll","Strange Spoon","Singing Bowl","Nilry\u0027s Codex","Incense Burner","Letter Opener","MawBank","Gremlin Horn","The Specimen","WristBlade","Kunai","Happy Flower","Smiling Mask","Bag of Marbles"],"potions_floor_usage":[13,16,18,19,28,39,42,46,47,48,50,54,55],"damage_taken":[{"damage":7,"enemies":"2 Louse","floor":1,"turns":2},{"damage":4,"enemies":"Jaw Worm","floor":3,"turns":3},{"damage":5,"enemies":"Cultist","floor":5,"turns":4},{"damage":7,"enemies":"Red Slaver","floor":7,"turns":4},{"damage":21,"enemies":"Gremlin Nob","floor":8,"turns":5},{"damage":21,"enemies":"Lagavulin","floor":11,"turns":6},{"damage":2,"enemies":"Large Slime","floor":13,"turns":5},{"damage":0,"enemies":"Blue Slaver","floor":14,"turns":2},{"damage":7,"enemies":"Hexaghost","floor":16,"turns":6},{"damage":18,"enemies":"Spheric Guardian","floor":18,"turns":4},{"damage":3,"enemies":"2 Thieves","floor":19,"turns":2},{"damage":18,"enemies":"Shelled Parasite and Fungi","floor":21,"turns":3},{"damage":10,"enemies":"Colosseum Slavers","floor":22,"turns":4},{"damage":7,"enemies":"Colosseum Nobs","floor":22,"turns":3},{"damage":2,"enemies":"Cultist and Chosen","floor":25,"turns":5},{"damage":15,"enemies":"Centurion and Healer","floor":27,"turns":4},{"damage":6,"enemies":"Gremlin Leader","floor":28,"turns":4},{"damage":12,"enemies":"Snake Plant","floor":31,"turns":4},{"damage":39,"enemies":"Automaton","floor":33,"turns":10},{"damage":18,"enemies":"3 Shapes","floor":35,"turns":4},{"damage":31,"enemies":"3 Darklings","floor":38,"turns":4},{"damage":1,"enemies":"Maw","floor":39,"turns":7},{"damage":0,"enemies":"4 Shapes","floor":42,"turns":2},{"damage":2,"enemies":"Spire Growth","floor":46,"turns":4},{"damage":16,"enemies":"Writhing Mass","floor":47,"turns":6},{"damage":6,"enemies":"3 Darklings","floor":48,"turns":2},{"damage":21,"enemies":"Time Eater","floor":50,"turns":8},{"damage":12,"enemies":"Shield and Spear","floor":54,"turns":4},{"damage":71,"enemies":"The Heart","floor":55,"turns":8}],"seed_played":"8349376018319503777","potions_obtained":[{"floor":3,"key":"SmokeBomb"},{"floor":8,"key":"SneckoOil"},{"floor":11,"key":"Explosive Potion"},{"floor":14,"key":"PowerPotion"},{"floor":25,"key":"SpeedPotion"},{"floor":33,"key":"SkillPotion"},{"floor":38,"key":"FearPotion"},{"floor":45,"key":"GhostInAJar"},{"floor":45,"key":"Explosive Potion"},{"floor":47,"key":"GamblersBrew"},{"floor":48,"key":"SkillPotion"}],"is_trial":false,"path_per_floor":["M","?","M","?","M","R","M","E","T","$","E","$","M","M","R","B",null,"M","M","?","M","?","R","?","M","T","M","E","?","R","M","R","B",null,"M","?","T","M","M","R","$","M","T","R","?","M","M","M","R","B",null,"R","$","E","B"],"character_chosen":"THE_SILENT","items_purchased":["Infinite Blades","Cloak And Dagger","Distraction","Strange Spoon","Apotheosis","Master of Strategy","Kunai","Happy Flower","PowerPotion","AttackPotion"],"campfire_rested":6,"item_purchase_floors":[10,10,10,10,12,41,41,41,41,53],"current_hp_per_floor":[42,42,38,38,33,54,47,26,26,26,5,5,5,5,26,19,72,56,53,37,21,6,29,29,27,27,12,8,8,24,18,34,11,56,40,40,40,18,28,45,45,47,47,47,47,52,49,51,51,44,62,62,62,64,0],"gold":39,"neow_bonus":"REMOVE_TWO","is_prod":false,"is_daily":false,"chose_seed":false,"campfire_upgraded":2,"win_rate":0,"timestamp":1559696610,"path_taken":["M","?","M","?","?","R","M","E","T","?","E","$","M","M","R","BOSS","M","M","?","M","?","R","?","M","T","M","E","?","R","?","R","BOSS","M","?","?","?","M","R","$","M","T","R","?","?","M","M","R","BOSS","R","$","E","BOSS"],"build_version":"2019-01-23","purchased_purges":2,"victory":false,"max_hp_per_floor":[70,70,70,70,70,70,70,70,70,70,70,70,72,72,72,72,72,74,74,74,76,78,78,78,78,78,78,80,56,56,56,56,56,56,58,58,58,58,58,58,58,60,60,60,60,60,60,62,62,62,62,62,62,64,64],"card_choices":[{"not_picked":["Poisoned Stab","Quick Slash"],"picked":"Bouncing Flask","floor":1},{"not_picked":["Quick Slash","Setup"],"picked":"Dagger Throw","floor":3},{"not_picked":["Distraction","Bane"],"picked":"Dagger Spray","floor":5},{"not_picked":["Sucker Punch","Deflect","All Out Attack"],"picked":"SKIP","floor":7},{"not_picked":["Terror","Concentrate"],"picked":"Adrenaline","floor":8},{"not_picked":["Bane","Catalyst"],"picked":"Blade Dance","floor":11},{"not_picked":["Dodge and Roll","Quick Slash","Underhanded Strike"],"picked":"Singing Bowl","floor":13},{"not_picked":["Choke","Eviscerate"],"picked":"Dash","floor":14},{"not_picked":["Corpse Explosion","Glass Knife"],"picked":"Adrenaline","floor":16},{"not_picked":["Sucker Punch","Infinite Blades","Dodge and Roll+1"],"picked":"Singing Bowl","floor":18},{"not_picked":["Prepared","Endless Agony","Dodge and Roll"],"picked":"Singing Bowl","floor":21},{"not_picked":["Catalyst","Underhanded Strike","Distraction"],"picked":"Singing Bowl","floor":22},{"not_picked":["Poisoned Stab","Infinite Blades"],"picked":"Envenom","floor":25},{"not_picked":["Well Laid Plans","Quick Slash"],"picked":"Acrobatics+1","floor":27},{"not_picked":["Tactician","Prepared","Sucker Punch+1"],"picked":"Singing Bowl","floor":28},{"not_picked":["Endless Agony","Concentrate+1"],"picked":"Accuracy","floor":31},{"not_picked":["Unload","Phantasmal Killer"],"picked":"Malaise","floor":33},{"not_picked":["Dagger Throw+1","Skewer+1","Poisoned Stab+1"],"picked":"Singing Bowl","floor":35},{"not_picked":["Chrysalis","Finesse"],"picked":"Secret Technique","floor":36},{"not_picked":["Dodge and Roll","Slice"],"picked":"Leg Sweep","floor":38},{"not_picked":["Choke+1","Escape Plan+1"],"picked":"Cloak And Dagger+1","floor":39},{"not_picked":["Underhanded Strike+1","Flying Knee+1","Backstab"],"picked":"Singing Bowl","floor":42},{"not_picked":["Underhanded Strike+1","Deflect+1"],"picked":"Accuracy","floor":46},{"not_picked":["Dagger Throw+1","Escape Plan"],"picked":"Blur","floor":47},{"not_picked":["Distraction","Venomology","Noxious Fumes+1"],"picked":"Singing Bowl","floor":48},{"not_picked":["Sucker Punch","Acrobatics","Tools of the Trade"],"picked":"Singing Bowl","floor":54}],"player_experience":82345,"relics_obtained":[{"floor":8,"key":"PreservedInsect"},{"floor":9,"key":"Ninja Scroll"},{"floor":11,"key":"Singing Bowl"},{"floor":20,"key":"Nilry\u0027s Codex"},{"floor":22,"key":"Incense Burner"},{"floor":22,"key":"Letter Opener"},{"floor":26,"key":"Gremlin Horn"},{"floor":28,"key":"The Specimen"},{"floor":43,"key":"Smiling Mask"},{"floor":54,"key":"Bag of Marbles"}],"event_choices":[{"damage_healed":0,"gold_gain":175,"player_choice":"AGREE","damage_taken":0,"max_hp_gain":0,"max_hp_loss":0,"event_name":"Liars Game","floor":2,"gold_loss":0,"cards_obtained":["Doubt"]},{"damage_healed":0,"gold_gain":275,"player_choice":"Desecrate","damage_taken":0,"max_hp_gain":0,"max_hp_loss":0,"event_name":"Golden Shrine","floor":4,"gold_loss":0,"cards_obtained":["Regret"]},{"damage_healed":0,"gold_gain":0,"player_choice":"Obtained Book","damage_taken":16,"max_hp_gain":0,"max_hp_loss":0,"event_name":"Cursed Tome","floor":20,"gold_loss":0},{"damage_healed":0,"gold_gain":0,"player_choice":"Fight","damage_taken":0,"max_hp_gain":0,"max_hp_loss":0,"event_name":"Colosseum","floor":22,"gold_loss":0},{"damage_healed":0,"gold_gain":0,"player_choice":"Fought Nobs","damage_taken":0,"max_hp_gain":0,"max_hp_loss":0,"event_name":"Colosseum","floor":22,"gold_loss":0},{"damage_healed":0,"gold_gain":0,"player_choice":"Opened","damage_taken":0,"relics_obtained":["MawBank"],"max_hp_gain":0,"max_hp_loss":0,"event_name":"The Mausoleum","floor":24,"gold_loss":0,"cards_obtained":["Writhe"]},{"damage_healed":0,"gold_gain":0,"player_choice":"Became a vampire","damage_taken":0,"max_hp_gain":0,"max_hp_loss":24,"event_name":"Vampires","floor":29,"gold_loss":0,"cards_obtained":["Bite","Bite","Bite","Bite","Bite"]},{"damage_healed":0,"gold_gain":0,"player_choice":"Memory 1","damage_taken":0,"max_hp_gain":0,"max_hp_loss":0,"event_name":"SensoryStone","floor":36,"gold_loss":0},{"damage_healed":0,"gold_gain":0,"player_choice":"Got Potions","damage_taken":0,"max_hp_gain":0,"max_hp_loss":0,"event_name":"Lab","floor":45,"gold_loss":0}],"is_beta":false,"boss_relics":[{"not_picked":["Tiny House","Runic Pyramid"],"picked":"Ring of the Serpent"},{"not_picked":["HoveringKite","Cursed Key"],"picked":"WristBlade"}],"items_purged_floors":[10,41],"is_endless":false,"potions_floor_spawned":[3,8,11,14,22,25,33,38,47,48],"killed_by":"The Heart","ascension_level":3}