{"gold_per_floor":[114,126,142,92,117,147,147,161,161,135,135,163,88,88],"floor_reached":14,"playtime":507,"items_purged":["Strike_B"],"score":98,"play_id":"019c0670-5e29-4a9e-8da4-70fd78bf7e93","local_time":"20190817184203","is_ascension_mode":false,"campfire_choices":[{"data":"Double Energy","floor":7,"key":"SMITH"}],"neow_cost":"NONE","seed_source_timestamp":184714700513300,"circlet_count":0,"master_deck":["Strike_B","Strike_B","Defend_B","Defend_B","Defend_B","Defend_B","Zap","Dualcast","Double Energy+1","Tempest","Cold Snap","Parasite"],"relics":["Cracked Core","NeowsBlessing","Oddly Smooth Stone","Dodecahedron","Ornamental Fan","Sundial"],"potions_floor_usage":[],"damage_taken":[{"damage":0,"enemies":"Cultist","floor":1,"turns":1},{"damage":0,"enemies":"Small Slimes","floor":2,"turns":1},{"damage":0,"enemies":"Jaw Worm","floor":3,"turns":1},{"damage":42,"enemies":"Lagavulin","floor":6,"turns":6},{"damage":21,"enemies":"Exordium Wildlife","floor":8,"turns":3},{"damage":27,"enemies":"3 Sentries","floor":12,"turns":5},{"damage":8,"enemies":"Large Slime","floor":14,"turns":1}],"seed_played":"-303655923918193753","potions_obtained":[{"floor":3,"key":"Swift Potion"}],"is_trial":false,"path_per_floor":["M","M","M","?","T","E","R","M","T","$","?","E","$","M"],"character_chosen":"DEFECT","items_purchased":["Cold Snap"],"campfire_rested":0,"item_purchase_floors":[10],"current_hp_per_floor":[75,75,75,75,75,33,33,12,12,12,30,3,3,0],"gold":88,"neow_bonus":"THREE_ENEMY_KILL","is_prod":false,"is_daily":false,"chose_seed":false,"campfire_upgraded":1,"win_rate":0.0,"timestamp":1566031323,"path_taken":["M","M","?","?","?","E","R","M","T","$","?","E","$","M"],"build_version":"2019-07-17","purchased_purges":1,"victory":false,"max_hp_per_floor":[75,75,75,75,75,75,75,75,75,75,75,75,75,75],"card_choices":[{"not_picked":["Steam","Aggregate"],"picked":"Double Energy","floor":1},{"not_picked":["Reprogram","Static Discharge","Redo"],"picked":"SKIP","floor":2},{"not_picked":["Chaos","Consume"],"picked":"Tempest","floor":3},{"not_picked":["Go for the Eyes","Stack","Sweeping Beam"],"picked":"SKIP","floor":6},{"not_picked":["Self Repair","Gash","Lockon"],"picked":"SKIP","floor":8},{"not_picked":["Cold Snap","Redo","Gash"],"picked":"SKIP","floor":12}],"player_experience":50768,"relics_obtained":[{"floor":5,"key":"Oddly Smooth Stone"},{"floor":6,"key":"Dodecahedron"},{"floor":9,"key":"Ornamental Fan"},{"floor":12,"key":"Sundial"}],"event_choices":[{"cards_removed":["Strike_B"],"damage_healed":0,"gold_gain":0,"player_choice":"Card Removal","damage_taken":0,"max_hp_gain":0,"max_hp_loss":0,"event_name":"The Cleric","floor":4,"gold_loss":50},{"damage_healed":18,"gold_gain":0,"player_choice":"Healed and dodged fight","damage_taken":0,"max_hp_gain":0,"max_hp_loss":0,"event_name":"Mushrooms","floor":11,"gold_loss":0,"cards_obtained":["Parasite"]}],"is_beta":false,"boss_relics":[],"items_purged_floors":[13],"is_endless":false,"potions_floor_spawned":[3],"killed_by":"Large Slime","ascension_level":0}