{"path_per_floor":["M","T","M","M","M","E","?","?","T","E","M","M","R","M","R","B",null,"M","?","?","$","M","R","M","M","T"],"character_chosen":"THE_SILENT","items_purchased":["Accuracy","Acrobatics"],"gold_per_floor":[116,116,133,149,161,187,187,187,187,221,235,247,247,262,262,363,363,381,381,361,162,172,172,192,211,257],"floor_reached":27,"campfire_rested":2,"playtime":2476,"current_hp_per_floor":[68,68,67,67,67,53,39,32,32,1,1,1,22,22,43,43,70,58,58,58,58,58,58,35,23,23],"items_purged":["Strike_G"],"gold":257,"play_id":"39c888d8-6510-4273-a562-242ca35d2514","is_prod":false,"is_daily":false,"campfire_rituals":0,"campfire_upgraded":1,"is_hardmode":false,"path_taken":["M","?","M","M","M","E","?","?","T","E","M","?","R","M","R","BOSS","M","?","?","?","?","R","M","M","T","E"],"build_version":"2018-01-18-PROD4","purchased_purges":1,"victory":false,"master_deck":["Defend_G","Defend_G","Defend_G","Strike_G","Strike_G","Survivor","Neutralize","Dagger Throw","Slice","Slice","Poisoned Stab","Infinite Blades","Dagger Throw","Sucker Punch","Prepared","Prepared","Phantasmal Killer","Dagger Spray","Corpse Explosion","Phantasmal Killer","Slice","Backflip","Accuracy","Acrobatics","Prepared","Outmaneuver","Flying Knee"],"max_hp_per_floor":[70,70,70,70,70,70,70,70,70,70,70,70,70,70,70,70,70,70,70,70,70,70,70,70,70,70],"relics":["Ring of the Snake","Anchor","Ginger","Lantern","Calipers","Bag of Marbles","Astrolabe","Juzu Bracelet"],"campfire_meditates":0,"card_choices":[{"not_picked":["Deflect","Flying Knee"],"picked":"Dagger Throw"},{"not_picked":["Dodge and Roll","Leg Sweep"],"picked":"Slice"},{"not_picked":["Sucker Punch","Bouncing Flask"],"picked":"Slice"},{"not_picked":["PiercingWail","Riddle With Holes"],"picked":"Poisoned Stab"},{"not_picked":["Flechettes","Footwork"],"picked":"Infinite Blades"},{"not_picked":["Crippling Poison","Finisher"],"picked":"Dagger Throw"},{"not_picked":["Dash","Deadly Poison"],"picked":"Sucker Punch"},{"not_picked":["Leg Sweep","Calculated Gamble"],"picked":"Prepared"},{"not_picked":["Venomology","Endless Agony"],"picked":"Prepared"},{"not_picked":["Doppelganger","Die Die Die"],"picked":"Phantasmal Killer"},{"not_picked":["PiercingWail","Sucker Punch"],"picked":"Slice"},{"not_picked":["Dagger Spray","Dagger Throw"],"picked":"Prepared"},{"not_picked":["Deadly Poison","Eviscerate"],"picked":"Outmaneuver"},{"not_picked":["Calculated Gamble","Sucker Punch"],"picked":"Flying Knee"}],"player_experience":61129,"potions_floor_usage":[6,11,16,16,25,27],"damage_taken":[{"damage":2,"enemies":"Blue Slaver","floor":1,"turns":4},{"damage":1,"enemies":"Jaw Worm","floor":3,"turns":3},{"damage":0,"enemies":"2 Louse","floor":4,"turns":3},{"damage":0,"enemies":"Looter","floor":5,"turns":2},{"damage":14,"enemies":"Gremlin Nob","floor":6,"turns":4},{"damage":31,"enemies":"Lagavulin","floor":10,"turns":8},{"damage":0,"enemies":"Exordium Thugs","floor":11,"turns":3},{"damage":0,"enemies":"2 Fungi Beasts","floor":12,"turns":2},{"damage":0,"enemies":"Looter","floor":14,"turns":1},{"damage":15,"enemies":"Slime Boss","floor":16,"turns":10},{"damage":12,"enemies":"Shell Parasite","floor":18,"turns":4},{"damage":0,"enemies":"3 Byrds","floor":22,"turns":4},{"damage":23,"enemies":"Snecko","floor":24,"turns":5},{"damage":12,"enemies":"Chosen and Byrds","floor":25,"turns":4},{"damage":38,"enemies":"Gremlin Leader","floor":27,"turns":4}],"event_choices":[{"event_name":"Shining Light","player_choice":"Entered Light","floor":7,"damage_taken":0},{"event_name":"Golden Wing","player_choice":"Card Removal","floor":8,"damage_taken":0},{"event_name":"The Library","player_choice":"Read","floor":19,"damage_taken":0},{"event_name":"The Woman in Blue","player_choice":"Bought 1 Potion","floor":20,"damage_taken":0}],"boss_relics":[{"not_picked":["Calling Bell","Question Card"],"picked":"Astrolabe"}],"potions_floor_spawned":[4,6,10,12,14,18,24],"seed_played":"1230789158966585600","killed_by":"Gremlin Leader","is_trial":false}