{"gold_per_floor":[110,110,120,136,147,147,182,182,206,221,221,252,126,139,139,139],"floor_reached":16,"playtime":1196,"items_purged":["Strike_B"],"score":118,"play_id":"1e73b34b-e0f5-4730-aca6-ebb8791278a6","local_time":"20190818162412","is_ascension_mode":true,"campfire_choices":[{"data":"Zap","floor":6,"key":"SMITH"},{"data":"Capacitor","floor":8,"key":"SMITH"},{"floor":15,"key":"REST"}],"neow_cost":"NONE","seed_source_timestamp":226176556061300,"circlet_count":0,"master_deck":["Strike_B+1","Strike_B","Strike_B","Defend_B+1","Defend_B","Defend_B","Defend_B+1","Zap+1","Dualcast","FTL+1","Consume","Gash","Capacitor+1","Creative AI","Hologram","Biased Cognition"],"relics":["Cracked Core","DataDisk","War Paint","Whetstone","Ornamental Fan"],"potions_floor_usage":[12,12,16,16,16],"damage_taken":[{"damage":8,"enemies":"Jaw Worm","floor":1,"turns":3},{"damage":4,"enemies":"Small Slimes","floor":3,"turns":2},{"damage":1,"enemies":"Cultist","floor":4,"turns":3},{"damage":6,"enemies":"Large Slime","floor":5,"turns":5},{"damage":5,"enemies":"Lagavulin","floor":7,"turns":5},{"damage":2,"enemies":"Blue Slaver","floor":10,"turns":3},{"damage":14,"enemies":"Gremlin Nob","floor":12,"turns":4},{"damage":0,"enemies":"3 Louse","floor":14,"turns":3},{"damage":40,"enemies":"Hexaghost","floor":16,"turns":9}],"seed_played":"-8543128035044569109","potions_obtained":[{"floor":1,"key":"EssenceOfSteel"},{"floor":7,"key":"Block Potion"},{"floor":11,"key":"Swift Potion"},{"floor":12,"key":"Swift Potion"},{"floor":14,"key":"Poison Potion"}],"is_trial":false,"path_per_floor":["M","?","M","M","M","R","E","R","T","M","?","E","$","M","R","B"],"character_chosen":"DEFECT","items_purchased":["Hologram"],"campfire_rested":1,"item_purchase_floors":[13],"current_hp_per_floor":[67,49,45,44,38,38,33,33,33,31,31,17,17,17,39,0],"gold":139,"neow_bonus":"RANDOM_COMMON_RELIC","is_prod":false,"is_daily":false,"chose_seed":false,"campfire_upgraded":2,"win_rate":0,"timestamp":1566170652,"path_taken":["M","?","M","M","M","R","E","R","T","M","?","E","$","M","R","BOSS"],"build_version":"2019-07-17","purchased_purges":1,"victory":false,"max_hp_per_floor":[75,75,75,75,75,75,75,75,75,75,75,75,75,75,75,75],"card_choices":[{"not_picked":["Conserve Battery","Reprogram"],"picked":"FTL","floor":1},{"not_picked":["Conserve Battery","Compile Driver","Static Discharge"],"picked":"SKIP","floor":3},{"not_picked":["Force Field","Rebound"],"picked":"Consume","floor":4},{"not_picked":["Rebound","Skim"],"picked":"Gash","floor":5},{"not_picked":["Streamline","Recycle"],"picked":"Capacitor","floor":7},{"not_picked":["Redo","Storm"],"picked":"Creative AI","floor":10},{"not_picked":["Barrage","White Noise","Rebound"],"picked":"SKIP","floor":12},{"not_picked":["Conserve Battery","Reprogram"],"picked":"Biased Cognition","floor":14}],"player_experience":216474,"relics_obtained":[{"floor":7,"key":"Whetstone"},{"floor":12,"key":"Ornamental Fan"}],"event_choices":[{"damage_healed":0,"gold_gain":0,"player_choice":"Success","damage_taken":18,"relics_obtained":["War Paint"],"max_hp_gain":0,"max_hp_loss":0,"event_name":"Scrap Ooze","floor":2,"gold_loss":0},{"damage_healed":0,"gold_gain":0,"player_choice":"Got Potions","damage_taken":0,"max_hp_gain":0,"max_hp_loss":0,"event_name":"Lab","floor":11,"gold_loss":0}],"is_beta":false,"boss_relics":[],"items_purged_floors":[13],"is_endless":false,"potions_floor_spawned":[1,7,12,14],"killed_by":"Hexaghost","ascension_level":1}