{"gold_per_floor":[117,131,131,142,142,142,171,171,171,171,187,199,199,214,214,288,288,305,305,305,315,114,130,130,130,130,130,156,174,190,206,206,282,282,301,318,328,5,60,60,60,79,79,95,95,17,31,31,31,31],"floor_reached":51,"playtime":2145,"items_purged":[],"score":1280,"play_id":"23b83c3b-a469-431f-a7b8-995503789c42","local_time":"20190818121807","is_ascension_mode":true,"campfire_choices":[{"data":"Doom and Gloom","floor":6.0,"key":"SMITH"},{"data":"Zap","floor":8.0,"key":"SMITH"},{"floor":13.0,"key":"REST"},{"data":"Consume","floor":15.0,"key":"SMITH"},{"floor":24.0,"key":"REST"},{"data":"Rainbow","floor":27.0,"key":"SMITH"},{"data":"Electrodynamics","floor":32.0,"key":"SMITH"},{"data":"Meteor Strike","floor":40,"key":"SMITH"},{"data":"Seek","floor":45,"key":"SMITH"},{"floor":49,"key":"REST"}],"neow_cost":"NONE","seed_source_timestamp":0,"circlet_count":0,"master_deck":["AscendersBane","Zap+1","Dualcast","Cold Snap","Doom and Gloom+1","Consume+1","Ball Lightning","Meteor Strike+1","Glacier","Sweeping Beam","Electrodynamics+1","Sweeping Beam","Undo","Rainbow+1","Steam+1","FTL","Genetic Algorithm","Seek+1","Sunder+1","Fusion","Biased Cognition+1"],"special_seed":0,"relics":["Cracked Core","Matryoshka","Sundial","Pen Nib","Singing Bowl","Pandora\u0027s Box","Regal Pillow","Gremlin Horn","Bronze Scales","Symbiotic Virus","Darkstone Periapt","Snecko Eye","StoneCalendar","Mango","Bottled Tornado","Molten Egg 2"],"potions_floor_usage":[39,50],"damage_taken":[{"damage":1.0,"enemies":"Cultist","floor":1.0,"turns":3.0},{"damage":0.0,"enemies":"2 Louse","floor":2.0,"turns":2.0},{"damage":1.0,"enemies":"Small Slimes","floor":4.0,"turns":3.0},{"damage":19.0,"enemies":"Lagavulin","floor":7.0,"turns":7.0},{"damage":15.0,"enemies":"Looter","floor":11.0,"turns":3.0},{"damage":15.0,"enemies":"Exordium Wildlife","floor":12.0,"turns":3.0},{"damage":8.0,"enemies":"Red Slaver","floor":14.0,"turns":3.0},{"damage":3.0,"enemies":"Hexaghost","floor":16.0,"turns":9.0},{"damage":22.0,"enemies":"2 Thieves","floor":18.0,"turns":2.0},{"damage":0.0,"enemies":"Spheric Guardian","floor":21.0,"turns":4.0},{"damage":32.0,"enemies":"Centurion and Healer","floor":23.0,"turns":9.0},{"damage":17.0,"enemies":"Gremlin Leader","floor":28.0,"turns":4.0},{"damage":1.0,"enemies":"Sentry and Sphere","floor":29.0,"turns":4.0},{"damage":15.0,"enemies":"Snake Plant","floor":30.0,"turns":3.0},{"damage":6.0,"enemies":"Centurion and Healer","floor":31.0,"turns":6.0},{"damage":50.0,"enemies":"Automaton","floor":33.0,"turns":8.0},{"damage":0.0,"enemies":"3 Darklings","floor":35.0,"turns":1.0},{"damage":12.0,"enemies":"Orb Walker","floor":36.0,"turns":3.0},{"damage":0.0,"enemies":"3 Darklings","floor":37.0,"turns":3.0},{"damage":0,"enemies":"2 Orb Walkers","floor":39,"turns":3},{"damage":0,"enemies":"Jaw Worm Horde","floor":42,"turns":1},{"damage":0,"enemies":"Transient","floor":44,"turns":6},{"damage":11,"enemies":"Writhing Mass","floor":47,"turns":5},{"damage":61,"enemies":"Donu and Deca","floor":50,"turns":7}],"seed_played":"663055670629582843","potions_obtained":[{"floor":2.0,"key":"Regen Potion"},{"floor":11.0,"key":"FocusPotion"},{"floor":12.0,"key":"SteroidPotion"},{"floor":21.0,"key":"Regen Potion"},{"floor":28.0,"key":"SteroidPotion"},{"floor":30.0,"key":"Weak Potion"},{"floor":37.0,"key":"Energy Potion"},{"floor":39,"key":"Swift Potion"}],"is_trial":false,"path_per_floor":["M","M","?","M","?","R","E","R","T","?","M","M","R","M","R","B",null,"M","?","T","M","$","M","R","?","T","R","E","M","M","M","R","B",null,"M","M","M","$","?","R","T","M","T","M","R","$","M","?","R","B",null],"character_chosen":"DEFECT","items_purchased":["Bronze Scales","FTL","StoneCalendar","Fusion"],"campfire_rested":3,"item_purchase_floors":[22,22,38,46],"current_hp_per_floor":[70,70,70,69,34,34,30,30,30,30,17,4,28,22,22,19,68,46,46,46,48,48,33,74,88,88,88,73,72,59,55,55,5,72,74,64,66,66,80,80,80,82,82,84,84,84,73,73,118,57],"gold":31,"neow_bonus":"TEN_PERCENT_HP_BONUS","is_prod":false,"is_daily":false,"chose_seed":false,"campfire_upgraded":7,"win_rate":0,"timestamp":1566148687,"path_taken":["M","M","?","M","?","R","E","R","T","?","M","M","R","M","R","BOSS","M","?","?","?","$","M","R","?","T","R","E","M","M","M","R","BOSS","M","M","M","$","?","R","?","M","T","M","R","?","M","?","R","BOSS"],"build_version":"2019-07-17","purchased_purges":0,"victory":true,"max_hp_per_floor":[78,78,78,78,78,78,78,78,78,78,80,82,82,84,84,84,84,84,84,84,86,86,88,88,88,88,88,90,90,92,94,94,94,94,96,98,100,100,114,114,114,116,116,118,118,118,118,118,118,118],"card_choices":[{"not_picked":["Go for the Eyes","Streamline"],"picked":"Cold Snap","floor":1.0},{"not_picked":["Coolheaded","Stack"],"picked":"Doom and Gloom","floor":2.0},{"not_picked":["Streamline","Cold Snap"],"picked":"Consume","floor":4.0},{"not_picked":["Turbo","Barrage"],"picked":"Ball Lightning","floor":7.0},{"not_picked":["Streamline","Sweeping Beam","Ball Lightning"],"picked":"Singing Bowl","floor":11.0},{"not_picked":["Redo","Coolheaded","Tempest"],"picked":"Singing Bowl","floor":12.0},{"not_picked":["Blizzard","Gash","Barrage"],"picked":"Singing Bowl","floor":14.0},{"not_picked":["Seek","Amplify"],"picked":"Meteor Strike","floor":16.0},{"not_picked":["Gash","FTL"],"picked":"Steam+1","floor":18.0},{"not_picked":["Compile Driver","Streamline","Hologram"],"picked":"Singing Bowl","floor":21.0},{"not_picked":["Turbo+1","Beam Cell","Ball Lightning"],"picked":"Singing Bowl","floor":23.0},{"not_picked":["Multi-Cast","Conserve Battery","BootSequence"],"picked":"Singing Bowl","floor":28.0},{"not_picked":["Turbo","Steam"],"picked":"Genetic Algorithm","floor":29.0},{"not_picked":["Sunder","Steam Power+1","Genetic Algorithm"],"picked":"Singing Bowl","floor":30.0},{"not_picked":["Cold Snap","Sweeping Beam","Turbo"],"picked":"Singing Bowl","floor":31.0},{"not_picked":["Reboot","Amplify"],"picked":"Seek","floor":33.0},{"not_picked":["Compile Driver","Gash","Tempest"],"picked":"Singing Bowl","floor":35.0},{"not_picked":["Recycle","Compile Driver","Redo+1"],"picked":"Singing Bowl","floor":36.0},{"not_picked":["Cold Snap","Leap","Turbo"],"picked":"Singing Bowl","floor":37.0},{"not_picked":["Auto Shields","Streamline+1"],"picked":"Sunder+1","floor":39},{"not_picked":["Compile Driver+1","Gash","Skim"],"picked":"Singing Bowl","floor":42},{"not_picked":["Gash+1","Barrage+1","Go for the Eyes+1"],"picked":"Singing Bowl","floor":44},{"not_picked":["Doom and Gloom+1","Force Field"],"picked":"Biased Cognition","floor":47}],"player_experience":435146,"relics_obtained":[{"floor":7.0,"key":"Sundial"},{"floor":9.0,"key":"Pen Nib"},{"floor":9.0,"key":"Singing Bowl"},{"floor":20.0,"key":"Regal Pillow"},{"floor":20.0,"key":"Gremlin Horn"},{"floor":26.0,"key":"Symbiotic Virus"},{"floor":28.0,"key":"Darkstone Periapt"},{"floor":39,"key":"Mango"},{"floor":41,"key":"Bottled Tornado"},{"floor":43,"key":"Molten Egg 2"}],"event_choices":[{"damage_healed":0.0,"max_hp_gain":0.0,"max_hp_loss":0.0,"gold_gain":0.0,"event_name":"Liars Game","player_choice":"Ignored","floor":3.0,"gold_loss":0.0,"damage_taken":0.0},{"damage_healed":0.0,"max_hp_gain":0.0,"max_hp_loss":0.0,"gold_gain":0.0,"event_name":"Scrap Ooze","player_choice":"Success","floor":5.0,"gold_loss":0.0,"damage_taken":35.0,"relics_obtained":["Matryoshka"]},{"cards_removed":["Strike_B"],"damage_healed":0.0,"max_hp_gain":0.0,"max_hp_loss":0.0,"gold_gain":0.0,"event_name":"Living Wall","player_choice":"Forget","floor":10.0,"gold_loss":0.0,"damage_taken":0.0},{"damage_healed":0.0,"max_hp_gain":0.0,"max_hp_loss":0.0,"gold_gain":0.0,"event_name":"The Mausoleum","player_choice":"Ignored","floor":19.0,"gold_loss":0.0,"damage_taken":0.0},{"cards_removed":["Reprogram"],"damage_healed":14.0,"max_hp_gain":0.0,"max_hp_loss":0.0,"gold_gain":0.0,"event_name":"Bonfire Elementals","player_choice":"Offered Uncommon","floor":25.0,"gold_loss":0.0,"damage_taken":0.0},{"damage_healed":0,"gold_gain":0,"player_choice":"Fight","damage_taken":0,"max_hp_gain":0,"max_hp_loss":0,"event_name":"Mysterious Sphere","floor":39,"gold_loss":0},{"damage_healed":0,"gold_gain":0,"player_choice":"Forge","damage_taken":0,"max_hp_gain":0,"max_hp_loss":0,"event_name":"Accursed Blacksmith","floor":48,"gold_loss":0,"cards_upgraded":["Biased Cognition"]}],"is_beta":false,"boss_relics":[{"not_picked":["Astrolabe","Empty Cage"],"picked":"Pandora\u0027s Box"},{"not_picked":["Black Star","Philosopher\u0027s Stone"],"picked":"Snecko Eye"}],"items_purged_floors":[],"is_endless":false,"potions_floor_spawned":[2,11,12,21,28,30,31,37,39],"ascension_level":18}