{"gold_per_floor":[359,359,23,23,41,41,75,75,99,113,138,158,158,221,221,324,324,338,363,383,383,395,395,430,430,457,41,72,84,114,128,128,229,229,243,243,259,134,151,186,186,216,216,227,275,275,275,291,291,291,291,291,64,99,99],"floor_reached":55,"playtime":10597,"items_purged":["Strike_B","Strike_B","Strike_B","Defend_B"],"score":1054,"play_id":"efd89035-9dad-4cd9-917f-da994067b0b7","local_time":"20190713151846","is_ascension_mode":true,"campfire_choices":[{"data":"Turbo","floor":6.0,"key":"SMITH"},{"data":"Dualcast","floor":8.0,"key":"SMITH"},{"floor":13.0,"key":"REST"},{"data":"Echo Form","floor":15.0,"key":"SMITH"},{"data":"Seek","floor":23.0,"key":"SMITH"},{"data":"Coolheaded","floor":25.0,"key":"SMITH"},{"data":"Defragment","floor":32.0,"key":"SMITH"},{"data":"Storm","floor":41.0,"key":"SMITH"},{"floor":49.0,"key":"RECALL"},{"data":"Defend_B","floor":52.0,"key":"SMITH"}],"neow_cost":"TEN_PERCENT_HP_LOSS","seed_source_timestamp":0,"circlet_count":0,"master_deck":["Strike_B+1","Defend_B","Defend_B+1","Defend_B+1","Zap+1","Dualcast+1","Coolheaded+1","Turbo+1","Doom and Gloom","Undo+1","Compile Driver+1","Self Repair","Echo Form+1","Seek+1","Skim+1","Tempest+1","Capacitor+1","Defragment+1","Hologram","Reprogram+1","Storm+1","Steam+1","Hologram+1","Stack"],"special_seed":0,"relics":["Cracked Core","Symbiotic Virus","Letter Opener","Sundial","Tiny Chest","Busted Crown","Whetstone","Bottled Lightning","Boot","Bronze Scales","Singing Bowl","War Paint","Pear","Nuclear Battery","Ancient Tea Set","Vajra","Cables","Dream Catcher","Blue Candle","Bag of Preparation","Shuriken"],"potions_floor_usage":[55,55],"damage_taken":[{"damage":0.0,"enemies":"Cultist","floor":1.0,"turns":3.0},{"damage":3.0,"enemies":"Small Slimes","floor":5.0,"turns":2.0},{"damage":26.0,"enemies":"Gremlin Nob","floor":7.0,"turns":4.0},{"damage":7.0,"enemies":"Jaw Worm","floor":10.0,"turns":2.0},{"damage":0.0,"enemies":"3 Sentries","floor":11.0,"turns":3.0},{"damage":3.0,"enemies":"Blue Slaver","floor":12.0,"turns":2.0},{"damage":0.0,"enemies":"Lagavulin","floor":14.0,"turns":5.0},{"damage":9.0,"enemies":"Slime Boss","floor":16.0,"turns":6.0},{"damage":3.0,"enemies":"3 Byrds","floor":18.0,"turns":3.0},{"damage":0.0,"enemies":"Spheric Guardian","floor":20.0,"turns":3.0},{"damage":13.0,"enemies":"Shelled Parasite and Fungi","floor":22.0,"turns":4.0},{"damage":11.0,"enemies":"Book of Stabbing","floor":24.0,"turns":5.0},{"damage":1.0,"enemies":"Gremlin Leader","floor":28.0,"turns":4.0},{"damage":0.0,"enemies":"Sentry and Sphere","floor":29.0,"turns":3.0},{"damage":1.0,"enemies":"Slavers","floor":30.0,"turns":3.0},{"damage":0.0,"enemies":"3 Cultists","floor":31.0,"turns":3.0},{"damage":7.0,"enemies":"Champ","floor":33.0,"turns":7.0},{"damage":0.0,"enemies":"Orb Walker","floor":35.0,"turns":2.0},{"damage":0.0,"enemies":"3 Darklings","floor":37.0,"turns":3.0},{"damage":12.0,"enemies":"Writhing Mass","floor":39.0,"turns":2.0},{"damage":12.0,"enemies":"Giant Head","floor":40.0,"turns":6.0},{"damage":8.0,"enemies":"Nemesis","floor":42.0,"turns":5.0},{"damage":0.0,"enemies":"4 Shapes","floor":44.0,"turns":3.0},{"damage":0.0,"enemies":"Maw","floor":48.0,"turns":4.0},{"damage":92.0,"enemies":"Time Eater","floor":50.0,"turns":8.0},{"damage":40.0,"enemies":"Shield and Spear","floor":54.0,"turns":3.0},{"damage":47,"enemies":"The Heart","floor":55,"turns":3}],"seed_played":"-894894029944522468","potions_obtained":[{"floor":5.0,"key":"GamblersBrew"},{"floor":10.0,"key":"EssenceOfSteel"},{"floor":11.0,"key":"Energy Potion"},{"floor":14.0,"key":"AttackPotion"},{"floor":22.0,"key":"SkillPotion"},{"floor":24.0,"key":"FocusPotion"},{"floor":29.0,"key":"Dexterity Potion"},{"floor":30.0,"key":"FairyPotion"},{"floor":31.0,"key":"Block Potion"},{"floor":40.0,"key":"SkillPotion"},{"floor":42.0,"key":"SteroidPotion"}],"is_trial":false,"path_per_floor":["M","?","$","?","M","R","E","R","T","M","E","M","R","E","R","B",null,"M","T","M","T","M","R","E","R","T","$","E","M","E","M","R","B",null,"M","?","M","$","M","E","R","E","T","M","T","T","T","M","R","B",null,"R","$","E","B"],"character_chosen":"DEFECT","items_purchased":["Symbiotic Virus","Turbo","Defragment","Singing Bowl","Stack","PowerPotion"],"campfire_rested":1,"item_purchase_floors":[3,3,27,27,53,53],"current_hp_per_floor":[68,73,73,73,70,70,44,44,44,37,37,34,55,62,62,67,72,73,73,73,73,73,73,73,73,73,73,75,75,85,87,87,89,89,91,91,93,93,83,85,85,91,91,93,93,93,93,97,97,12,76,76,76,38,0],"gold":99,"neow_bonus":"TWO_FIFTY_GOLD","is_prod":false,"is_daily":false,"chose_seed":false,"campfire_upgraded":8,"win_rate":1,"timestamp":1563056326,"path_taken":["M","?","$","?","M","R","E","R","T","M","E","M","R","E","R","BOSS","M","?","M","?","M","R","E","R","T","$","E","M","E","M","R","BOSS","M","?","M","$","M","E","R","E","T","M","?","?","?","M","R","BOSS","R","$","E","BOSS"],"build_version":"2019-07-05","purchased_purges":4,"victory":false,"max_hp_per_floor":[68,73,73,73,73,73,73,73,73,73,73,73,73,73,73,73,73,73,73,73,73,73,73,73,73,73,73,75,75,85,87,87,89,89,91,91,93,93,95,95,95,95,95,97,97,97,97,97,97,97,97,97,97,99,99],"card_choices":[{"not_picked":["Compile Driver","Undo"],"picked":"Coolheaded","floor":1.0},{"not_picked":["Darkness","Undo"],"picked":"Doom and Gloom","floor":5.0},{"not_picked":["Cold Snap","Capacitor"],"picked":"Undo","floor":7.0},{"not_picked":["Rebound","Fusion"],"picked":"Compile Driver","floor":10.0},{"not_picked":["Aggregate","Creative AI","Compile Driver"],"picked":"SKIP","floor":11.0},{"not_picked":["Blizzard","Gash"],"picked":"Self Repair","floor":12.0},{"not_picked":["Hologram","Barrage"],"picked":"Echo Form","floor":14.0},{"not_picked":["Creative AI","Thunder Strike"],"picked":"Seek","floor":16.0},{"not_picked":[],"picked":"Skim+1","floor":18.0},{"not_picked":[],"picked":"Tempest+1","floor":20.0},{"not_picked":[],"picked":"Heatsinks","floor":22.0},{"not_picked":[],"picked":"Capacitor+1","floor":24.0},{"not_picked":["Ball Lightning"],"picked":"Singing Bowl","floor":28.0},{"not_picked":[],"picked":"Hologram","floor":29.0},{"not_picked":[],"picked":"Reprogram+1","floor":30.0},{"not_picked":["Barrage+1"],"picked":"Singing Bowl","floor":31.0},{"not_picked":["Reboot"],"picked":"Singing Bowl","floor":33.0},{"not_picked":["Go for the Eyes"],"picked":"Singing Bowl","floor":35.0},{"not_picked":["Skim+1"],"picked":"Singing Bowl","floor":37.0},{"not_picked":["Recycle+1"],"picked":"Singing Bowl","floor":39.0},{"not_picked":[],"picked":"Storm","floor":40.0},{"not_picked":[],"picked":"Steam+1","floor":42.0},{"not_picked":["Doom and Gloom"],"picked":"Singing Bowl","floor":44.0},{"not_picked":[],"picked":"Hologram+1","floor":48.0},{"not_picked":["Recycle"],"picked":"Singing Bowl","floor":54.0}],"player_experience":246958,"relics_obtained":[{"floor":7.0,"key":"Letter Opener"},{"floor":11.0,"key":"Sundial"},{"floor":14.0,"key":"Tiny Chest"},{"floor":19.0,"key":"Whetstone"},{"floor":21.0,"key":"Bottled Lightning"},{"floor":24.0,"key":"Boot"},{"floor":26.0,"key":"Bronze Scales"},{"floor":28.0,"key":"War Paint"},{"floor":30.0,"key":"Pear"},{"floor":40.0,"key":"Ancient Tea Set"},{"floor":42.0,"key":"Vajra"},{"floor":43.0,"key":"Cables"},{"floor":45.0,"key":"Dream Catcher"},{"floor":46.0,"key":"Blue Candle"},{"floor":47.0,"key":"Bag of Preparation"},{"floor":54.0,"key":"Shuriken"}],"event_choices":[{"damage_healed":0.0,"max_hp_gain":5.0,"max_hp_loss":0.0,"gold_gain":0.0,"event_name":"Big Fish","player_choice":"Donut","floor":2.0,"gold_loss":0.0,"damage_taken":0.0},{"damage_healed":0.0,"max_hp_gain":0.0,"max_hp_loss":0.0,"gold_gain":0.0,"event_name":"Upgrade Shrine","player_choice":"Upgraded","floor":4.0,"gold_loss":0.0,"damage_taken":0.0,"cards_upgraded":["Zap"]},{"cards_removed":["Heatsinks"],"damage_healed":0.0,"max_hp_gain":0.0,"max_hp_loss":0.0,"gold_gain":0.0,"event_name":"Falling","player_choice":"Removed Power","floor":36.0,"gold_loss":0.0,"damage_taken":0.0}],"is_beta":false,"boss_relics":[{"not_picked":["Velvet Choker","Calling Bell"],"picked":"Busted Crown"},{"not_picked":["Eternal Feather","Cursed Key"],"picked":"Nuclear Battery"}],"items_purged_floors":[3,27,38,53],"is_endless":false,"potions_floor_spawned":[5,10,11,14,22,24,29,30,31,40,42,54],"killed_by":"The Heart","ascension_level":5}