{"gold_per_floor":[110,121,121,20,37,72,83,112,163,196,196,212,82,110,110,184,184,195,86,86,101,112,137,137,163,163,163,182,194,194,250,250,322,322,341,355,15,25,25,59,91,122,122,139,170,204,204,255,255,255,255,255,255,33,63,63],"floor_reached":57,"playtime":6116,"items_purged":["Pain","Strike_G"],"score":3601,"play_id":"f2cbe892-1e81-4c6b-8e20-35d77d13baa5","local_time":"20190816144412","is_ascension_mode":true,"campfire_choices":[{"data":"Flechettes","floor":11.0,"key":"SMITH"},{"data":"Terror","floor":15.0,"key":"SMITH"},{"data":"After Image","floor":24.0,"key":"SMITH"},{"data":"Die Die Die","floor":27.0,"key":"SMITH"},{"floor":30.0,"key":"REST"},{"data":"Backflip","floor":32.0,"key":"SMITH"},{"floor":49.0,"key":"RECALL"},{"data":"Madness","floor":53.0,"key":"SMITH"}],"neow_cost":"NONE","seed_source_timestamp":95823456883800,"circlet_count":0,"master_deck":["AscendersBane","Strike_G","Strike_G","Defend_G","Defend_G","Defend_G+1","Defend_G","Survivor","Neutralize","Adrenaline+1","Flechettes+1","Corpse Explosion+1","Leg Sweep","Leg Sweep","Dagger Throw","Backflip+1","Crippling Poison+1","Flechettes+1","After Image+1","Flying Knee","Deflect","Caltrops","Impatience","Terror+1","Die Die Die+1","Outmaneuver","Backstab","PiercingWail","PiercingWail","Prepared+1","Catalyst+1","Venomology","Backstab","Secret Weapon","Caltrops+1","Madness+1","Madness","Footwork","Setup+1","Skewer","Escape Plan","Deflect+1","Escape Plan"],"special_seed":0,"relics":["Astrolabe","WarpedTongs","FossilizedHelix","Ornamental Fan","War Paint","Potion Belt","Orichalcum","Runic Pyramid","Enchiridion","PreservedInsect","Blue Candle","Tiny Chest","Busted Crown","WingedGreaves","Bottled Lightning","Boot","Question Card","Strawberry","Kunai","Thread and Needle","Oddly Smooth Stone"],"potions_floor_usage":[56,56,56],"damage_taken":[{"damage":3.0,"enemies":"Cultist","floor":1.0,"turns":4.0},{"damage":0.0,"enemies":"Jaw Worm","floor":2.0,"turns":4.0},{"damage":2.0,"enemies":"2 Louse","floor":5.0,"turns":2.0},{"damage":10.0,"enemies":"Gremlin Nob","floor":6.0,"turns":4.0},{"damage":0.0,"enemies":"Blue Slaver","floor":7.0,"turns":4.0},{"damage":0.0,"enemies":"Lagavulin","floor":8.0,"turns":5.0},{"damage":0.0,"enemies":"3 Sentries","floor":10.0,"turns":3.0},{"damage":0.0,"enemies":"Large Slime","floor":12.0,"turns":5.0},{"damage":0.0,"enemies":"Gremlin Nob","floor":14.0,"turns":4.0},{"damage":0.0,"enemies":"Slime Boss","floor":16.0,"turns":6.0},{"damage":0.0,"enemies":"Shell Parasite","floor":18.0,"turns":4.0},{"damage":0.0,"enemies":"2 Thieves","floor":21.0,"turns":2.0},{"damage":0.0,"enemies":"Cultist and Chosen","floor":22.0,"turns":3.0},{"damage":0.0,"enemies":"Book of Stabbing","floor":23.0,"turns":4.0},{"damage":0.0,"enemies":"Slavers","floor":25.0,"turns":3.0},{"damage":0.0,"enemies":"Snecko","floor":28.0,"turns":4.0},{"damage":0.0,"enemies":"Centurion and Healer","floor":29.0,"turns":5.0},{"damage":0.0,"enemies":"Book of Stabbing","floor":31.0,"turns":3.0},{"damage":4.0,"enemies":"Automaton","floor":33.0,"turns":8.0},{"damage":0.0,"enemies":"3 Shapes","floor":35.0,"turns":4.0},{"damage":0.0,"enemies":"3 Darklings","floor":36.0,"turns":4.0},{"damage":0.0,"enemies":"4 Shapes","floor":38.0,"turns":4.0},{"damage":0.0,"enemies":"Reptomancer","floor":40.0,"turns":4.0},{"damage":0.0,"enemies":"Nemesis","floor":41.0,"turns":7.0},{"damage":9.0,"enemies":"Reptomancer","floor":42.0,"turns":4.0},{"damage":0.0,"enemies":"Writhing Mass","floor":44.0,"turns":4.0},{"damage":0.0,"enemies":"Giant Head","floor":45.0,"turns":8.0},{"damage":0.0,"enemies":"Nemesis","floor":46.0,"turns":4.0},{"damage":11.0,"enemies":"2 Orb Walkers","floor":48.0,"turns":2.0},{"damage":28.0,"enemies":"Donu and Deca","floor":50.0,"turns":9.0},{"damage":4.0,"enemies":"Awakened One","floor":51.0,"turns":17.0},{"damage":0.0,"enemies":"Shield and Spear","floor":55.0,"turns":6.0},{"damage":28,"enemies":"The Heart","floor":56,"turns":9}],"seed_played":"985510396932939096","potions_obtained":[{"floor":1.0,"key":"Energy Potion"},{"floor":7.0,"key":"SpeedPotion"},{"floor":10.0,"key":"Ancient Potion"},{"floor":12.0,"key":"Block Potion"},{"floor":14.0,"key":"GamblersBrew"},{"floor":18.0,"key":"AttackPotion"},{"floor":28.0,"key":"SpeedPotion"},{"floor":29.0,"key":"LiquidBronze"},{"floor":31.0,"key":"Fruit Juice"},{"floor":33.0,"key":"Ancient Potion"},{"floor":41.0,"key":"Energy Potion"},{"floor":42.0,"key":"Strength Potion"},{"floor":55.0,"key":"SteroidPotion"}],"is_trial":false,"path_per_floor":["M","M","?","$","M","E","M","E","T","E","R","M","$","E","R","B",null,"M","$","?","M","M","E","R","E","T","R","M","M","R","E","R","B",null,"M","M","$","M","?","E","E","E","T","M","E","E","?","?","R","B","B",null,"R","$","E","B",null],"character_chosen":"THE_SILENT","items_purchased":["Dagger Throw","Caltrops","Impatience","Backstab","PiercingWail","Secret Weapon","FearPotion","LiquidBronze","GamblersBrew","Strength Potion"],"campfire_rested":1,"item_purchase_floors":[4,13,13,19,19,37,37,54,54,54],"current_hp_per_floor":[56,56,56,56,54,44,44,44,44,44,44,44,44,44,44,44,61,61,61,40,40,40,40,40,40,40,40,40,40,59,64,64,60,68,68,68,68,68,55,55,55,46,46,46,53,53,53,42,42,14,10,61,61,61,61,33],"gold":63,"neow_bonus":"BOSS_RELIC","is_prod":false,"is_daily":false,"chose_seed":false,"campfire_upgraded":6,"win_rate":0,"timestamp":1565959452,"path_taken":["M","?","?","$","M","E","M","E","T","E","R","M","$","E","R","BOSS","M","$","?","M","M","E","R","E","T","R","M","M","R","E","R","BOSS","M","M","$","M","?","E","E","E","T","M","E","E","?","?","R","BOSS","BOSS","R","$","E","BOSS"],"build_version":"2019-07-17","purchased_purges":2,"victory":true,"max_hp_per_floor":[66,66,66,66,66,66,66,66,66,66,66,66,66,66,66,66,66,66,66,66,66,66,66,66,66,66,66,66,66,66,71,71,71,71,71,71,71,71,71,71,71,71,71,71,78,78,78,78,78,78,78,78,78,78,78,78],"card_choices":[{"not_picked":["Eviscerate","Flechettes"],"picked":"Leg Sweep","floor":1.0},{"not_picked":["Caltrops","Prepared"],"picked":"Leg Sweep","floor":2.0},{"not_picked":["Prepared","Masterful Stab"],"picked":"Backflip","floor":5.0},{"not_picked":["PiercingWail","Choke"],"picked":"Crippling Poison","floor":6.0},{"not_picked":["Crippling Poison","Outmaneuver"],"picked":"Flechettes","floor":7.0},{"not_picked":["Distraction","Accuracy"],"picked":"After Image","floor":8.0},{"not_picked":["Leg Sweep","Underhanded Strike"],"picked":"Flying Knee","floor":10.0},{"not_picked":["Dagger Throw","Leg Sweep"],"picked":"Deflect","floor":12.0},{"not_picked":["Heel Hook","Predator"],"picked":"Terror","floor":14.0},{"not_picked":["Adrenaline","A Thousand Cuts"],"picked":"Die Die Die","floor":16.0},{"not_picked":["Eviscerate","Bane"],"picked":"Outmaneuver","floor":18.0},{"not_picked":["Accuracy","Dodge and Roll+1"],"picked":"PiercingWail","floor":21.0},{"not_picked":["Dagger Throw+1","Underhanded Strike","Dagger Spray"],"picked":"SKIP","floor":22.0},{"not_picked":["Masterful Stab","Infinite Blades","Accuracy"],"picked":"SKIP","floor":23.0},{"not_picked":["Bane","Heel Hook"],"picked":"Prepared+1","floor":25.0},{"not_picked":["Poisoned Stab","Dagger Spray","Flying Knee+1"],"picked":"SKIP","floor":28.0},{"not_picked":["Reflex","Venomology"],"picked":"Catalyst+1","floor":29.0},{"not_picked":["Tactician","Distraction","Catalyst"],"picked":"SKIP","floor":31.0},{"not_picked":["Tools of the Trade","Doppelganger"],"picked":"Venomology","floor":33.0},{"not_picked":["Sucker Punch"],"picked":"SKIP","floor":35.0},{"not_picked":[],"picked":"Backstab","floor":36.0},{"not_picked":[],"picked":"Caltrops+1","floor":38.0},{"not_picked":[],"picked":"Footwork","floor":40.0},{"not_picked":[],"picked":"Setup+1","floor":41.0},{"not_picked":["Blade Dance"],"picked":"SKIP","floor":42.0},{"not_picked":["Cloak And Dagger"],"picked":"Skewer","floor":44.0},{"not_picked":["Accuracy"],"picked":"Escape Plan","floor":45.0},{"not_picked":["Bane","Underhanded Strike"],"picked":"SKIP","floor":46.0},{"not_picked":["Flying Knee"],"picked":"Deflect+1","floor":48.0},{"not_picked":["Skewer+1"],"picked":"Escape Plan","floor":55.0}],"player_experience":1054467,"relics_obtained":[{"floor":6.0,"key":"FossilizedHelix"},{"floor":8.0,"key":"Ornamental Fan"},{"floor":9.0,"key":"War Paint"},{"floor":10.0,"key":"Potion Belt"},{"floor":14.0,"key":"Orichalcum"},{"floor":20.0,"key":"Enchiridion"},{"floor":23.0,"key":"PreservedInsect"},{"floor":25.0,"key":"Blue Candle"},{"floor":31.0,"key":"Tiny Chest"},{"floor":40.0,"key":"WingedGreaves"},{"floor":41.0,"key":"Bottled Lightning"},{"floor":42.0,"key":"Boot"},{"floor":43.0,"key":"Question Card"},{"floor":45.0,"key":"Strawberry"},{"floor":46.0,"key":"Kunai"},{"floor":48.0,"key":"Thread and Needle"},{"floor":55.0,"key":"Oddly Smooth Stone"}],"event_choices":[{"damage_healed":0.0,"max_hp_gain":0.0,"max_hp_loss":0.0,"gold_gain":0.0,"event_name":"Accursed Blacksmith","player_choice":"Rummage","floor":3.0,"gold_loss":0.0,"damage_taken":0.0,"relics_obtained":["WarpedTongs"],"cards_obtained":["Pain"]},{"damage_healed":0.0,"max_hp_gain":0.0,"max_hp_loss":0.0,"gold_gain":0.0,"event_name":"Cursed Tome","player_choice":"Obtained Book","floor":20.0,"gold_loss":0.0,"damage_taken":21.0},{"damage_healed":0.0,"max_hp_gain":0.0,"max_hp_loss":0.0,"gold_gain":0.0,"event_name":"Winding Halls","player_choice":"Embrace Madness","floor":39.0,"gold_loss":0.0,"damage_taken":13.0,"cards_obtained":["Madness","Madness"]},{"damage_healed":0.0,"max_hp_gain":0.0,"max_hp_loss":0.0,"gold_gain":0.0,"event_name":"Tomb of Lord Red Mask","player_choice":"Ignored","floor":47.0,"gold_loss":0.0,"damage_taken":0.0},{"damage_healed":0.0,"max_hp_gain":0.0,"max_hp_loss":0.0,"gold_gain":0.0,"event_name":"Mysterious Sphere","player_choice":"Fight","floor":48.0,"gold_loss":0.0,"damage_taken":0.0}],"is_beta":false,"boss_relics":[{"not_picked":["Fusion Hammer","Philosopher\u0027s Stone"],"picked":"Runic Pyramid"},{"not_picked":["White Beast Statue","Pandora\u0027s Box"],"picked":"Busted Crown"}],"items_purged_floors":[4,37],"is_endless":false,"potions_floor_spawned":[1,7,10,12,14,18,28,29,31,33,40,41,42,55],"ascension_level":20}