{"gold_per_floor":[116,132,151,169,169,169,196,206,206,216,243,263,82,98,98,197,197,182,195,206,206,44,78,3,3,3,36,36],"floor_reached":28,"playtime":4753,"items_purged":["Defend_R"],"score":356,"play_id":"2b59beb4-4681-4401-9fe6-00dc7f00137e","local_time":"20190813172317","is_ascension_mode":true,"campfire_choices":[{"data":"Armaments","floor":6,"key":"SMITH"},{"data":"Flame Barrier","floor":15,"key":"SMITH"}],"neow_cost":"NONE","seed_source_timestamp":115698754017329,"circlet_count":0,"master_deck":["Strike_R","Strike_R","Strike_R","Defend_R","Defend_R","Defend_R","Bash+1","Headbutt","Shrug It Off","Infernal Blade","Armaments+1","Immolate","Anger","Dark Embrace+1","Infernal Blade","Flame Barrier+1","Dual Wield","Shockwave","Juggernaut+1","Pain","Secret Technique","Feed"],"relics":["Burning Blood","Bag of Marbles","Frozen Egg 2","Paper Frog","Runic Cube","WarpedTongs","Ornamental Fan","Nunchaku"],"potions_floor_usage":[4,16,16,16,23],"damage_taken":[{"damage":10,"enemies":"2 Louse","floor":1,"turns":3},{"damage":1,"enemies":"Cultist","floor":2,"turns":3},{"damage":6,"enemies":"Jaw Worm","floor":3,"turns":4},{"damage":17,"enemies":"Exordium Thugs","floor":4,"turns":5},{"damage":37,"enemies":"3 Sentries","floor":7,"turns":12},{"damage":0,"enemies":"Exordium Wildlife","floor":8,"turns":1},{"damage":2,"enemies":"3 Louse","floor":10,"turns":3},{"damage":22,"enemies":"Lagavulin","floor":11,"turns":4},{"damage":0,"enemies":"Large Slime","floor":12,"turns":3},{"damage":0,"enemies":"Red Slaver","floor":14,"turns":1},{"damage":43,"enemies":"The Guardian","floor":16,"turns":7},{"damage":21,"enemies":"2 Thieves","floor":18,"turns":4},{"damage":25,"enemies":"Chosen","floor":19,"turns":5},{"damage":9,"enemies":"Snake Plant","floor":20,"turns":4},{"damage":0,"enemies":"Slavers","floor":23,"turns":2},{"damage":24,"enemies":"Gremlin Leader","floor":27,"turns":5},{"damage":40,"enemies":"Centurion and Healer","floor":28,"turns":5}],"seed_played":"3751798182991391188","potions_obtained":[{"floor":1,"key":"SpeedPotion"},{"floor":2,"key":"LiquidBronze"},{"floor":8,"key":"Poison Potion"},{"floor":12,"key":"PowerPotion"},{"floor":16,"key":"Ancient Potion"},{"floor":18,"key":"Dexterity Potion"},{"floor":27,"key":"SteroidPotion"}],"is_trial":false,"path_per_floor":["M","M","M","M","?","R","E","M","T","M","E","M","$","M","R","B",null,"M","M","M","?","$","E","$","?","T","E","M"],"character_chosen":"IRONCLAD","items_purchased":["Flame Barrier","Dual Wield","Secret Technique","Feed"],"campfire_rested":0,"item_purchase_floors":[13,13,22,24],"current_hp_per_floor":[76,80,80,69,69,69,38,44,44,48,32,38,38,44,44,7,80,65,46,43,43,43,49,49,49,49,31,0],"gold":36,"neow_bonus":"UPGRADE_CARD","is_prod":false,"is_daily":false,"chose_seed":false,"campfire_upgraded":2,"win_rate":0,"timestamp":1565734997,"path_taken":["M","M","M","M","?","R","E","M","T","?","E","M","$","M","R","BOSS","M","M","M","?","?","E","?","?","T","E","M"],"build_version":"2019-07-17","purchased_purges":1,"victory":false,"max_hp_per_floor":[80,80,80,80,80,80,80,80,80,80,80,80,80,80,80,80,80,80,80,80,80,80,80,80,80,80,80,80],"card_choices":[{"not_picked":["Rampage","Sever Soul"],"picked":"Headbutt","floor":1},{"not_picked":["Twin Strike","Fire Breathing"],"picked":"Shrug It Off","floor":2},{"not_picked":["Twin Strike","Sword Boomerang"],"picked":"Infernal Blade","floor":3},{"not_picked":["Exhume","Thunderclap"],"picked":"Armaments","floor":4},{"not_picked":["Fire Breathing","Hemokinesis"],"picked":"Immolate","floor":7},{"not_picked":["Sword Boomerang","Warcry"],"picked":"Anger","floor":8},{"not_picked":["Sentinel","Corruption+1","Heavy Blade"],"picked":"SKIP","floor":10},{"not_picked":["Cleave","Sword Boomerang"],"picked":"Dark Embrace+1","floor":11},{"not_picked":["Perfected Strike","Warcry"],"picked":"Infernal Blade","floor":12},{"not_picked":["Perfected Strike","Wild Strike"],"picked":"Shockwave","floor":14},{"not_picked":["Exhume","Immolate"],"picked":"Juggernaut+1","floor":16},{"not_picked":["Flex","Sword Boomerang","Twin Strike"],"picked":"SKIP","floor":18},{"not_picked":["Iron Wave+1","Clash","Searing Blow"],"picked":"SKIP","floor":19},{"not_picked":["Intimidate","Berserk+1","Searing Blow"],"picked":"SKIP","floor":20},{"not_picked":["Havoc","Thunderclap+1","Combust+1"],"picked":"SKIP","floor":23},{"not_picked":["Iron Wave","Thunderclap+1","Warcry"],"picked":"SKIP","floor":27}],"player_experience":141085,"relics_obtained":[{"floor":7,"key":"Bag of Marbles"},{"floor":9,"key":"Frozen Egg 2"},{"floor":11,"key":"Paper Frog"},{"floor":23,"key":"Ornamental Fan"},{"floor":27,"key":"Nunchaku"}],"event_choices":[{"cards_removed":["Strike_R"],"damage_healed":0,"gold_gain":0,"player_choice":"Purged","damage_taken":0,"max_hp_gain":0,"max_hp_loss":0,"event_name":"Purifier","floor":5,"gold_loss":0},{"damage_healed":0,"gold_gain":0,"player_choice":"Rummage","damage_taken":0,"relics_obtained":["WarpedTongs"],"max_hp_gain":0,"max_hp_loss":0,"event_name":"Accursed Blacksmith","floor":21,"gold_loss":0,"cards_obtained":["Pain"]},{"cards_removed":["Strike_R"],"damage_healed":0,"gold_gain":0,"player_choice":"Elegance","damage_taken":0,"max_hp_gain":0,"max_hp_loss":0,"event_name":"Back to Basics","floor":25,"gold_loss":0}],"is_beta":false,"boss_relics":[{"not_picked":["Fusion Hammer","Velvet Choker"],"picked":"Runic Cube"}],"items_purged_floors":[13],"is_endless":false,"potions_floor_spawned":[1,2,8,12,16,18,27],"killed_by":"Centurion and Healer","ascension_level":4}