{"gold_per_floor":[14,24,35,50,50,83,83,113,113,113,180,180,0,15,15,116,166,176,91,108,108,125,125,125,125,150,70,70,101,101,114,114,211,211,222,246,22,35,135,161,176,206,206,221,59,75,120,133,133,133],"floor_reached":51,"playtime":2201,"items_purged":["Strike_R","Parasite","Pain"],"score":1211,"play_id":"88cb4d6f-23ce-4d8b-87c0-191d9dabcc6a","local_time":"20190708200039","is_ascension_mode":true,"campfire_choices":[{"data":"Bash","floor":7.0,"key":"SMITH"},{"floor":12.0,"key":"REST"},{"data":"Anger","floor":15.0,"key":"SMITH"},{"data":"Clothesline","floor":23.0,"key":"SMITH"},{"floor":25.0,"key":"REST"},{"floor":30.0,"key":"REST"},{"data":"Demon Form","floor":32.0,"key":"SMITH"},{"data":"Limit Break","floor":49.0,"key":"SMITH"}],"neow_cost":"NO_GOLD","seed_source_timestamp":565880311074801,"circlet_count":0,"master_deck":["AscendersBane","Strike_R+1","Strike_R+1","Strike_R+1","Strike_R+1","Defend_R+1","Defend_R+1","Defend_R+1","Defend_R+1","Bash+1","Battle Trance+1","Anger+1","Spot Weakness","Demon Form+1","Inflame","Impervious","Corruption","Clothesline+1","Battle Trance+1","Armaments+1","Reaper","Limit Break+1","Uppercut","Clumsy","Battle Trance+1","Sword Boomerang","Parasite","Thunderclap+1","Reaper"],"special_seed":0,"relics":["Burning Blood","Torii","Letter Opener","Red Skull","The Courier","Strawberry","Tiny House","Frozen Egg 2","Lantern","WarpedTongs","Kunai","Cursed Key","Bag of Marbles","Orichalcum","Anchor","Paper Frog","Lee\u0027s Waffle","Incense Burner"],"potions_floor_usage":[],"damage_taken":[{"damage":8.0,"enemies":"Jaw Worm","floor":1.0,"turns":5.0},{"damage":0.0,"enemies":"Small Slimes","floor":2.0,"turns":3.0},{"damage":7.0,"enemies":"2 Louse","floor":3.0,"turns":2.0},{"damage":21.0,"enemies":"Blue Slaver","floor":4.0,"turns":3.0},{"damage":35.0,"enemies":"3 Sentries","floor":6.0,"turns":8.0},{"damage":37.0,"enemies":"Lagavulin","floor":8.0,"turns":6.0},{"damage":14.0,"enemies":"Large Slime","floor":14.0,"turns":5.0},{"damage":49.0,"enemies":"The Guardian","floor":16.0,"turns":8.0},{"damage":9.0,"enemies":"Chosen","floor":18.0,"turns":6.0},{"damage":24.0,"enemies":"Shell Parasite","floor":20.0,"turns":5.0},{"damage":35.0,"enemies":"Snake Plant","floor":22.0,"turns":5.0},{"damage":26.0,"enemies":"Book of Stabbing","floor":29.0,"turns":5.0},{"damage":26.0,"enemies":"Centurion and Healer","floor":31.0,"turns":7.0},{"damage":92.0,"enemies":"Automaton","floor":33.0,"turns":11.0},{"damage":8.0,"enemies":"3 Shapes","floor":35.0,"turns":8.0},{"damage":14.0,"enemies":"Orb Walker","floor":38.0,"turns":4.0},{"damage":65.0,"enemies":"Giant Head","floor":40.0,"turns":8.0},{"damage":42.0,"enemies":"3 Darklings","floor":41.0,"turns":5.0},{"damage":51.0,"enemies":"Nemesis","floor":42.0,"turns":5.0},{"damage":27.0,"enemies":"4 Shapes","floor":44.0,"turns":9.0},{"damage":42.0,"enemies":"Transient","floor":46.0,"turns":5.0},{"damage":44.0,"enemies":"2 Orb Walkers","floor":47.0,"turns":4.0},{"damage":21.0,"enemies":"Sphere and 2 Shapes","floor":48.0,"turns":6.0},{"damage":106,"enemies":"Awakened One","floor":50,"turns":10}],"seed_played":"6211217104535983209","potions_obtained":[{"floor":2.0,"key":"Swift Potion"},{"floor":3.0,"key":"Regen Potion"},{"floor":6.0,"key":"Fire Potion"},{"floor":17.0,"key":"SmokeBomb"},{"floor":18.0,"key":"SkillPotion"},{"floor":22.0,"key":"BloodPotion"},{"floor":31.0,"key":"Explosive Potion"},{"floor":40.0,"key":"Swift Potion"},{"floor":42.0,"key":"Dexterity Potion"},{"floor":46.0,"key":"PowerPotion"}],"is_trial":false,"path_per_floor":["M","M","M","M","?","E","R","E","T","?","?","R","$","M","R","B",null,"M","?","M","?","M","R","?","R","T","$","?","E","R","M","R","B",null,"M","T","$","M","?","E","M","E","T","M","$","M","?","M","R","B",null],"character_chosen":"IRONCLAD","items_purchased":["Strawberry","Bag of Marbles","Lee\u0027s Waffle"],"campfire_rested":3,"item_purchase_floors":[13,37,45],"current_hp_per_floor":[70,76,75,60,60,46,46,15,15,35,35,59,66,58,58,15,74,71,71,53,53,24,24,24,51,51,51,51,31,57,83,83,33,75,88,88,88,80,80,31,30,9,9,44,96,96,58,86,86,24],"gold":133,"neow_bonus":"ONE_RARE_RELIC","is_prod":false,"is_daily":false,"chose_seed":false,"campfire_upgraded":5,"win_rate":0,"timestamp":1562630439,"path_taken":["M","M","M","M","?","E","R","E","T","?","?","R","?","M","R","BOSS","M","?","M","?","?","R","?","R","T","?","?","E","R","M","R","BOSS","M","?","$","M","?","E","M","E","T","M","$","?","?","M","R","BOSS"],"build_version":"2019-07-05","purchased_purges":3,"victory":true,"max_hp_per_floor":[80,80,80,80,80,80,80,80,80,80,80,80,87,87,87,87,92,92,92,92,92,92,92,92,92,92,89,89,89,89,89,89,89,89,89,89,89,89,89,89,89,89,89,89,96,96,96,96,96,96],"card_choices":[{"not_picked":["Shrug It Off","Heavy Blade"],"picked":"Battle Trance","floor":1.0},{"not_picked":["Dropkick","Sword Boomerang"],"picked":"Anger","floor":2.0},{"not_picked":["Limit Break","Cleave"],"picked":"Spot Weakness","floor":3.0},{"not_picked":["Cleave","Clash","Heavy Blade"],"picked":"SKIP","floor":4.0},{"not_picked":["Entrench","Pommel Strike"],"picked":"Demon Form","floor":6.0},{"not_picked":["Searing Blow","Headbutt","Rupture"],"picked":"SKIP","floor":8.0},{"not_picked":["True Grit","Battle Trance"],"picked":"Inflame","floor":14.0},{"not_picked":["Brutality","Fiend Fire"],"picked":"Impervious","floor":16.0},{"not_picked":["Dropkick","Blood for Blood"],"picked":"Corruption","floor":17.0},{"not_picked":["Iron Wave","True Grit"],"picked":"Clothesline","floor":18.0},{"not_picked":["Warcry","Perfected Strike","Flex"],"picked":"SKIP","floor":20.0},{"not_picked":["Battle Trance","Ghostly Armor"],"picked":"Armaments+1","floor":22.0},{"not_picked":["Wild Strike","Inflame+1"],"picked":"Reaper","floor":29.0},{"not_picked":["Sever Soul","Twin Strike","Headbutt"],"picked":"SKIP","floor":31.0},{"not_picked":["Brutality+1","Dark Embrace+1"],"picked":"Limit Break","floor":33.0},{"not_picked":["Searing Blow","Havoc"],"picked":"Uppercut","floor":35.0},{"not_picked":["Armaments","Fire Breathing+1"],"picked":"Battle Trance+1","floor":38.0},{"not_picked":["Cleave","Clothesline","Warcry"],"picked":"SKIP","floor":40.0},{"not_picked":["Carnage","Seeing Red"],"picked":"Sword Boomerang","floor":41.0},{"not_picked":["Evolve+1","Havoc","Armaments"],"picked":"SKIP","floor":42.0},{"not_picked":["Iron Wave","Second Wind"],"picked":"Thunderclap+1","floor":44.0},{"not_picked":["Headbutt","Rampage","Pommel Strike"],"picked":"SKIP","floor":46.0},{"not_picked":["Headbutt","Rampage","Pommel Strike"],"picked":"SKIP","floor":46.0},{"not_picked":["Metallicize+1","Pommel Strike"],"picked":"Reaper","floor":47.0},{"not_picked":["Warcry","Pommel Strike","Clothesline+1"],"picked":"SKIP","floor":48.0}],"player_experience":666660,"relics_obtained":[{"floor":6.0,"key":"Letter Opener"},{"floor":8.0,"key":"Red Skull"},{"floor":9.0,"key":"The Courier"},{"floor":26.0,"key":"Lantern"},{"floor":29.0,"key":"Kunai"},{"floor":40.0,"key":"Orichalcum"},{"floor":42.0,"key":"Anchor"},{"floor":43.0,"key":"Paper Frog"},{"floor":47.0,"key":"Incense Burner"}],"event_choices":[{"damage_healed":0.0,"max_hp_gain":0.0,"max_hp_loss":0.0,"gold_gain":0.0,"event_name":"Liars Game","player_choice":"Ignored","floor":5.0,"gold_loss":0.0,"damage_taken":0.0},{"damage_healed":20.0,"max_hp_gain":0.0,"max_hp_loss":0.0,"gold_gain":0.0,"event_name":"Mushrooms","player_choice":"Healed and dodged fight","floor":10.0,"gold_loss":0.0,"damage_taken":0.0,"cards_obtained":["Parasite"]},{"damage_healed":0.0,"max_hp_gain":0.0,"max_hp_loss":0.0,"gold_gain":67.0,"event_name":"Golden Wing","player_choice":"Gained Gold","floor":11.0,"gold_loss":0.0,"damage_taken":0.0},{"damage_healed":0.0,"max_hp_gain":0.0,"max_hp_loss":0.0,"gold_gain":0.0,"event_name":"Addict","player_choice":"Obtained Relic","floor":19.0,"gold_loss":85.0,"damage_taken":0.0,"relics_obtained":["Frozen Egg 2"]},{"damage_healed":0.0,"max_hp_gain":0.0,"max_hp_loss":0.0,"gold_gain":0.0,"event_name":"Duplicator","player_choice":"Copied","floor":21.0,"gold_loss":0.0,"damage_taken":0.0,"cards_obtained":["Battle Trance"]},{"damage_healed":0.0,"max_hp_gain":0.0,"max_hp_loss":0.0,"gold_gain":0.0,"event_name":"Back to Basics","player_choice":"Simplicity","floor":24.0,"gold_loss":0.0,"damage_taken":0.0,"cards_upgraded":["Strike_R","Strike_R","Strike_R","Strike_R","Defend_R","Defend_R","Defend_R","Defend_R"]},{"damage_healed":0.0,"max_hp_gain":0.0,"max_hp_loss":0.0,"gold_gain":0.0,"event_name":"Accursed Blacksmith","player_choice":"Rummage","floor":28.0,"gold_loss":0.0,"damage_taken":0.0,"relics_obtained":["WarpedTongs"],"cards_obtained":["Pain"]},{"damage_healed":0.0,"max_hp_gain":0.0,"max_hp_loss":0.0,"gold_gain":100.0,"event_name":"Golden Shrine","player_choice":"Pray","floor":39.0,"gold_loss":0.0,"damage_taken":0.0},{"damage_healed":0.0,"max_hp_gain":0.0,"max_hp_loss":0.0,"gold_gain":0.0,"event_name":"Mysterious Sphere","player_choice":"Fight","floor":47.0,"gold_loss":0.0,"damage_taken":0.0}],"is_beta":false,"boss_relics":[{"not_picked":["Eternal Feather","White Beast Statue"],"picked":"Tiny House"},{"not_picked":["Busted Crown","Orrery"],"picked":"Cursed Key"}],"items_purged_floors":[13,27,37],"is_endless":false,"potions_floor_spawned":[2,3,6,18,20,22,31,40,42,46],"ascension_level":12}