{"gold_per_floor":[114,114,114,124,140,140,172,172,196,212,100,134,134,151,151,228,228,238,253,343,361,372,372,372],"floor_reached":24,"playtime":1187,"items_purged":["Strike_G"],"score":416,"play_id":"5b1db5d7-221c-403e-8cae-d6659b9f6c6e","local_time":"20190815093951","is_ascension_mode":true,"campfire_choices":[{"data":"Infinite Blades","floor":6.0,"key":"SMITH"},{"data":"Infinite Blades","floor":8.0,"key":"SMITH"},{"floor":13.0,"key":"REST"},{"data":"Accuracy","floor":15.0,"key":"SMITH"},{"floor":23,"key":"REST"}],"neow_cost":"NONE","seed_source_timestamp":3126858888200,"circlet_count":0,"master_deck":["AscendersBane","Survivor","Neutralize","Dash+1","Infinite Blades+1","Infinite Blades+1","Deadly Poison","Dodge and Roll","Accuracy+1","Sucker Punch","Leg Sweep","Burst","Calculated Gamble","Corpse Explosion","Sucker Punch","Quick Slash","Escape Plan","Leg Sweep","Riddle With Holes","Catalyst","Setup","Deadly Poison","Dodge and Roll+1"],"special_seed":0,"relics":["Ring of the Snake","NeowsBlessing","Anchor","Whetstone","Ginger","Pandora\u0027s Box"],"potions_floor_usage":[22],"damage_taken":[{"damage":0.0,"enemies":"Jaw Worm","floor":1.0,"turns":1.0},{"damage":0.0,"enemies":"Small Slimes","floor":4.0,"turns":1.0},{"damage":0.0,"enemies":"Cultist","floor":5.0,"turns":1.0},{"damage":12.0,"enemies":"3 Sentries","floor":7.0,"turns":7.0},{"damage":0.0,"enemies":"Looter","floor":10.0,"turns":4.0},{"damage":31.0,"enemies":"Gremlin Nob","floor":12.0,"turns":5.0},{"damage":12.0,"enemies":"Lots of Slimes","floor":14.0,"turns":4.0},{"damage":4.0,"enemies":"The Guardian","floor":16.0,"turns":11.0},{"damage":4.0,"enemies":"3 Byrds","floor":18.0,"turns":3.0},{"damage":13.0,"enemies":"2 Thieves","floor":19.0,"turns":3.0},{"damage":0.0,"enemies":"Snecko","floor":21.0,"turns":5.0},{"damage":7,"enemies":"Shelled Parasite and Fungi","floor":22,"turns":8},{"damage":37,"enemies":"Slavers","floor":24,"turns":3}],"seed_played":"-2605766206379424207","potions_obtained":[{"floor":1.0,"key":"Regen Potion"},{"floor":3.0,"key":"Fire Potion"},{"floor":7.0,"key":"LiquidBronze"},{"floor":10.0,"key":"Ancient Potion"},{"floor":12.0,"key":"GhostInAJar"},{"floor":16.0,"key":"GamblersBrew"}],"is_trial":false,"path_per_floor":["M","?","?","M","M","R","E","R","T","M","$","E","R","M","R","B",null,"M","M","?","M","M","R","E"],"character_chosen":"THE_SILENT","items_purchased":["Accuracy"],"campfire_rested":2,"item_purchase_floors":[11],"current_hp_per_floor":[59,39,39,39,39,39,42,42,42,42,42,11,30,18,18,14,53,49,36,18,18,11,30,0],"gold":372,"neow_bonus":"THREE_ENEMY_KILL","is_prod":false,"is_daily":false,"chose_seed":false,"campfire_upgraded":3,"win_rate":0,"timestamp":1565854791,"path_taken":["M","?","?","?","M","R","E","R","T","M","$","E","R","M","R","BOSS","M","M","?","M","?","R","E"],"build_version":"2019-07-17","purchased_purges":1,"victory":false,"max_hp_per_floor":[66,66,66,66,66,66,66,66,66,66,66,66,66,66,66,66,66,66,66,66,66,66,66,66],"card_choices":[{"not_picked":["Cloak And Dagger","Choke"],"picked":"Dash","floor":1.0},{"not_picked":["Dash","Outmaneuver"],"picked":"Infinite Blades","floor":4.0},{"not_picked":["Backflip","Bane"],"picked":"Infinite Blades","floor":5.0},{"not_picked":["PiercingWail","Bane"],"picked":"Deadly Poison","floor":7.0},{"not_picked":["Outmaneuver","Acrobatics"],"picked":"Dodge and Roll","floor":10.0},{"not_picked":["Outmaneuver","Dagger Throw"],"picked":"Sucker Punch","floor":12.0},{"not_picked":["Backstab","Footwork"],"picked":"Leg Sweep","floor":14.0},{"not_picked":["Tools of the Trade","Venomology"],"picked":"Burst","floor":16.0},{"not_picked":["Riddle With Holes","Flying Knee"],"picked":"Deadly Poison","floor":18.0},{"not_picked":["Prepared","Setup"],"picked":"Dodge and Roll+1","floor":19.0},{"not_picked":["Deadly Poison","Reflex","Choke"],"picked":"SKIP","floor":21.0},{"not_picked":["Underhanded Strike","Deadly Poison","Dagger Throw"],"picked":"SKIP","floor":22}],"player_experience":1008056,"relics_obtained":[{"floor":7.0,"key":"Anchor"},{"floor":9.0,"key":"Whetstone"},{"floor":12.0,"key":"Ginger"}],"event_choices":[{"damage_healed":0.0,"max_hp_gain":0.0,"max_hp_loss":0.0,"gold_gain":0.0,"event_name":"Shining Light","player_choice":"Entered Light","floor":2.0,"gold_loss":0.0,"damage_taken":20.0,"cards_upgraded":["Strike_G","Defend_G"]},{"damage_healed":0.0,"max_hp_gain":0.0,"max_hp_loss":0.0,"gold_gain":0.0,"event_name":"Lab","player_choice":"Got Potions","floor":3.0,"gold_loss":0.0,"damage_taken":0.0},{"damage_healed":0.0,"max_hp_gain":0.0,"max_hp_loss":0.0,"gold_gain":90.0,"event_name":"Knowing Skull","player_choice":"POTION GOLD ","floor":20.0,"potions_obtained":["GhostInAJar"],"gold_loss":0.0,"damage_taken":18.0,"cards_obtained":[]}],"is_beta":false,"boss_relics":[{"not_picked":["Runic Dome","Lizard Tail"],"picked":"Pandora\u0027s Box"}],"items_purged_floors":[11],"is_endless":false,"potions_floor_spawned":[1,7,10,12,16],"killed_by":"Slavers","ascension_level":20}