{"gold_per_floor":[110,12,25,25,25,25,58,58,112,112,128,160,178,178],"floor_reached":14,"playtime":862,"items_purged":[],"score":196,"play_id":"Baalorlord-e2b4ae6e","local_time":"20190620145133","is_ascension_mode":true,"campfire_choices":[{"floor":6,"key":"REST"},{"data":"Streamline","floor":8,"key":"SMITH"},{"floor":10,"key":"REST"}],"neow_cost":"NONE","seed_source_timestamp":159520171697900,"circlet_count":0,"master_deck":["AscendersBane","Strike_B","Strike_B","Strike_B","Strike_B","Defend_B","Defend_B","Defend_B","Defend_B","Zap","Dualcast","Coolheaded","Streamline+1","Hello World","Cold Snap","Sweeping Beam","Go for the Eyes","Rip and Tear","Conserve Battery"],"relics":["Sozu","Shuriken","Singing Bowl","Tiny Chest","Centennial Puzzle"],"potions_floor_usage":[],"damage_taken":[{"damage":4,"enemies":"Small Slimes","floor":1,"turns":3},{"damage":0,"enemies":"Cultist","floor":3,"turns":4},{"damage":6,"enemies":"Lagavulin","floor":7,"turns":6},{"damage":9,"enemies":"Jaw Worm","floor":11,"turns":3},{"damage":28,"enemies":"Gremlin Nob","floor":12,"turns":4},{"damage":16,"enemies":"Exordium Thugs","floor":13,"turns":4},{"damage":11,"enemies":"3 Sentries","floor":14,"turns":4}],"seed_played":"5634939256764551125","potions_obtained":[],"is_trial":false,"path_per_floor":["M","$","M","?","?","R","E","R","T","R","M","E","M","E"],"character_chosen":"DEFECT","items_purchased":["Streamline","Hello World"],"campfire_rested":2,"item_purchase_floors":[2,2],"current_hp_per_floor":[60,60,60,25,25,46,40,40,40,61,52,24,8,0],"gold":178,"neow_bonus":"BOSS_RELIC","is_prod":false,"is_daily":false,"chose_seed":false,"campfire_upgraded":1,"win_rate":0,"timestamp":1561056693,"path_taken":["M","$","M","?","?","R","E","R","T","R","?","E","M","E"],"build_version":"2019-01-23","purchased_purges":0,"victory":false,"max_hp_per_floor":[71,71,71,71,71,71,71,71,71,71,71,71,71,71],"card_choices":[{"not_picked":["Stack","FTL"],"picked":"Coolheaded","floor":1},{"not_picked":["Capacitor","Steam Power"],"picked":"Cold Snap","floor":3},{"not_picked":["Stack","Beam Cell"],"picked":"Sweeping Beam","floor":7},{"not_picked":["Streamline","Steam"],"picked":"Go for the Eyes","floor":11},{"not_picked":["Turbo","Capacitor"],"picked":"Rip and Tear","floor":12},{"not_picked":["Sweeping Beam","Steam"],"picked":"Conserve Battery","floor":13}],"player_experience":2128578,"relics_obtained":[{"floor":7,"key":"Singing Bowl"},{"floor":9,"key":"Tiny Chest"},{"floor":12,"key":"Centennial Puzzle"}],"event_choices":[{"damage_healed":0,"gold_gain":0,"player_choice":"Success","damage_taken":35,"relics_obtained":["Shuriken"],"max_hp_gain":0,"max_hp_loss":0,"event_name":"Scrap Ooze","floor":4,"gold_loss":0},{"damage_healed":0,"gold_gain":0,"player_choice":"Ignored","damage_taken":0,"max_hp_gain":0,"max_hp_loss":0,"event_name":"WeMeetAgain","floor":5,"gold_loss":0}],"is_beta":false,"boss_relics":[],"items_purged_floors":[],"is_endless":false,"potions_floor_spawned":[1,7,13],"killed_by":"3 Sentries","ascension_level":20}