{"gold_per_floor":[117,117,136,136,136,136,179,179,179,215,28,42,60,91,91,212,212,225,27,52,52,75,75,113,133,133,96,96,96,96,132,132,132],"floor_reached":33,"playtime":1375,"items_purged":[],"score":406,"play_id":"3f2a3b26-b04b-47c6-908a-24f017989d52","local_time":"20190615152210","is_ascension_mode":true,"campfire_choices":[{"data":"Clothesline","floor":6,"key":"SMITH"},{"data":"Wild Strike","floor":8,"key":"SMITH"},{"data":"Seeing Red","floor":15,"key":"SMITH"},{"floor":23,"key":"REST"},{"data":"1","floor":28,"key":"LIFT"},{"data":"2","floor":32,"key":"LIFT"}],"neow_cost":"NONE","seed_source_timestamp":323812734122582,"circlet_count":0,"master_deck":["Strike_R","Strike_R","Strike_R","Strike_R","Defend_R","Defend_R","Defend_R","Defend_R","Bash","Finesse","Wild Strike+1","Clothesline+1","Impervious","Seeing Red+1","Spot Weakness","Hemokinesis+1","Twin Strike","Pommel Strike","Exhume","Twin Strike+1","Shockwave+1","Immolate","Rampage","Feel No Pain","Shrug It Off","True Grit"],"relics":["Burning Blood","Golden Idol","Bag of Preparation","Blood Vial","Singing Bowl","Incense Burner","Mark of Pain","Medical Kit","Juzu Bracelet","Girya","Bag of Marbles"],"potions_floor_usage":[10,14,18,20,20,22,24,33],"damage_taken":[{"damage":1,"enemies":"2 Louse","floor":1,"turns":4},{"damage":1,"enemies":"Small Slimes","floor":3,"turns":4},{"damage":18,"enemies":"Gremlin Nob","floor":7,"turns":4},{"damage":17,"enemies":"Lagavulin","floor":10,"turns":7},{"damage":0,"enemies":"Cultist","floor":12,"turns":2},{"damage":3,"enemies":"Gremlin Gang","floor":13,"turns":6},{"damage":11,"enemies":"Gremlin Nob","floor":14,"turns":4},{"damage":53,"enemies":"Slime Boss","floor":16,"turns":9},{"damage":8,"enemies":"2 Thieves","floor":18,"turns":4},{"damage":3,"enemies":"Chosen","floor":20,"turns":3},{"damage":27,"enemies":"3 Cultists","floor":22,"turns":5},{"damage":19,"enemies":"Gremlin Leader","floor":24,"turns":4},{"damage":22,"enemies":"Sentry and Sphere","floor":25,"turns":4},{"damage":20,"enemies":"Slavers","floor":31,"turns":5},{"damage":72,"enemies":"Automaton","floor":33,"turns":6}],"seed_played":"-2392693717304149599","potions_obtained":[{"floor":7,"key":"PowerPotion"},{"floor":10,"key":"Block Potion"},{"floor":13,"key":"EssenceOfSteel"},{"floor":18,"key":"EntropicBrew"},{"floor":24,"key":"EssenceOfSteel"}],"is_trial":false,"path_per_floor":["M","?","M","?","?","R","E","R","T","E","$","M","M","E","R","B",null,"M","$","M","$","M","R","E","M","T","$","R","?","?","E","R","B"],"character_chosen":"IRONCLAD","items_purchased":["Seeing Red","Spot Weakness","Hemokinesis","Medical Kit","Feel No Pain"],"campfire_rested":1,"item_purchase_floors":[11,11,11,19,27],"current_hp_per_floor":[77,82,85,64,64,64,52,52,52,45,45,53,60,57,57,12,70,70,70,75,75,58,85,74,60,60,60,60,60,60,48,48,0],"gold":132,"neow_bonus":"RANDOM_COLORLESS","is_prod":false,"is_daily":false,"chose_seed":false,"campfire_upgraded":3,"win_rate":0,"timestamp":1560630130,"path_taken":["M","?","M","?","?","R","E","R","T","E","$","M","M","E","R","BOSS","M","?","M","$","M","R","E","M","T","$","R","?","?","E","R","BOSS"],"build_version":"2019-01-23","purchased_purges":0,"victory":false,"max_hp_per_floor":[80,85,85,85,85,85,85,85,85,87,87,87,89,89,89,89,89,89,89,89,89,91,91,91,91,91,91,91,91,91,91,91,91],"card_choices":[{"not_picked":["Second Wind","Entrench"],"picked":"Wild Strike","floor":1},{"not_picked":["Headbutt","Iron Wave"],"picked":"Clothesline","floor":3},{"not_picked":["Iron Wave","Dual Wield"],"picked":"Impervious","floor":7},{"not_picked":["Flex","Heavy Blade","Body Slam"],"picked":"Singing Bowl","floor":10},{"not_picked":["Clash","Cleave"],"picked":"Twin Strike","floor":12},{"not_picked":["Wild Strike","Anger","Armaments"],"picked":"Singing Bowl","floor":13},{"not_picked":["Clash","Pummel"],"picked":"Pommel Strike","floor":14},{"not_picked":["Berserk","Fiend Fire"],"picked":"Exhume","floor":16},{"not_picked":["Havoc+1","Searing Blow"],"picked":"Twin Strike+1","floor":18},{"not_picked":["Whirlwind","Second Wind"],"picked":"Shockwave+1","floor":20},{"not_picked":["Spot Weakness","Wild Strike","Blood for Blood"],"picked":"Singing Bowl","floor":22},{"not_picked":["Reckless Charge","Anger"],"picked":"Immolate","floor":24},{"not_picked":["Twin Strike","Carnage"],"picked":"Rampage","floor":25},{"not_picked":["Entrench","Anger+1"],"picked":"True Grit","floor":31}],"player_experience":187638,"relics_obtained":[{"floor":7,"key":"Bag of Preparation"},{"floor":9,"key":"Blood Vial"},{"floor":10,"key":"Singing Bowl"},{"floor":14,"key":"Incense Burner"},{"floor":24,"key":"Juzu Bracelet"},{"floor":26,"key":"Girya"},{"floor":31,"key":"Bag of Marbles"}],"event_choices":[{"damage_healed":0,"gold_gain":0,"player_choice":"Donut","damage_taken":0,"max_hp_gain":5,"max_hp_loss":0,"event_name":"Big Fish","floor":2,"gold_loss":0},{"damage_healed":0,"gold_gain":0,"player_choice":"Take Damage","damage_taken":21,"relics_obtained":["Golden Idol"],"max_hp_gain":0,"max_hp_loss":0,"event_name":"Golden Idol","floor":4,"gold_loss":0},{"cards_removed":["Strike_R"],"damage_healed":0,"gold_gain":0,"player_choice":"Purged","damage_taken":0,"max_hp_gain":0,"max_hp_loss":0,"event_name":"Purifier","floor":5,"gold_loss":0},{"damage_healed":0,"gold_gain":0,"player_choice":"Read","damage_taken":0,"max_hp_gain":0,"max_hp_loss":0,"event_name":"The Library","floor":29,"gold_loss":0,"cards_obtained":["Shrug It Off"]},{"damage_healed":0,"gold_gain":0,"player_choice":"Upgraded","damage_taken":0,"max_hp_gain":0,"max_hp_loss":0,"event_name":"Upgrade Shrine","floor":30,"gold_loss":0,"cards_upgraded":["Hemokinesis"]}],"is_beta":false,"boss_relics":[{"not_picked":["Coffee Dripper","Philosopher\u0027s Stone"],"picked":"Mark of Pain"}],"items_purged_floors":[],"is_endless":false,"potions_floor_spawned":[7,10,13,18,24],"killed_by":"Automaton","ascension_level":7}