{"gold_per_floor":[118,393,407,60,79,104,104,121,121,121,221,232,232],"floor_reached":13,"playtime":751,"items_purged":[],"score":98,"play_id":"58881ec1-cff7-489c-82f1-ab7c394b953e","local_time":"20190808164621","is_ascension_mode":true,"campfire_choices":[{"data":"Bludgeon","floor":7,"key":"SMITH"},{"data":"Inflame","floor":10,"key":"SMITH"}],"neow_cost":"NONE","seed_source_timestamp":31316090742526,"circlet_count":0,"master_deck":["Strike_R","Strike_R","Strike_R","Strike_R","Strike_R","Defend_R","Defend_R","Defend_R","Defend_R","Bash","Disarm","Regret","Pommel Strike","Armaments","Inflame+1","Pommel Strike","Bludgeon+1","Sword Boomerang","Berserk"],"relics":["Burning Blood","Darkstone Periapt","Ancient Tea Set","Bottled Tornado"],"potions_floor_usage":[6,13],"damage_taken":[{"damage":7,"enemies":"Jaw Worm","floor":1,"turns":3},{"damage":6,"enemies":"Cultist","floor":3,"turns":4},{"damage":8,"enemies":"Small Slimes","floor":5,"turns":4},{"damage":70,"enemies":"Gremlin Nob","floor":6,"turns":6},{"damage":10,"enemies":"Gremlin Gang","floor":8,"turns":5},{"damage":8,"enemies":"Lots of Slimes","floor":12,"turns":4},{"damage":15,"enemies":"3 Sentries","floor":13,"turns":2}],"seed_played":"6381680131674948803","potions_obtained":[{"floor":1,"key":"Strength Potion"},{"floor":6,"key":"Ancient Potion"},{"floor":12,"key":"PowerPotion"}],"is_trial":false,"path_per_floor":["M","?","M","$","M","E","R","M","T","R","?","M","E"],"character_chosen":"IRONCLAD","items_purchased":["Darkstone Periapt","Armaments","Inflame"],"campfire_rested":0,"item_purchase_floors":[4,4,4],"current_hp_per_floor":[87,87,87,87,85,21,21,17,17,17,17,15,0],"gold":232,"neow_bonus":"TEN_PERCENT_HP_BONUS","is_prod":false,"is_daily":false,"chose_seed":false,"campfire_upgraded":2,"win_rate":0,"timestamp":1565300781,"path_taken":["M","?","M","$","M","E","R","?","T","R","?","M","E"],"build_version":"2019-07-17","purchased_purges":0,"victory":false,"max_hp_per_floor":[88,88,88,88,88,88,88,88,88,88,88,88,88],"card_choices":[{"not_picked":["Anger","Clash"],"picked":"Disarm","floor":1},{"not_picked":["Feel No Pain","Sword Boomerang"],"picked":"Pommel Strike","floor":3},{"not_picked":["Entrench","Warcry"],"picked":"Pommel Strike","floor":5},{"not_picked":["Shrug It Off","Clothesline"],"picked":"Bludgeon","floor":6},{"not_picked":["Evolve","Headbutt"],"picked":"Sword Boomerang","floor":8},{"not_picked":["Entrench","Pummel"],"picked":"Berserk","floor":12}],"player_experience":109866,"relics_obtained":[{"floor":6,"key":"Ancient Tea Set"},{"floor":9,"key":"Bottled Tornado"}],"event_choices":[{"damage_healed":0,"gold_gain":275,"player_choice":"Desecrate","damage_taken":0,"max_hp_gain":0,"max_hp_loss":0,"event_name":"Golden Shrine","floor":2,"gold_loss":0,"cards_obtained":["Regret"]},{"damage_healed":0,"gold_gain":100,"player_choice":"Gold","damage_taken":0,"max_hp_gain":0,"max_hp_loss":0,"event_name":"Wheel of Change","floor":11,"gold_loss":0}],"is_beta":false,"boss_relics":[],"items_purged_floors":[],"is_endless":false,"potions_floor_spawned":[1,6,12],"killed_by":"3 Sentries","ascension_level":3}