{"gold_per_floor":[118,138,149,122,122,122,147,167,167,167],"floor_reached":10,"playtime":1118,"items_purged":[],"score":105,"play_id":"d7aef3f5-80bb-45f3-9b3b-c350fe8e20c3","local_time":"20190801130243","is_ascension_mode":true,"campfire_choices":[{"data":"Neutralize","floor":6,"key":"SMITH"}],"neow_cost":"TEN_PERCENT_HP_LOSS","seed_source_timestamp":360407261193987,"circlet_count":0,"master_deck":["AscendersBane","Strike_G","Strike_G","Strike_G","Strike_G","Defend_G","Defend_G","Defend_G","Defend_G","Survivor","Neutralize+1","Accuracy","Leg Sweep","Underhanded Strike","Finisher","Deadly Poison","Dagger Spray","Footwork","Quick Slash"],"relics":["Ring of the Snake","Happy Flower","Molten Egg 2"],"potions_floor_usage":[7,10],"damage_taken":[{"damage":2,"enemies":"Cultist","floor":1,"turns":6},{"damage":1,"enemies":"Small Slimes","floor":2,"turns":4},{"damage":0,"enemies":"Jaw Worm","floor":3,"turns":2},{"damage":14,"enemies":"Exordium Thugs","floor":4,"turns":8},{"damage":40,"enemies":"3 Sentries","floor":7,"turns":13},{"damage":3,"enemies":"Looter","floor":8,"turns":4},{"damage":23,"enemies":"Gremlin Nob","floor":10,"turns":4}],"seed_played":"-4953326668536559126","potions_obtained":[{"floor":3,"key":"Regen Potion"},{"floor":7,"key":"Energy Potion"}],"is_trial":false,"path_per_floor":["M","M","M","M","?","R","E","M","T","E"],"character_chosen":"THE_SILENT","items_purchased":[],"campfire_rested":0,"item_purchase_floors":[],"current_hp_per_floor":[61,60,60,46,46,46,21,18,18,0],"gold":167,"neow_bonus":"TRANSFORM_TWO_CARDS","is_prod":false,"is_daily":false,"chose_seed":false,"campfire_upgraded":1,"win_rate":0,"timestamp":1564689763,"path_taken":["M","M","?","M","?","R","E","M","T","E"],"build_version":"2019-07-17","purchased_purges":0,"victory":false,"max_hp_per_floor":[63,63,63,63,63,63,63,63,63,63],"card_choices":[{"not_picked":["Setup","Dodge and Roll"],"picked":"Underhanded Strike","floor":1},{"not_picked":["Expertise","Bane"],"picked":"Finisher","floor":2},{"not_picked":["Prepared","Bane"],"picked":"Deadly Poison","floor":3},{"not_picked":["Calculated Gamble","Tactician"],"picked":"Dagger Spray","floor":4},{"not_picked":["Dagger Spray","Distraction"],"picked":"Footwork","floor":7},{"not_picked":["Escape Plan","Leg Sweep"],"picked":"Quick Slash","floor":8}],"player_experience":447319,"relics_obtained":[{"floor":7,"key":"Happy Flower"},{"floor":9,"key":"Molten Egg 2"}],"event_choices":[{"damage_healed":0,"gold_gain":0,"player_choice":"Ignored","damage_taken":0,"max_hp_gain":0,"max_hp_loss":0,"event_name":"Liars Game","floor":5,"gold_loss":0}],"is_beta":false,"boss_relics":[],"items_purged_floors":[],"is_endless":false,"potions_floor_spawned":[3,7],"killed_by":"Gremlin Nob","ascension_level":10}