{"gold_per_floor":[367,292,305,325,275,306,318,318,341,341,341,172,172,172,172,172],"floor_reached":16,"playtime":469,"items_purged":["Strike_G","Underhanded Strike"],"score":108,"play_id":"19c77549-32b8-4b0f-b380-cbaa41c1c640","local_time":"20190112100427","is_ascension_mode":true,"campfire_choices":[{"floor":8,"key":"REST"},{"data":"Doppelganger","floor":10,"key":"SMITH"},{"floor":15,"key":"REST"}],"neow_cost":"TEN_PERCENT_HP_LOSS","seed_source_timestamp":317716392131354,"circlet_count":0,"master_deck":["Defend_G","Defend_G","Defend_G","Defend_G","Strike_G","Strike_G","Strike_G","Strike_G","Survivor","Neutralize","Deadly Poison","Outmaneuver","Doppelganger+1","Footwork","Adrenaline","Footwork"],"relics":["Ring of the Snake","Omamori","Dream Catcher","Snake Skull"],"potions_floor_usage":[6,6],"damage_taken":[{"damage":4,"enemies":"2 Louse","floor":1,"turns":2},{"damage":0,"enemies":"Small Slimes","floor":3,"turns":3},{"damage":0,"enemies":"Cultist","floor":4,"turns":3},{"damage":16,"enemies":"Gremlin Nob","floor":6,"turns":5},{"damage":17,"enemies":"Lots of Slimes","floor":7,"turns":6},{"damage":47,"enemies":"Slime Boss","floor":16,"turns":10}],"seed_played":"3499112772671077758","potions_obtained":[{"floor":3,"key":"Block Potion"},{"floor":4,"key":"EssenceOfSteel"}],"is_trial":false,"path_per_floor":["M","$","M","M","?","E","M","R","T","R","?","$","?","T","R","B"],"character_chosen":"THE_SILENT","items_purchased":["Footwork"],"campfire_rested":2,"item_purchase_floors":[12],"current_hp_per_floor":[59,59,59,59,59,43,26,44,44,44,26,26,26,26,44,0],"gold":172,"neow_bonus":"TWO_FIFTY_GOLD","is_prod":false,"is_daily":false,"chose_seed":false,"campfire_upgraded":1,"win_rate":0,"timestamp":1547305467,"path_taken":["M","$","M","M","?","E","M","R","T","R","?","$","?","?","R","BOSS"],"build_version":"2019-01-10","purchased_purges":2,"victory":false,"max_hp_per_floor":[63,63,63,63,63,63,63,63,63,63,63,63,63,63,63,63],"card_choices":[{"not_picked":["Slice","PiercingWail"],"picked":"Deadly Poison","floor":1},{"not_picked":["Slice","Riddle With Holes"],"picked":"Terror","floor":3},{"not_picked":["Well Laid Plans","Setup"],"picked":"Outmaneuver","floor":4},{"not_picked":["Endless Agony","Masterful Stab"],"picked":"Doppelganger","floor":6},{"not_picked":["Bouncing Flask","Cloak And Dagger"],"picked":"Underhanded Strike","floor":7},{"not_picked":["Cloak And Dagger","Dagger Spray"],"picked":"Footwork","floor":15}],"player_experience":255717,"relics_obtained":[{"floor":6,"key":"Omamori"},{"floor":9,"key":"Dream Catcher"}],"event_choices":[{"cards_removed":["Defend_G"],"damage_healed":0,"gold_gain":0,"player_choice":"Card Removal","damage_taken":0,"max_hp_gain":0,"max_hp_loss":0,"event_name":"The Cleric","floor":5,"gold_loss":50},{"damage_healed":0,"gold_gain":0,"player_choice":"Success","damage_taken":18,"relics_obtained":["Snake Skull"],"max_hp_gain":0,"max_hp_loss":0,"event_name":"Scrap Ooze","floor":11,"gold_loss":0},{"damage_healed":0,"gold_gain":0,"cards_transformed":["Terror"],"player_choice":"Change","damage_taken":0,"max_hp_gain":0,"max_hp_loss":0,"event_name":"Living Wall","floor":13,"gold_loss":0,"cards_obtained":["Adrenaline"]}],"is_beta":false,"boss_relics":[],"items_purged_floors":[2,12],"is_endless":false,"potions_floor_spawned":[3,4],"killed_by":"Slime Boss","ascension_level":2}