{"gold_per_floor":[109,129,129,147,33,33,33,33,33,47,47,66,66,92,92,92],"floor_reached":16,"playtime":711,"items_purged":["Strike_G"],"score":105,"play_id":"391a9db5-c539-4b8d-819f-ef61f0434c11","local_time":"20190104233421","is_ascension_mode":true,"campfire_choices":[{"data":"Infinite Blades","floor":6,"key":"SMITH"},{"data":"Prepared","floor":11,"key":"SMITH"},{"data":"Survivor","floor":13,"key":"SMITH"},{"data":"Prepared","floor":15,"key":"SMITH"}],"neow_cost":"TEN_PERCENT_HP_LOSS","seed_source_timestamp":1172868880596372,"circlet_count":0,"master_deck":["Defend_G","Defend_G","Defend_G","Defend_G","Strike_G","Strike_G","Strike_G","Strike_G","Survivor+1","Neutralize","Blade Dance+1","Deflect","Acrobatics","Infinite Blades+1","Regret","Prepared+1","PiercingWail","Prepared+1"],"relics":["Ring of the Snake","Torii","Calipers","The Courier","Peace Pipe"],"potions_floor_usage":[16],"damage_taken":[{"damage":1,"enemies":"Cultist","floor":1,"turns":4},{"damage":0,"enemies":"2 Louse","floor":2,"turns":2},{"damage":0,"enemies":"Small Slimes","floor":4,"turns":3},{"damage":0,"enemies":"Exordium Wildlife","floor":10,"turns":4},{"damage":3,"enemies":"Looter","floor":12,"turns":3},{"damage":11,"enemies":"3 Sentries","floor":14,"turns":10},{"damage":53,"enemies":"Slime Boss","floor":16,"turns":12}],"seed_played":"-4351241129878884288","potions_obtained":[{"floor":2,"key":"Block Potion"}],"is_trial":false,"path_per_floor":["M","M","?","M","$","R","?","?","T","M","R","M","R","E","R","B"],"character_chosen":"THE_SILENT","items_purchased":["Infinite Blades"],"campfire_rested":0,"item_purchase_floors":[5],"current_hp_per_floor":[62,62,62,62,62,62,62,62,62,62,62,59,59,48,48,0],"gold":92,"neow_bonus":"ONE_RARE_RELIC","is_prod":false,"is_daily":false,"chose_seed":false,"campfire_upgraded":4,"win_rate":0,"timestamp":1546662861,"path_taken":["M","M","?","?","$","R","?","?","T","M","R","M","R","E","R","BOSS"],"build_version":"2019-01-03v4","purchased_purges":1,"victory":false,"max_hp_per_floor":[63,63,63,63,63,63,63,63,63,63,63,63,63,63,63,63],"card_choices":[{"not_picked":["Cloak And Dagger","Flying Knee"],"picked":"Blade Dance","floor":1},{"not_picked":["Dash","Prepared"],"picked":"Deflect","floor":2},{"not_picked":["Underhanded Strike","Prepared"],"picked":"Acrobatics","floor":4},{"not_picked":["Deadly Poison","Underhanded Strike"],"picked":"Prepared","floor":10},{"not_picked":["Bane","Expertise"],"picked":"PiercingWail","floor":12},{"not_picked":["Sucker Punch","Concentrate"],"picked":"Prepared","floor":14}],"player_experience":216578,"relics_obtained":[{"floor":9,"key":"The Courier"},{"floor":14,"key":"Peace Pipe"}],"event_choices":[{"damage_healed":0,"gold_gain":0,"player_choice":"Upgraded","damage_taken":0,"max_hp_gain":0,"max_hp_loss":0,"event_name":"Upgrade Shrine","floor":3,"gold_loss":0,"cards_upgraded":["Blade Dance"]},{"damage_healed":0,"gold_gain":0,"player_choice":"Box","damage_taken":0,"relics_obtained":["Calipers"],"max_hp_gain":0,"max_hp_loss":0,"event_name":"Big Fish","floor":7,"gold_loss":0,"cards_obtained":["Regret"]},{"cards_removed":["Defend_G"],"damage_healed":0,"gold_gain":0,"player_choice":"Forget","damage_taken":0,"max_hp_gain":0,"max_hp_loss":0,"event_name":"Living Wall","floor":8,"gold_loss":0}],"is_beta":false,"boss_relics":[],"items_purged_floors":[5],"is_endless":false,"potions_floor_spawned":[2],"killed_by":"Slime Boss","ascension_level":1}