{"gold_per_floor":[114,128,30,41,57,91,91,91,117,151,77,90,90],"floor_reached":13,"playtime":397,"items_purged":["Strike_B"],"score":162,"play_id":"7729f0b1-d9e6-40ed-9f65-7f8fbddcb1a6","local_time":"20190704222920","is_ascension_mode":true,"campfire_choices":[{"floor":7,"key":"REST"}],"neow_cost":"NONE","seed_source_timestamp":1217496993334691,"circlet_count":0,"master_deck":["AscendersBane","Strike_B","Strike_B","Strike_B","Defend_B","Defend_B","Defend_B","Defend_B","Zap","Dualcast","Leap","Sweeping Beam","Compile Driver","Steam","Cold Snap","Genetic Algorithm","Conserve Battery","Capacitor","White Noise"],"relics":["Cracked Core","Happy Flower","Bronze Scales","Smiling Mask"],"potions_floor_usage":[5,6,10,13],"damage_taken":[{"damage":0,"enemies":"Cultist","floor":1,"turns":3},{"damage":0,"enemies":"Small Slimes","floor":2,"turns":2},{"damage":0,"enemies":"Jaw Worm","floor":4,"turns":3},{"damage":21,"enemies":"Exordium Thugs","floor":5,"turns":3},{"damage":21,"enemies":"Gremlin Nob","floor":6,"turns":4},{"damage":13,"enemies":"3 Sentries","floor":10,"turns":4},{"damage":8,"enemies":"Large Slime","floor":12,"turns":7},{"damage":40,"enemies":"Gremlin Nob","floor":13,"turns":4}],"seed_played":"-8793140592465449963","potions_obtained":[{"floor":1,"key":"Explosive Potion"},{"floor":5,"key":"FearPotion"},{"floor":6,"key":"Explosive Potion"},{"floor":12,"key":"GamblersBrew"}],"is_trial":false,"path_per_floor":["M","M","$","M","M","E","R","?","T","E","$","M","E"],"character_chosen":"DEFECT","items_purchased":["Steam","Capacitor"],"campfire_rested":1,"item_purchase_floors":[3,11],"current_hp_per_floor":[64,64,64,64,43,22,43,43,43,30,30,22,0],"gold":90,"neow_bonus":"THREE_CARDS","is_prod":false,"is_daily":false,"chose_seed":false,"campfire_upgraded":0,"win_rate":0,"timestamp":1562297360,"path_taken":["M","M","$","?","M","E","R","?","T","E","?","?","E"],"build_version":"2019-07-01","purchased_purges":1,"victory":false,"max_hp_per_floor":[71,71,71,71,71,71,71,71,71,71,71,71,71],"card_choices":[{"not_picked":["Go for the Eyes","Compile Driver"],"picked":"Leap","floor":0},{"not_picked":["Chill","Hologram"],"picked":"Sweeping Beam","floor":1},{"not_picked":["Redo","Steam"],"picked":"Compile Driver","floor":2},{"not_picked":["Redo","Capacitor"],"picked":"Cold Snap","floor":4},{"not_picked":["Stack","Steam","Hologram"],"picked":"SKIP","floor":5},{"not_picked":["Buffer","Meteor Strike"],"picked":"Genetic Algorithm","floor":6},{"not_picked":["Fusion","Reinforced Body"],"picked":"Conserve Battery","floor":10},{"not_picked":["Scrape","Double Energy"],"picked":"White Noise","floor":12}],"player_experience":339663,"relics_obtained":[{"floor":6,"key":"Happy Flower"},{"floor":9,"key":"Bronze Scales"},{"floor":10,"key":"Smiling Mask"}],"event_choices":[{"damage_healed":0,"gold_gain":0,"player_choice":"Ignored","damage_taken":0,"max_hp_gain":0,"max_hp_loss":0,"event_name":"Liars Game","floor":8,"gold_loss":0}],"is_beta":false,"boss_relics":[],"items_purged_floors":[3],"is_endless":false,"potions_floor_spawned":[1,5,6,12],"killed_by":"Gremlin Nob","ascension_level":14}