{"gold_per_floor":[113,129,145,162,181,181,192,227,309,309,484,484,510,510],"floor_reached":14,"playtime":423,"items_purged":[],"score":112,"play_id":"3de66e24-07ee-4a6c-9c01-a213d2b7e778","local_time":"20190109164736","is_ascension_mode":true,"campfire_choices":[{"floor":6,"key":"REST"},{"floor":10,"key":"REST"}],"neow_cost":"CURSE","seed_source_timestamp":82748391292065,"circlet_count":0,"master_deck":["Strike_R","Strike_R","Strike_R","Strike_R","Strike_R","Defend_R","Defend_R","Defend_R","Bash","Pain","Flex","Armaments","Spot Weakness","Shrug It Off","Armaments","Perfected Strike","Rupture","Doubt","Shrug It Off"],"relics":["Burning Blood","Du-Vu Doll","Darkstone Periapt","Bottled Lightning","Gambling Chip"],"potions_floor_usage":[4,14],"damage_taken":[{"damage":10,"enemies":"2 Louse","floor":1,"turns":3},{"damage":5,"enemies":"Jaw Worm","floor":2,"turns":3},{"damage":10,"enemies":"Cultist","floor":3,"turns":3},{"damage":30,"enemies":"2 Fungi Beasts","floor":4,"turns":4},{"damage":21,"enemies":"Exordium Wildlife","floor":5,"turns":5},{"damage":15,"enemies":"3 Louse","floor":7,"turns":4},{"damage":33,"enemies":"Gremlin Nob","floor":8,"turns":5},{"damage":48,"enemies":"Lagavulin","floor":13,"turns":6},{"damage":15,"enemies":"Gremlin Gang","floor":14,"turns":3}],"seed_played":"508433454815950094","potions_obtained":[{"floor":2,"key":"Ancient Potion"},{"floor":3,"key":"PowerPotion"},{"floor":4,"key":"Fruit Juice"},{"floor":5,"key":"SpeedPotion"}],"is_trial":false,"path_per_floor":["M","M","M","M","M","R","M","E","T","R","?","?","E","M"],"character_chosen":"IRONCLAD","items_purchased":[],"campfire_rested":2,"item_purchase_floors":[],"current_hp_per_floor":[76,77,73,54,39,64,55,28,28,53,59,59,17,2],"gold":510,"neow_bonus":"ONE_RARE_RELIC","is_prod":false,"is_daily":false,"chose_seed":false,"campfire_upgraded":0,"win_rate":0,"timestamp":1547070456,"path_taken":["M","M","M","M","M","R","M","E","T","R","?","?","E","M"],"build_version":"2019-01-03v4","purchased_purges":0,"victory":false,"max_hp_per_floor":[80,80,80,85,85,85,85,85,85,85,91,91,91,91],"card_choices":[{"not_picked":["Searing Blow","Battle Trance"],"picked":"Flex","floor":1},{"not_picked":["Disarm","Dual Wield"],"picked":"Armaments","floor":2},{"not_picked":["Twin Strike","Headbutt"],"picked":"Spot Weakness","floor":3},{"not_picked":["Thunderclap","Pommel Strike"],"picked":"Shrug It Off","floor":4},{"not_picked":["Fiend Fire","Iron Wave"],"picked":"Armaments","floor":5},{"not_picked":["Shockwave","Clothesline"],"picked":"Perfected Strike","floor":7},{"not_picked":["Twin Strike","Body Slam"],"picked":"Rupture","floor":8},{"not_picked":["Fire Breathing","Havoc"],"picked":"Shrug It Off","floor":13}],"player_experience":248199,"relics_obtained":[{"floor":8,"key":"Darkstone Periapt"},{"floor":9,"key":"Bottled Lightning"},{"floor":13,"key":"Gambling Chip"}],"event_choices":[{"damage_healed":0,"gold_gain":175,"player_choice":"AGREE","damage_taken":0,"max_hp_gain":0,"max_hp_loss":0,"event_name":"Liars Game","floor":11,"gold_loss":0,"cards_obtained":["Doubt"]},{"cards_removed":["Defend_R"],"damage_healed":0,"gold_gain":0,"player_choice":"Forget","damage_taken":0,"max_hp_gain":0,"max_hp_loss":0,"event_name":"Living Wall","floor":12,"gold_loss":0}],"is_beta":false,"boss_relics":[],"items_purged_floors":[],"is_endless":false,"potions_floor_spawned":[2,3,4,5],"killed_by":"Gremlin Gang","ascension_level":2}