{"gold_per_floor":[11,29,44,44,60,60,72,91,91,119,132,132],"floor_reached":12,"playtime":418,"items_purged":[],"score":151,"play_id":"89295e2b-b103-49ee-acf1-b38c4010448b","local_time":"20190715222911","is_ascension_mode":true,"campfire_choices":[{"data":"Rampage","floor":6,"key":"SMITH"}],"neow_cost":"NO_GOLD","seed_source_timestamp":515590001267634,"circlet_count":0,"master_deck":["AscendersBane","Strike_R","Strike_R","Strike_R","Strike_R","Strike_R","Defend_R","Defend_R","Defend_R","Defend_R","Bash","Pommel Strike","Shrug It Off","Rampage+1","Clothesline","Impervious","Body Slam","Cleave"],"relics":["Burning Blood","Bottled Lightning","StoneCalendar"],"potions_floor_usage":[7,10,11],"damage_taken":[{"damage":7,"enemies":"Small Slimes","floor":1,"turns":4},{"damage":1,"enemies":"Cultist","floor":2,"turns":3},{"damage":0,"enemies":"2 Louse","floor":3,"turns":2},{"damage":7,"enemies":"2 Fungi Beasts","floor":5,"turns":5},{"damage":10,"enemies":"Exordium Wildlife","floor":7,"turns":4},{"damage":10,"enemies":"Blue Slaver","floor":8,"turns":4},{"damage":35,"enemies":"Gremlin Nob","floor":10,"turns":5},{"damage":26,"enemies":"Lots of Slimes","floor":11,"turns":4},{"damage":40,"enemies":"Lagavulin","floor":12,"turns":6}],"seed_played":"2358343762819429019","potions_obtained":[{"floor":3,"key":"SkillPotion"},{"floor":7,"key":"Regen Potion"},{"floor":10,"key":"SkillPotion"}],"is_trial":false,"path_per_floor":["M","M","M","?","M","R","M","M","T","E","M","E"],"character_chosen":"IRONCLAD","items_purchased":[],"campfire_rested":0,"item_purchase_floors":[],"current_hp_per_floor":[81,86,89,76,75,75,71,67,67,52,32,0],"gold":132,"neow_bonus":"TWENTY_PERCENT_HP_BONUS","is_prod":false,"is_daily":false,"chose_seed":false,"campfire_upgraded":1,"win_rate":0,"timestamp":1563247751,"path_taken":["M","M","M","?","M","R","M","?","T","E","?","E"],"build_version":"2019-07-05","purchased_purges":0,"victory":false,"max_hp_per_floor":[89,89,89,89,89,89,89,89,89,89,89,89],"card_choices":[{"not_picked":["Reckless Charge","Sword Boomerang"],"picked":"Pommel Strike","floor":1},{"not_picked":["Warcry","True Grit"],"picked":"Shrug It Off","floor":2},{"not_picked":["Pommel Strike","Havoc","Dual Wield"],"picked":"SKIP","floor":3},{"not_picked":["Sword Boomerang","Sever Soul"],"picked":"Rampage","floor":5},{"not_picked":["Iron Wave","Clash"],"picked":"Clothesline","floor":7},{"not_picked":["Heavy Blade","Evolve"],"picked":"Impervious","floor":8},{"not_picked":["Perfected Strike","Warcry"],"picked":"Body Slam","floor":10},{"not_picked":["Perfected Strike","Twin Strike"],"picked":"Cleave","floor":11}],"player_experience":377082,"relics_obtained":[{"floor":9,"key":"Bottled Lightning"},{"floor":10,"key":"StoneCalendar"}],"event_choices":[{"damage_healed":0,"gold_gain":0,"player_choice":"Damaged","damage_taken":13,"max_hp_gain":0,"max_hp_loss":0,"event_name":"Wheel of Change","floor":4,"gold_loss":0}],"is_beta":false,"boss_relics":[],"items_purged_floors":[],"is_endless":false,"potions_floor_spawned":[3,7,10],"killed_by":"Lagavulin","ascension_level":16}