{"gold_per_floor":[109,34,34,46,66,66,141,156,181,193,205,167,179,207,219,336,648,671,598,506,506,526,526,526,546,619,619,652,663,588,229,229,326,326,345,270,270,289,308,327,327,327,327,339,363,363,363,389,389,389],"floor_reached":50,"playtime":2130,"items_purged":["Strike_B","Defend_B","Injury","Defend_B"],"score":576,"play_id":"4846424d-71ab-419c-bd72-876f2fd66d50","local_time":"20190725163937","is_ascension_mode":true,"campfire_choices":[{"data":"Zap","floor":6,"key":"SMITH"},{"data":"Dualcast","floor":10,"key":"SMITH"},{"data":"Go for the Eyes","floor":15,"key":"SMITH"},{"floor":23,"key":"REST"},{"floor":27,"key":"REST"},{"floor":32,"key":"REST"},{"data":"Redo","floor":41,"key":"SMITH"},{"data":"Machine Learning","floor":49,"key":"SMITH"}],"neow_cost":"NONE","seed_source_timestamp":152836750547620,"circlet_count":0,"master_deck":["Strike_B","Defend_B","Defend_B","Zap+1","Dualcast+1","Turbo","Auto Shields","Go for the Eyes+1","Gash","Gash","All For One","Parasite","Redo+1","Beam Cell","Leap+1","Sunder+1","Chill","Hologram","Sunder","Beam Cell+1","Secret Weapon+1","Machine Learning+1","Beam Cell"],"relics":["Cracked Core","PreservedInsect","Matryoshka","MawBank","Boot","Regal Pillow","Meat on the Bone","Calling Bell","Smiling Mask","Sundial","Old Coin","Dream Catcher","Pantograph","Bag of Preparation","Pen Nib","Coffee Dripper","Anchor","Omamori","Toxic Egg 2"],"potions_floor_usage":[16,33,50],"damage_taken":[{"damage":3,"enemies":"Small Slimes","floor":1,"turns":3},{"damage":0,"enemies":"Jaw Worm","floor":4,"turns":4},{"damage":1,"enemies":"Cultist","floor":5,"turns":4},{"damage":0,"enemies":"3 Louse","floor":8,"turns":3},{"damage":1,"enemies":"Looter","floor":14,"turns":3},{"damage":24,"enemies":"The Guardian","floor":16,"turns":12},{"damage":36,"enemies":"Spheric Guardian","floor":18,"turns":6},{"damage":7,"enemies":"Chosen","floor":22,"turns":3},{"damage":60,"enemies":"Snecko","floor":25,"turns":6},{"damage":21,"enemies":"Gremlin Leader","floor":28,"turns":5},{"damage":6,"enemies":"3 Cultists","floor":29,"turns":4},{"damage":65,"enemies":"Automaton","floor":33,"turns":10},{"damage":4,"enemies":"3 Shapes","floor":35,"turns":3},{"damage":6,"enemies":"Orb Walker","floor":38,"turns":2},{"damage":8,"enemies":"Jaw Worm Horde","floor":39,"turns":2},{"damage":23,"enemies":"Sphere and 2 Shapes","floor":40,"turns":4},{"damage":10,"enemies":"Writhing Mass","floor":44,"turns":4},{"damage":18,"enemies":"Giant Head","floor":48,"turns":6},{"damage":74,"enemies":"Time Eater","floor":50,"turns":5}],"seed_played":"3230836815785292309","potions_obtained":[{"floor":4,"key":"LiquidBronze"},{"floor":5,"key":"SmokeBomb"},{"floor":14,"key":"FearPotion"},{"floor":25,"key":"EssenceOfSteel"},{"floor":33,"key":"FearPotion"}],"is_trial":false,"path_per_floor":["M","$","?","M","M","R","T","M","T","R","?","?","T","M","R","B",null,"M","?","$","?","M","R","?","M","T","R","E","M","?","$","R","B",null,"M","$","?","M","M","M","R","?","T","M","T","?","?","E","R","B"],"character_chosen":"DEFECT","items_purchased":["Beam Cell","Secret Weapon","Pen Nib","Beam Cell"],"campfire_rested":3,"item_purchase_floors":[20,31,31,36],"current_hp_per_floor":[72,72,77,77,76,76,76,76,76,76,76,76,76,75,75,51,80,44,44,44,44,49,80,80,32,32,71,50,44,44,44,80,27,80,76,76,76,70,62,51,51,51,51,41,41,61,61,43,43,0],"gold":389,"neow_bonus":"RANDOM_COMMON_RELIC","is_prod":false,"is_daily":false,"chose_seed":false,"campfire_upgraded":5,"win_rate":0,"timestamp":1564097977,"path_taken":["M","$","?","M","M","R","?","?","T","R","?","?","?","?","R","BOSS","M","?","$","?","M","R","?","?","T","R","E","M","?","$","R","BOSS","M","$","?","M","?","M","R","?","T","M","?","?","?","E","R","BOSS"],"build_version":"2019-07-17","purchased_purges":4,"victory":false,"max_hp_per_floor":[75,75,80,80,80,80,80,80,80,80,80,80,80,80,80,80,80,80,80,80,80,80,80,80,80,80,80,80,80,80,80,80,80,80,80,80,80,80,80,80,80,80,80,80,80,80,80,80,80,80],"card_choices":[{"not_picked":["White Noise","Conserve Battery"],"picked":"Turbo","floor":1},{"not_picked":["Conserve Battery","Chaos"],"picked":"Auto Shields","floor":4},{"not_picked":["Loop","Turbo"],"picked":"Go for the Eyes","floor":5},{"not_picked":["Leap","Hologram"],"picked":"Gash","floor":8},{"not_picked":["Sweeping Beam","BootSequence"],"picked":"Gash","floor":14},{"not_picked":["Multi-Cast","Fission"],"picked":"All For One","floor":16},{"not_picked":["Stack","Loop"],"picked":"Redo","floor":18},{"not_picked":["Turbo","Electrodynamics"],"picked":"Leap+1","floor":22},{"not_picked":["Conserve Battery","Leap"],"picked":"Sunder+1","floor":23},{"not_picked":["Turbo+1","Leap"],"picked":"Hologram","floor":25},{"not_picked":["Leap","Lockon"],"picked":"Sunder","floor":27},{"not_picked":["Hyperbeam","Go for the Eyes+1"],"picked":"Beam Cell+1","floor":28},{"not_picked":["Barrage","Stack","Double Energy"],"picked":"SKIP","floor":29},{"not_picked":["Fusion","Thunder Strike"],"picked":"Turbo","floor":32},{"not_picked":["Fission","Biased Cognition"],"picked":"Machine Learning","floor":33},{"not_picked":["Leap+1","Hello World+1","Ball Lightning+1"],"picked":"SKIP","floor":35},{"not_picked":["Coolheaded+1","Sunder+1","Barrage"],"picked":"SKIP","floor":38},{"not_picked":["Compile Driver","Force Field+1","Rebound"],"picked":"SKIP","floor":39},{"not_picked":["Stack","Conserve Battery","Ball Lightning+1"],"picked":"SKIP","floor":40},{"not_picked":["Redo","Genetic Algorithm","Chill"],"picked":"SKIP","floor":44},{"not_picked":["Sweeping Beam","Undo+1","Aggregate"],"picked":"SKIP","floor":48}],"player_experience":214064,"relics_obtained":[{"floor":7,"key":"Matryoshka"},{"floor":9,"key":"MawBank"},{"floor":9,"key":"Boot"},{"floor":13,"key":"Regal Pillow"},{"floor":13,"key":"Meat on the Bone"},{"floor":17,"key":"Smiling Mask"},{"floor":17,"key":"Sundial"},{"floor":17,"key":"Old Coin"},{"floor":26,"key":"Pantograph"},{"floor":28,"key":"Bag of Preparation"},{"floor":43,"key":"Anchor"},{"floor":45,"key":"Omamori"},{"floor":48,"key":"Toxic Egg 2"}],"event_choices":[{"damage_healed":0,"gold_gain":0,"player_choice":"Donut","damage_taken":0,"max_hp_gain":5,"max_hp_loss":0,"event_name":"Big Fish","floor":3,"gold_loss":0},{"cards_removed":["Strike_B"],"damage_healed":0,"gold_gain":0,"player_choice":"Forget","damage_taken":0,"max_hp_gain":0,"max_hp_loss":0,"event_name":"Living Wall","floor":11,"gold_loss":0},{"cards_removed":["Strike_B"],"damage_healed":0,"gold_gain":0,"player_choice":"Card Removal","damage_taken":0,"max_hp_gain":0,"max_hp_loss":0,"event_name":"The Cleric","floor":12,"gold_loss":50},{"damage_healed":0,"gold_gain":0,"player_choice":"Obtained Relic","damage_taken":0,"relics_obtained":["Dream Catcher"],"max_hp_gain":0,"max_hp_loss":0,"event_name":"Addict","floor":19,"gold_loss":85},{"damage_healed":0,"gold_gain":0,"player_choice":"Ignored","damage_taken":0,"max_hp_gain":0,"max_hp_loss":0,"event_name":"Ghosts","floor":21,"gold_loss":0},{"damage_healed":0,"gold_gain":0,"player_choice":"1 cards matched","damage_taken":0,"max_hp_gain":0,"max_hp_loss":0,"event_name":"Match and Keep!","floor":24,"gold_loss":0,"cards_obtained":["Chill"]},{"cards_removed":["Pain"],"damage_healed":0,"gold_gain":0,"player_choice":"Gave Gold","damage_taken":0,"max_hp_gain":0,"max_hp_loss":0,"event_name":"Beggar","floor":30,"gold_loss":75},{"damage_healed":0,"gold_gain":0,"player_choice":"Forge","damage_taken":0,"max_hp_gain":0,"max_hp_loss":0,"event_name":"Accursed Blacksmith","floor":37,"gold_loss":0,"cards_upgraded":["Secret Weapon"]},{"cards_removed":["Turbo"],"damage_healed":0,"gold_gain":0,"player_choice":"Removed Skill","damage_taken":0,"max_hp_gain":0,"max_hp_loss":0,"event_name":"Falling","floor":42,"gold_loss":0},{"damage_healed":20,"gold_gain":0,"player_choice":"Writhe","damage_taken":0,"max_hp_gain":0,"max_hp_loss":0,"event_name":"Winding Halls","floor":46,"gold_loss":0,"cards_obtained":["Writhe"]},{"damage_healed":0,"gold_gain":0,"player_choice":"Ignored","damage_taken":0,"max_hp_gain":0,"max_hp_loss":0,"event_name":"Tomb of Lord Red Mask","floor":47,"gold_loss":0}],"is_beta":false,"boss_relics":[{"not_picked":["Ectoplasm","Lizard Tail"],"picked":"Calling Bell"},{"not_picked":["Velvet Choker","Runic Dome"],"picked":"Coffee Dripper"}],"items_purged_floors":[2,20,31,36],"is_endless":false,"potions_floor_spawned":[4,5,14,25,28,33,35],"killed_by":"Time Eater","ascension_level":2}