{"gold_per_floor":[112,112,37,2,17,44,44,44,44,76,88,98,98,117,117,217,217,237,68,88,88,88,148,148,167,167,185,195,228,228,228,228,323,323,333,349,28,28,128,128,156,156,203,7,7,53,53,79,91,103],"floor_reached":50,"playtime":1637,"items_purged":["Defend_R","Pain"],"score":622,"play_id":"2ececac7-a242-41ab-a419-cec48fa3e2f1","local_time":"20190106231156","is_ascension_mode":true,"campfire_choices":[{"data":"Perfected Strike","floor":7,"key":"SMITH"},{"data":"Bloodletting","floor":15,"key":"SMITH"},{"data":"Brutality","floor":24,"key":"SMITH"},{"floor":30,"key":"REST"},{"floor":32,"key":"REST"},{"floor":40,"key":"REST"},{"floor":42,"key":"REST"},{"floor":47,"key":"REST"},{"data":"Finesse","floor":49,"key":"SMITH"}],"neow_cost":"NONE","seed_source_timestamp":1343398021517658,"circlet_count":0,"master_deck":["Strike_R","Strike_R","Strike_R+1","Strike_R+1","Strike_R","Defend_R","Bash","Perfected Strike+1","Pommel Strike","Bloodletting+1","Combust","Wild Strike","Pommel Strike","Brutality+1","Headbutt","Rupture","Blood for Blood+1","Twin Strike","Iron Wave+1","Brutality+1","Rupture+1","Twin Strike","Berserk+1","Twin Strike","Fire Breathing+1","Perfected Strike","Magnetism+1","Finesse+1","Flash of Steel","Bandage Up","Pommel Strike","Flex","Pommel Strike+1","Reckless Charge+1"],"relics":["Burning Blood","Orichalcum","Bottled Flame","Singing Bowl","WarpedTongs","Philosopher\u0027s Stone","MutagenicStrength","Tiny Chest","Frozen Egg 2","Anchor","Sozu","Torii","Juzu Bracelet","Potion Belt","PreservedInsect","Bird Faced Urn","MawBank"],"potions_floor_usage":[16,16,23,29,33,39],"damage_taken":[{"damage":2,"enemies":"2 Louse","floor":1,"turns":3},{"damage":2,"enemies":"Small Slimes","floor":5,"turns":3},{"damage":6,"enemies":"Gremlin Nob","floor":6,"turns":3},{"damage":27,"enemies":"Lagavulin","floor":10,"turns":4},{"damage":6,"enemies":"Jaw Worm","floor":11,"turns":2},{"damage":4,"enemies":"Looter","floor":12,"turns":2},{"damage":10,"enemies":"Lots of Slimes","floor":14,"turns":4},{"damage":49,"enemies":"The Guardian","floor":16,"turns":8},{"damage":10,"enemies":"2 Thieves","floor":18,"turns":3},{"damage":6,"enemies":"Spheric Guardian","floor":20,"turns":3},{"damage":20,"enemies":"Slavers","floor":23,"turns":3},{"damage":10,"enemies":"Cultist and Chosen","floor":25,"turns":3},{"damage":10,"enemies":"Centurion and Healer","floor":27,"turns":3},{"damage":23,"enemies":"Snake Plant","floor":28,"turns":3},{"damage":20,"enemies":"Gremlin Leader","floor":29,"turns":3},{"damage":41,"enemies":"Champ","floor":33,"turns":6},{"damage":23,"enemies":"3 Shapes","floor":35,"turns":3},{"damage":26,"enemies":"3 Darklings","floor":36,"turns":4},{"damage":20,"enemies":"Mind Bloom Boss Battle","floor":39,"turns":4},{"damage":18,"enemies":"Giant Head","floor":41,"turns":4},{"damage":28,"enemies":"2 Orb Walkers","floor":46,"turns":3},{"damage":25,"enemies":"Nemesis","floor":48,"turns":3},{"damage":102,"enemies":"Time Eater","floor":50,"turns":4}],"seed_played":"-1673121410203172457","potions_obtained":[{"floor":5,"key":"SpeedPotion"},{"floor":6,"key":"Fire Potion"},{"floor":12,"key":"Poison Potion"},{"floor":18,"key":"Ancient Potion"},{"floor":20,"key":"FearPotion"},{"floor":23,"key":"Weak Potion"}],"is_trial":false,"path_per_floor":["M","?","$","?","M","E","R","$","T","E","M","M","?","M","R","B",null,"M","$","M","?","?","E","R","M","T","M","M","E","R","?","R","B",null,"M","M","$","?","?","R","E","R","T","$","?","?","R","E","R","B"],"character_chosen":"IRONCLAD","items_purchased":["Rupture","Perfected Strike","Magnetism+1","Finesse","PreservedInsect","Flex"],"campfire_rested":5,"item_purchase_floors":[19,37,37,37,44,44],"current_hp_per_floor":[80,64,64,80,80,80,80,80,80,59,59,61,61,59,59,16,82,78,78,78,78,78,64,64,60,60,56,39,25,49,49,73,38,82,65,45,45,40,34,59,53,78,78,78,78,60,84,73,73,0],"gold":103,"neow_bonus":"REMOVE_CARD","is_prod":false,"is_daily":false,"chose_seed":false,"campfire_upgraded":4,"win_rate":0,"timestamp":1546834316,"path_taken":["M","?","$","?","?","E","R","$","T","E","M","M","?","M","R","BOSS","M","$","?","?","?","E","R","M","T","M","M","E","R","?","R","BOSS","M","M","$","?","?","R","E","R","T","?","?","?","R","E","R","BOSS"],"build_version":"2019-01-03v4","purchased_purges":2,"victory":false,"max_hp_per_floor":[80,80,80,80,80,80,80,80,80,80,80,80,80,82,82,82,82,82,82,82,82,82,82,82,82,82,82,82,82,82,82,82,82,82,82,82,82,82,84,84,84,84,84,84,84,84,84,84,84,84],"card_choices":[{"not_picked":["Headbutt","Thunderclap"],"picked":"Perfected Strike","floor":1},{"not_picked":["Flex","Headbutt"],"picked":"Pommel Strike","floor":5},{"not_picked":["Anger","Rage"],"picked":"Bloodletting","floor":6},{"not_picked":["Battle Trance","Havoc"],"picked":"Combust","floor":10},{"not_picked":["Heavy Blade","Whirlwind"],"picked":"Wild Strike","floor":11},{"not_picked":["Searing Blow","Flex"],"picked":"Pommel Strike","floor":12},{"not_picked":["Uppercut","Burning Pact","Disarm"],"picked":"Singing Bowl","floor":14},{"not_picked":["Bludgeon","Feed"],"picked":"Brutality","floor":16},{"not_picked":["Whirlwind","Cleave"],"picked":"Headbutt","floor":18},{"not_picked":["Ghostly Armor","Iron Wave"],"picked":"Blood for Blood+1","floor":20},{"not_picked":["Dropkick","Shrug It Off+1"],"picked":"Twin Strike","floor":23},{"not_picked":["Shrug It Off","Uppercut"],"picked":"Iron Wave+1","floor":25},{"not_picked":["Headbutt","Body Slam"],"picked":"Brutality+1","floor":27},{"not_picked":["Clash","Body Slam"],"picked":"Rupture+1","floor":28},{"not_picked":["Body Slam+1","Ghostly Armor+1"],"picked":"Twin Strike","floor":29},{"not_picked":["Fiend Fire","Juggernaut+1"],"picked":"Berserk+1","floor":33},{"not_picked":["Flame Barrier","Wild Strike"],"picked":"Twin Strike","floor":35},{"not_picked":["Feel No Pain+1","Wild Strike+1"],"picked":"Fire Breathing+1","floor":36},{"not_picked":["The Bomb","Enlightenment"],"picked":"Flash of Steel","floor":38},{"not_picked":["Panacea","Magnetism+1"],"picked":"Bandage Up","floor":38},{"not_picked":["Power Through+1","Clash","Dropkick"],"picked":"Singing Bowl","floor":39},{"not_picked":["Cleave","True Grit"],"picked":"Pommel Strike","floor":41},{"not_picked":["Havoc+1","Thunderclap+1"],"picked":"Pommel Strike+1","floor":46},{"not_picked":["Exhume","Pommel Strike"],"picked":"Reckless Charge+1","floor":48}],"player_experience":232405,"relics_obtained":[{"floor":6,"key":"Orichalcum"},{"floor":9,"key":"Bottled Flame"},{"floor":10,"key":"Singing Bowl"},{"floor":23,"key":"Tiny Chest"},{"floor":26,"key":"Frozen Egg 2"},{"floor":29,"key":"Anchor"},{"floor":39,"key":"Torii"},{"floor":41,"key":"Juzu Bracelet"},{"floor":43,"key":"Potion Belt"},{"floor":46,"key":"Bird Faced Urn"},{"floor":48,"key":"MawBank"}],"event_choices":[{"damage_healed":0,"gold_gain":0,"player_choice":"Entered Light","damage_taken":16,"max_hp_gain":0,"max_hp_loss":0,"event_name":"Shining Light","floor":2,"gold_loss":0,"cards_upgraded":["Strike_R","Strike_R"]},{"damage_healed":20,"gold_gain":0,"player_choice":"Healed","damage_taken":0,"max_hp_gain":0,"max_hp_loss":0,"event_name":"The Cleric","floor":4,"gold_loss":35},{"damage_healed":0,"gold_gain":0,"player_choice":"Rummage","damage_taken":0,"relics_obtained":["WarpedTongs"],"max_hp_gain":0,"max_hp_loss":0,"event_name":"Accursed Blacksmith","floor":13,"gold_loss":0,"cards_obtained":["Pain"]},{"damage_healed":0,"gold_gain":0,"player_choice":"Ignored","damage_taken":0,"max_hp_gain":0,"max_hp_loss":0,"event_name":"Ghosts","floor":21,"gold_loss":0},{"damage_healed":0,"gold_gain":0,"player_choice":"Inject Mutagens","damage_taken":0,"relics_obtained":["MutagenicStrength"],"max_hp_gain":0,"max_hp_loss":0,"event_name":"Drug Dealer","floor":22,"gold_loss":0},{"damage_healed":0,"gold_gain":0,"player_choice":"Ignored","damage_taken":0,"max_hp_gain":0,"max_hp_loss":0,"event_name":"Vampires","floor":31,"gold_loss":0},{"damage_healed":0,"gold_gain":0,"player_choice":"Memory 2","damage_taken":5,"max_hp_gain":0,"max_hp_loss":0,"event_name":"SensoryStone","floor":38,"gold_loss":0},{"damage_healed":0,"gold_gain":0,"player_choice":"Fight","damage_taken":0,"max_hp_gain":0,"max_hp_loss":0,"event_name":"MindBloom","floor":39,"gold_loss":0},{"cards_removed":["Defend_R"],"damage_healed":0,"gold_gain":0,"player_choice":"Removed Skill","damage_taken":0,"max_hp_gain":0,"max_hp_loss":0,"event_name":"Falling","floor":45,"gold_loss":0},{"damage_healed":0,"gold_gain":0,"player_choice":"Fight","damage_taken":0,"max_hp_gain":0,"max_hp_loss":0,"event_name":"Mysterious Sphere","floor":46,"gold_loss":0}],"is_beta":false,"boss_relics":[{"not_picked":["Eternal Feather","Coffee Dripper"],"picked":"Philosopher\u0027s Stone"},{"not_picked":["Snecko Eye","Tiny House"],"picked":"Sozu"}],"items_purged_floors":[3,19],"is_endless":false,"potions_floor_spawned":[5,6,12,18,20,23,35,39,41,48],"killed_by":"Time Eater","ascension_level":1}