{"gold_per_floor":[113,63,73,83,258,319,53,81,81,81,81,81,97,109,109,186,186,201,217,142,46,79,79,109,109,135,150,162,162],"floor_reached":29,"playtime":1235,"items_purged":["Doubt"],"score":417,"play_id":"220104aa-7407-4489-8465-6d68d5b8a2c6","local_time":"20190702170539","is_ascension_mode":true,"campfire_choices":[{"floor":10.0,"key":"REST"},{"data":"Evolve","floor":15.0,"key":"SMITH"},{"data":"Armaments","floor":23.0,"key":"SMITH"},{"floor":25,"key":"REST"}],"neow_cost":"NONE","seed_source_timestamp":0,"circlet_count":0,"master_deck":["AscendersBane","Strike_R","Strike_R","Strike_R","Defend_R","Defend_R","Defend_R","Defend_R","Bash+1","Wild Strike+1","Ghostly Armor","Hemokinesis","Double Tap","Evolve+1","Whirlwind+1","Shrug It Off","Pommel Strike","Demon Form","Warcry+1","Battle Trance","Armaments+1","Searing Blow+1","Uppercut"],"special_seed":0,"relics":["Burning Blood","Potion Belt","Tiny Chest","Bag of Preparation","Blue Candle","Boot","White Beast Statue","Red Mask","Mercury Hourglass","Blood Vial"],"potions_floor_usage":[24,24,24],"damage_taken":[{"damage":13.0,"enemies":"2 Louse","floor":1.0,"turns":3.0},{"damage":2.0,"enemies":"Small Slimes","floor":3.0,"turns":4.0},{"damage":2.0,"enemies":"Jaw Worm","floor":4.0,"turns":5.0},{"damage":48.0,"enemies":"Lagavulin","floor":6.0,"turns":9.0},{"damage":14.0,"enemies":"3 Sentries","floor":8.0,"turns":10.0},{"damage":0.0,"enemies":"Exordium Wildlife","floor":13.0,"turns":1.0},{"damage":14.0,"enemies":"3 Louse","floor":14.0,"turns":3.0},{"damage":10.0,"enemies":"The Guardian","floor":16.0,"turns":9.0},{"damage":0.0,"enemies":"3 Byrds","floor":18.0,"turns":4.0},{"damage":0.0,"enemies":"Chosen","floor":19.0,"turns":6.0},{"damage":33.0,"enemies":"Masked Bandits","floor":22.0,"turns":4.0},{"damage":35,"enemies":"Book of Stabbing","floor":24,"turns":5},{"damage":26,"enemies":"3 Cultists","floor":27,"turns":5},{"damage":17,"enemies":"Snecko","floor":28,"turns":5},{"damage":22,"enemies":"Gremlin Leader","floor":29,"turns":2}],"seed_played":"6419811714215757985","potions_obtained":[{"floor":3.0,"key":"SneckoOil"},{"floor":4.0,"key":"PowerPotion"},{"floor":6.0,"key":"EssenceOfSteel"},{"floor":8.0,"key":"Ancient Potion"},{"floor":18.0,"key":"PowerPotion"},{"floor":19.0,"key":"Dexterity Potion"},{"floor":22.0,"key":"Weak Potion"},{"floor":24,"key":"Strength Potion"},{"floor":27,"key":"Strength Potion"},{"floor":28,"key":"SteroidPotion"}],"is_trial":false,"path_per_floor":["M","?","M","M","?","E","$","E","T","R","?","?","M","M","R","B",null,"M","M","?","$","?","R","E","R","T","M","M","E"],"character_chosen":"IRONCLAD","items_purchased":["Bag of Preparation","Evolve","Battle Trance","Armaments"],"campfire_rested":2,"item_purchase_floors":[7,7,21,21],"current_hp_per_floor":[65,65,69,73,73,31,31,23,23,47,47,31,37,29,29,25,66,72,78,78,78,51,51,22,46,46,28,19,0],"gold":162,"neow_bonus":"RANDOM_COMMON_RELIC","is_prod":false,"is_daily":false,"chose_seed":false,"campfire_upgraded":2,"win_rate":0,"timestamp":1562105139,"path_taken":["M","?","M","M","?","E","$","E","T","R","?","?","M","M","R","BOSS","M","M","?","$","?","R","E","R","T","?","M","E"],"build_version":"2019-07-01","purchased_purges":1,"victory":false,"max_hp_per_floor":[80,80,80,80,80,80,80,80,80,80,80,80,80,80,80,80,80,80,80,80,80,80,80,80,80,80,80,80,80],"card_choices":[{"not_picked":["Cleave","Intimidate"],"picked":"Wild Strike","floor":1.0},{"not_picked":["Seeing Red","Blood for Blood"],"picked":"Ghostly Armor","floor":3.0},{"not_picked":["True Grit","Clash"],"picked":"Hemokinesis","floor":4.0},{"not_picked":["Sentinel","Rage"],"picked":"Double Tap","floor":6.0},{"not_picked":["Wild Strike","Flex"],"picked":"Whirlwind","floor":8.0},{"not_picked":["Fire Breathing","Rage"],"picked":"Shrug It Off","floor":13.0},{"not_picked":["Second Wind","Warcry"],"picked":"Pommel Strike","floor":14.0},{"not_picked":["Juggernaut","Berserk"],"picked":"Demon Form","floor":16.0},{"not_picked":["Iron Wave","Sever Soul","Perfected Strike"],"picked":"SKIP","floor":18.0},{"not_picked":["Perfected Strike","Wild Strike"],"picked":"Warcry+1","floor":19.0},{"not_picked":["Warcry","Offering"],"picked":"Searing Blow+1","floor":22.0},{"not_picked":["Clash","Twin Strike","Cleave"],"picked":"SKIP","floor":24},{"not_picked":["Warcry","Rage"],"picked":"Uppercut","floor":27},{"not_picked":["Clash","Armaments","Clothesline"],"picked":"SKIP","floor":28}],"player_experience":321895,"relics_obtained":[{"floor":6.0,"key":"Tiny Chest"},{"floor":8.0,"key":"Blue Candle"},{"floor":9.0,"key":"Boot"},{"floor":22.0,"key":"Red Mask"},{"floor":24,"key":"Mercury Hourglass"},{"floor":26,"key":"Blood Vial"}],"event_choices":[{"cards_removed":["Strike_R"],"damage_healed":0.0,"max_hp_gain":0.0,"max_hp_loss":0.0,"gold_gain":0.0,"event_name":"The Cleric","player_choice":"Card Removal","floor":2.0,"gold_loss":50.0,"damage_taken":0.0},{"damage_healed":0.0,"max_hp_gain":0.0,"max_hp_loss":0.0,"gold_gain":175.0,"event_name":"Liars Game","player_choice":"AGREE","floor":5.0,"gold_loss":0.0,"damage_taken":0.0,"cards_obtained":["Doubt"]},{"damage_healed":0.0,"max_hp_gain":0.0,"max_hp_loss":0.0,"gold_gain":0.0,"event_name":"Living Wall","player_choice":"Grow","floor":11.0,"gold_loss":0.0,"damage_taken":0.0,"cards_upgraded":["Whirlwind"]},{"damage_healed":0.0,"max_hp_gain":0.0,"max_hp_loss":0.0,"gold_gain":0.0,"event_name":"Shining Light","player_choice":"Entered Light","floor":12.0,"gold_loss":0.0,"damage_taken":16.0,"cards_upgraded":["Wild Strike","Bash"]},{"cards_removed":["Strike_R"],"damage_healed":0.0,"max_hp_gain":0.0,"max_hp_loss":0.0,"gold_gain":0.0,"event_name":"Beggar","player_choice":"Gave Gold","floor":20.0,"gold_loss":75.0,"damage_taken":0.0},{"damage_healed":0.0,"max_hp_gain":0.0,"max_hp_loss":0.0,"gold_gain":0.0,"event_name":"Masked Bandits","player_choice":"Fought Bandits","floor":22.0,"gold_loss":0.0,"damage_taken":0.0}],"is_beta":false,"boss_relics":[{"not_picked":["Sozu","Empty Cage"],"picked":"White Beast Statue"}],"items_purged_floors":[7],"is_endless":false,"potions_floor_spawned":[3,4,6,8,18,19,22,24,27,28],"killed_by":"Gremlin Leader","ascension_level":13}