{"gold_per_floor":[118,39,49,49,10,10,37,37,61,61,71,71,98,108,108,203,203,221,234,234,234],"floor_reached":21,"playtime":2244,"items_purged":[],"score":187,"play_id":"47768a79-8cd6-4b92-b563-77024936e390","local_time":"20190719013627","is_ascension_mode":false,"campfire_choices":[{"data":"Neutralize","floor":6.0,"key":"SMITH"},{"floor":8.0,"key":"REST"},{"data":"Terror","floor":10.0,"key":"SMITH"},{"floor":15,"key":"REST"}],"neow_cost":"NONE","seed_source_timestamp":99665473194900,"circlet_count":0,"master_deck":["Defend_G","Defend_G","Defend_G","Defend_G","Defend_G","Strike_G","Strike_G","Strike_G","Survivor","Neutralize+1","Deadly Poison","Caltrops","Poisoned Stab","Bouncing Flask","Terror+1","Bane","PiercingWail","Calculated Gamble","Bouncing Flask","Deadly Poison","Night Terror","Bane+1"],"special_seed":0,"relics":["Ring of the Snake","Dream Catcher","Bottled Tornado","Black Star"],"potions_floor_usage":[18,18],"damage_taken":[{"damage":0.0,"enemies":"2 Louse","floor":1.0,"turns":3.0},{"damage":2.0,"enemies":"Small Slimes","floor":3.0,"turns":5.0},{"damage":40.0,"enemies":"3 Sentries","floor":7.0,"turns":10.0},{"damage":0.0,"enemies":"Cultist","floor":11.0,"turns":2.0},{"damage":12.0,"enemies":"Lagavulin","floor":13.0,"turns":5.0},{"damage":0,"enemies":"Exordium Wildlife","floor":14,"turns":2},{"damage":49,"enemies":"Slime Boss","floor":16,"turns":12},{"damage":13,"enemies":"3 Byrds","floor":18,"turns":4},{"damage":26,"enemies":"Shell Parasite","floor":19,"turns":7},{"damage":39,"enemies":"Centurion and Healer","floor":21,"turns":9}],"seed_played":"-8486804205460782509","potions_obtained":[{"floor":3.0,"key":"SpeedPotion"},{"floor":11.0,"key":"LiquidBronze"},{"floor":13.0,"key":"Dexterity Potion"}],"is_trial":false,"path_per_floor":["M","$","M","?","$","R","E","R","T","R","M","?","E","M","R","B",null,"M","M","?","M"],"character_chosen":"THE_SILENT","items_purchased":["Caltrops","Bouncing Flask"],"campfire_rested":2,"item_purchase_floors":[2,5],"current_hp_per_floor":[77,77,75,68,68,68,28,51,51,51,51,51,39,39,62,13,77,64,38,38,0],"gold":234,"neow_bonus":"TEN_PERCENT_HP_BONUS","is_prod":false,"is_daily":false,"chose_seed":false,"campfire_upgraded":2,"win_rate":0,"timestamp":1563492987,"path_taken":["M","$","M","?","$","R","E","R","T","R","M","?","E","?","R","BOSS","M","M","?","M"],"build_version":"2019-01-23","purchased_purges":0,"victory":false,"max_hp_per_floor":[77,77,77,77,77,77,77,77,77,77,77,77,77,77,77,77,77,77,77,77,77],"card_choices":[{"not_picked":["Dagger Throw","Flying Knee"],"picked":"Deadly Poison","floor":1.0},{"not_picked":["Cloak And Dagger","PiercingWail"],"picked":"Poisoned Stab","floor":3.0},{"not_picked":["Caltrops","Dagger Throw"],"picked":"Terror","floor":7.0},{"not_picked":["Quick Slash","Backstab"],"picked":"Bane","floor":8.0},{"not_picked":["Tactician","Flying Knee","Blade Dance"],"picked":"SKIP","floor":11.0},{"not_picked":["Storm of Steel","Heel Hook"],"picked":"Calculated Gamble","floor":13.0},{"not_picked":["Dagger Spray","Quick Slash"],"picked":"Bouncing Flask","floor":14},{"not_picked":["Infinite Blades","Accuracy"],"picked":"Deadly Poison","floor":15},{"not_picked":["Unload","Phantasmal Killer"],"picked":"Night Terror","floor":16},{"not_picked":["Skewer+1","Eviscerate","All Out Attack"],"picked":"SKIP","floor":18},{"not_picked":["Accuracy","Flying Knee"],"picked":"Bane+1","floor":19}],"player_experience":142327,"relics_obtained":[{"floor":7.0,"key":"Dream Catcher"},{"floor":13.0,"key":"Bottled Tornado"}],"event_choices":[{"cards_removed":["Strike_G"],"damage_healed":0.0,"max_hp_gain":0.0,"max_hp_loss":0.0,"gold_gain":0.0,"event_name":"Golden Wing","player_choice":"Card Removal","floor":4.0,"gold_loss":0.0,"damage_taken":7.0},{"damage_healed":0.0,"max_hp_gain":0.0,"max_hp_loss":0.0,"gold_gain":0.0,"cards_transformed":["Strike_G"],"event_name":"Transmorgrifier","player_choice":"Transformed","floor":12.0,"gold_loss":0.0,"damage_taken":0.0,"cards_obtained":["PiercingWail"]},{"damage_healed":0,"gold_gain":0,"player_choice":"Ignored","damage_taken":0,"max_hp_gain":0,"max_hp_loss":0,"event_name":"Ghosts","floor":20,"gold_loss":0}],"is_beta":false,"boss_relics":[{"not_picked":["Cursed Key","Tiny House"],"picked":"Black Star"}],"items_purged_floors":[],"is_endless":false,"potions_floor_spawned":[3,11,13,14],"killed_by":"Centurion and Healer","ascension_level":0}