{"gold_per_floor":[118,118,134,152,152,152,186,186,186,204,232,249,249,249],"floor_reached":14,"playtime":667,"items_purged":[],"score":250,"play_id":"8afb64a5-d662-40fb-a192-e9f8b63cdf0a","local_time":"20190813194645","is_ascension_mode":true,"campfire_choices":[{"data":"All Out Attack","floor":6,"key":"SMITH"},{"data":"Bane","floor":13,"key":"SMITH"}],"neow_cost":"NONE","seed_source_timestamp":461715454508500,"circlet_count":0,"master_deck":["AscendersBane","Strike_G","Strike_G","Strike_G","Strike_G","Defend_G","Defend_G","Defend_G","Defend_G","Defend_G","Survivor","Neutralize+1","Poisoned Stab","All Out Attack+1","Poisoned Stab","Corpse Explosion","Leg Sweep","Bane+1"],"relics":["Ring of the Snake","Frozen Egg 2","Smiling Mask","Nunchaku"],"potions_floor_usage":[11,14,14],"damage_taken":[{"damage":0,"enemies":"2 Louse","floor":1,"turns":3},{"damage":2,"enemies":"Jaw Worm","floor":3,"turns":4},{"damage":7,"enemies":"Small Slimes","floor":4,"turns":3},{"damage":20,"enemies":"Gremlin Nob","floor":7,"turns":4},{"damage":0,"enemies":"3 Louse","floor":10,"turns":1},{"damage":0,"enemies":"3 Sentries","floor":11,"turns":2},{"damage":4,"enemies":"Blue Slaver","floor":12,"turns":4},{"damage":28,"enemies":"Gremlin Nob","floor":14,"turns":4}],"seed_played":"-6710482533844788168","potions_obtained":[{"floor":4,"key":"SkillPotion"},{"floor":11,"key":"Dexterity Potion"},{"floor":12,"key":"Energy Potion"}],"is_trial":false,"path_per_floor":["M","?","M","M","?","R","E","?","T","M","E","M","R","E"],"character_chosen":"THE_SILENT","items_purchased":[],"campfire_rested":0,"item_purchase_floors":[],"current_hp_per_floor":[59,64,62,55,55,55,35,28,28,28,28,24,24,0],"gold":249,"neow_bonus":"UPGRADE_CARD","is_prod":false,"is_daily":false,"chose_seed":false,"campfire_upgraded":2,"win_rate":0,"timestamp":1565740005,"path_taken":["M","?","M","M","?","R","E","?","T","M","E","M","R","E"],"build_version":"2019-07-17","purchased_purges":0,"victory":false,"max_hp_per_floor":[66,71,71,71,71,71,71,71,71,71,71,71,71,71],"card_choices":[{"not_picked":["Dodge and Roll","Flying Knee"],"picked":"Poisoned Stab","floor":1},{"not_picked":["Slice","Eviscerate"],"picked":"All Out Attack","floor":3},{"not_picked":["Flying Knee","Dagger Throw"],"picked":"Poisoned Stab","floor":4},{"not_picked":["Infinite Blades","Dagger Throw"],"picked":"Corpse Explosion","floor":7},{"not_picked":["Heel Hook","Masterful Stab"],"picked":"Leg Sweep","floor":10},{"not_picked":["Acrobatics","Sucker Punch"],"picked":"Bane","floor":11},{"not_picked":["Quick Slash","Bane","Blade Dance"],"picked":"SKIP","floor":12},{"not_picked":["Quick Slash","Bane","Blade Dance"],"picked":"SKIP","floor":12}],"player_experience":2371206,"relics_obtained":[{"floor":7,"key":"Frozen Egg 2"},{"floor":9,"key":"Smiling Mask"},{"floor":11,"key":"Nunchaku"}],"event_choices":[{"damage_healed":0,"gold_gain":0,"player_choice":"Donut","damage_taken":0,"max_hp_gain":5,"max_hp_loss":0,"event_name":"Big Fish","floor":2,"gold_loss":0},{"damage_healed":0,"gold_gain":0,"player_choice":"Ignored","damage_taken":0,"max_hp_gain":0,"max_hp_loss":0,"event_name":"Liars Game","floor":5,"gold_loss":0},{"cards_removed":["Strike_G"],"damage_healed":0,"gold_gain":0,"player_choice":"Card Removal","damage_taken":7,"max_hp_gain":0,"max_hp_loss":0,"event_name":"Golden Wing","floor":8,"gold_loss":0}],"is_beta":false,"boss_relics":[],"items_purged_floors":[],"is_endless":false,"potions_floor_spawned":[4,11,12],"killed_by":"Gremlin Nob","ascension_level":20}