{"gold_per_floor":[114,114,128,128,403,423,441,441,486,516,7,7,20,20],"floor_reached":14,"playtime":641,"items_purged":[],"score":180,"play_id":"fcbd3f29-1920-4314-a6f6-5744698da0b2","local_time":"20190815091548","is_ascension_mode":true,"campfire_choices":[{"data":"Infinite Blades","floor":8.0,"key":"SMITH"}],"neow_cost":"PERCENT_DAMAGE","seed_source_timestamp":2404105059500,"circlet_count":0,"master_deck":["AscendersBane","Strike_G","Strike_G","Strike_G","Strike_G","Strike_G","Defend_G","Defend_G","Defend_G","Defend_G","Defend_G","Survivor","Neutralize+1","Poisoned Stab","Regret","Infinite Blades+1","Dodge and Roll","Sucker Punch","Mayhem","Dagger Throw+1","Crippling Poison"],"special_seed":0,"relics":["Ring of the Snake","Mummified Hand","Potion Belt","Molten Egg 2"],"potions_floor_usage":[14],"damage_taken":[{"damage":2.0,"enemies":"Jaw Worm","floor":1.0,"turns":5.0},{"damage":0.0,"enemies":"2 Louse","floor":3.0,"turns":3.0},{"damage":3.0,"enemies":"Cultist","floor":6.0,"turns":4.0},{"damage":8.0,"enemies":"Large Slime","floor":7.0,"turns":8.0},{"damage":32.0,"enemies":"3 Sentries","floor":10.0,"turns":12.0},{"damage":3,"enemies":"Blue Slaver","floor":13,"turns":4},{"damage":0,"enemies":"Gremlin Nob","floor":14,"turns":2}],"seed_played":"2875476734502463126","potions_obtained":[{"floor":1.0,"key":"Ancient Potion"},{"floor":10.0,"key":"SneckoOil"}],"is_trial":false,"path_per_floor":["M","?","M","T","?","M","M","R","T","E","$","?","M","E"],"character_chosen":"THE_SILENT","items_purchased":["Mayhem","Molten Egg 2","Dagger Throw+1"],"campfire_rested":0,"item_purchase_floors":[11,11,11],"current_hp_per_floor":[54,54,54,54,54,51,43,43,43,11,11,11,8,8],"gold":20,"neow_bonus":"TWENTY_PERCENT_HP_BONUS","is_prod":false,"is_daily":false,"chose_seed":false,"campfire_upgraded":1,"win_rate":0,"timestamp":1565853348,"path_taken":["M","?","M","?","?","M","?","R","T","E","$","?","M","E"],"build_version":"2019-07-17","purchased_purges":0,"victory":false,"max_hp_per_floor":[78,78,78,78,78,78,78,78,78,78,78,78,78,78],"card_choices":[{"not_picked":["Flechettes","Prepared","Distraction"],"picked":"SKIP","floor":1.0},{"not_picked":["Backflip","Blade Dance"],"picked":"Poisoned Stab","floor":3.0},{"not_picked":["PiercingWail","Flechettes"],"picked":"Infinite Blades","floor":6.0},{"not_picked":["Flechettes","Dagger Spray"],"picked":"Dodge and Roll","floor":7.0},{"not_picked":["Slice","All Out Attack"],"picked":"Sucker Punch","floor":10.0},{"not_picked":["Backflip","Sucker Punch+1"],"picked":"Crippling Poison","floor":13}],"player_experience":1007415,"relics_obtained":[{"floor":4.0,"key":"Mummified Hand"},{"floor":10.0,"key":"Potion Belt"}],"event_choices":[{"damage_healed":0.0,"max_hp_gain":0.0,"max_hp_loss":0.0,"gold_gain":0.0,"event_name":"Living Wall","player_choice":"Grow","floor":2.0,"gold_loss":0.0,"damage_taken":0.0,"cards_upgraded":["Neutralize"]},{"damage_healed":0.0,"max_hp_gain":0.0,"max_hp_loss":0.0,"gold_gain":275.0,"event_name":"Golden Shrine","player_choice":"Desecrate","floor":5.0,"gold_loss":0.0,"damage_taken":0.0,"cards_obtained":["Regret"]},{"damage_healed":0,"gold_gain":0,"player_choice":"Ignored","damage_taken":0,"max_hp_gain":0,"max_hp_loss":0,"event_name":"Shining Light","floor":12,"gold_loss":0}],"is_beta":false,"boss_relics":[],"items_purged_floors":[],"is_endless":false,"potions_floor_spawned":[1,10],"killed_by":"Gremlin Nob","ascension_level":20}