{"gold_per_floor":[115,129,147,162,174,201,201,201,227,256,268,268,44,56,56,134,134,152,171,25,25,25,57,75,110,190,190,205,205,233,249,249,328,328,340,1,1000,1013,357,371,403,403,427,452,452,485,760,777,777,777],"floor_reached":51,"playtime":6903,"items_purged":["Defend_G","Normality"],"score":1532,"play_id":"5581d307-7c22-4a5d-a823-d7c51cb10792","local_time":"20190815235532","is_ascension_mode":true,"campfire_choices":[{"data":"Neutralize","floor":8.0,"key":"SMITH"},{"data":"Bouncing Flask","floor":15.0,"key":"SMITH"},{"floor":27,"key":"REST"},{"floor":29,"key":"REST"},{"data":"Strike_G","floor":32,"key":"PURGE"},{"data":"Normality","floor":42,"key":"PURGE"},{"floor":49,"key":"REST"}],"neow_cost":"NONE","seed_source_timestamp":0,"circlet_count":0,"master_deck":["AscendersBane","Strike_G+1","Defend_G","Defend_G","Defend_G","Defend_G","Survivor","Neutralize+1","Adrenaline","Masterful Stab+1","Deadly Poison","Venomology","Bane","Poisoned Stab","Bouncing Flask+1","Parasite","PiercingWail","Night Terror","Dagger Spray+1","Backstab","Malaise","Endless Agony","Shame","Backflip+1","Slice+1","Dodge and Roll","Riddle With Holes+1","Burst","Acrobatics+1","Backstab+1","After Image+1","Infinite Blades+1","Wraith Form v2+1","Bandage Up","Panache+1","Cloak And Dagger+1","Cloak And Dagger+1","Storm of Steel","Good Instincts","Cloak And Dagger","Regret"],"special_seed":0,"relics":["Ring of the Snake","Du-Vu Doll","Bag of Preparation","Art of War","TwistedFunnel","Fusion Hammer","Snake Skull","Enchiridion","Orichalcum","Smiling Mask","Frozen Egg 2","Pear","Peace Pipe","Astrolabe","Happy Flower","Whetstone","Chemical X","Juzu Bracelet","Bronze Scales","Potion Belt","Gremlin Horn"],"potions_floor_usage":[25,28,33,33,33,38,38,44,46,48,50,50,50,50],"damage_taken":[{"damage":2.0,"enemies":"2 Louse","floor":1.0,"turns":6.0},{"damage":2.0,"enemies":"Jaw Worm","floor":2.0,"turns":3.0},{"damage":0.0,"enemies":"Cultist","floor":3.0,"turns":3.0},{"damage":10.0,"enemies":"2 Fungi Beasts","floor":4.0,"turns":4.0},{"damage":1.0,"enemies":"Looter","floor":5.0,"turns":3.0},{"damage":39.0,"enemies":"3 Sentries","floor":6.0,"turns":13.0},{"damage":0.0,"enemies":"Gremlin Nob","floor":10.0,"turns":3.0},{"damage":1.0,"enemies":"3 Louse","floor":11.0,"turns":3.0},{"damage":0.0,"enemies":"Large Slime","floor":14.0,"turns":3.0},{"damage":19.0,"enemies":"The Guardian","floor":16.0,"turns":8.0},{"damage":0.0,"enemies":"Chosen","floor":18.0,"turns":3.0},{"damage":16.0,"enemies":"Shell Parasite","floor":19.0,"turns":4.0},{"damage":10.0,"enemies":"Slavers","floor":23.0,"turns":3.0},{"damage":6.0,"enemies":"Cultist and Chosen","floor":24.0,"turns":3.0},{"damage":0,"enemies":"Gremlin Leader","floor":25,"turns":6},{"damage":0,"enemies":"Sentry and Sphere","floor":28,"turns":2},{"damage":0,"enemies":"Slavers","floor":30,"turns":4},{"damage":0,"enemies":"Snake Plant","floor":31,"turns":2},{"damage":12,"enemies":"Collector","floor":33,"turns":6},{"damage":0,"enemies":"3 Shapes","floor":35,"turns":5},{"damage":3,"enemies":"3 Darklings","floor":38,"turns":3},{"damage":0,"enemies":"Jaw Worm Horde","floor":40,"turns":2},{"damage":5,"enemies":"Reptomancer","floor":41,"turns":3},{"damage":24,"enemies":"Nemesis","floor":44,"turns":6},{"damage":0,"enemies":"Giant Head","floor":46,"turns":5},{"damage":0,"enemies":"Spire Growth","floor":48,"turns":4},{"damage":19,"enemies":"Awakened One","floor":50,"turns":12}],"seed_played":"-8328836437685942738","potions_obtained":[{"floor":1.0,"key":"AttackPotion"},{"floor":5.0,"key":"Block Potion"},{"floor":6.0,"key":"LiquidBronze"},{"floor":10.0,"key":"PowerPotion"},{"floor":18.0,"key":"Fire Potion"},{"floor":23.0,"key":"Dexterity Potion"},{"floor":28,"key":"PowerPotion"},{"floor":33,"key":"Weak Potion"},{"floor":44,"key":"Energy Potion"},{"floor":48,"key":"Dexterity Potion"}],"is_trial":false,"path_per_floor":["M","M","M","M","M","E","?","R","T","E","M","?","$","M","R","B",null,"M","M","$","?","?","E","M","E","T","R","M","R","E","M","R","B",null,"M","$","?","M","$","M","E","R","T","E","?","E","?","M","R","B",null],"character_chosen":"THE_SILENT","items_purchased":["Dagger Spray","TwistedFunnel","Snake Skull","Wraith Form v2+1","Happy Flower","Whetstone","Chemical X","Bandage Up","Panache+1"],"campfire_rested":3,"item_purchase_floors":[13,13,20,36,36,39,39,39,39],"current_hp_per_floor":[57,55,55,45,44,20,36,36,36,36,35,22,22,22,22,3,50,50,34,34,18,18,8,2,2,12,34,34,56,56,56,56,44,68,68,68,68,65,65,69,64,64,64,44,44,48,48,52,74,59],"gold":777,"neow_bonus":"ONE_RANDOM_RARE_CARD","is_prod":false,"is_daily":false,"chose_seed":false,"campfire_upgraded":2,"win_rate":0,"timestamp":1565938532,"path_taken":["M","M","M","M","M","E","?","R","T","E","M","?","?","?","R","BOSS","M","M","$","?","?","E","M","E","T","R","M","R","E","M","R","BOSS","M","$","?","M","$","M","E","R","T","E","?","E","?","M","R","BOSS"],"build_version":"2019-07-17","purchased_purges":2,"victory":true,"max_hp_per_floor":[66,66,66,66,66,66,66,66,66,66,66,66,66,66,66,66,66,66,66,66,66,66,66,66,66,76,76,76,76,76,76,76,76,76,76,76,76,76,76,76,76,76,76,76,76,76,76,76,76,76],"card_choices":[{"not_picked":["Flechettes","Outmaneuver"],"picked":"Masterful Stab","floor":1.0},{"not_picked":["Deflect","Acrobatics"],"picked":"Deadly Poison","floor":2.0},{"not_picked":["Bane","Outmaneuver"],"picked":"Venomology","floor":3.0},{"not_picked":["Poisoned Stab","Blade Dance"],"picked":"Bane","floor":4.0},{"not_picked":["Expertise","Deadly Poison"],"picked":"Poisoned Stab","floor":5.0},{"not_picked":["Sucker Punch","Dagger Throw"],"picked":"Bouncing Flask","floor":6.0},{"not_picked":["Calculated Gamble","Underhanded Strike"],"picked":"PiercingWail","floor":10.0},{"not_picked":["Blade Dance","Skewer"],"picked":"Night Terror","floor":11.0},{"not_picked":["Deadly Poison","Caltrops"],"picked":"Backstab","floor":14.0},{"not_picked":["Envenom","Night Terror"],"picked":"Malaise","floor":16.0},{"not_picked":["Outmaneuver","Tactician","Blade Dance"],"picked":"SKIP","floor":18.0},{"not_picked":["Eviscerate","Riddle With Holes"],"picked":"Endless Agony","floor":19.0},{"not_picked":["Malaise","Riddle With Holes+1"],"picked":"Backflip+1","floor":23.0},{"not_picked":["Calculated Gamble","Deadly Poison","Acrobatics"],"picked":"SKIP","floor":24.0},{"not_picked":["PiercingWail","Outmaneuver"],"picked":"Slice+1","floor":25},{"not_picked":["Choke","Dagger Spray","Dash"],"picked":"SKIP","floor":28},{"not_picked":["Slice","Dagger Throw"],"picked":"Dodge and Roll","floor":30},{"not_picked":["Setup+1","Backflip"],"picked":"Riddle With Holes","floor":31},{"not_picked":["Malaise","Storm of Steel"],"picked":"Burst","floor":33},{"not_picked":["Underhanded Strike+1","Deflect+1"],"picked":"Infinite Blades+1","floor":35},{"not_picked":["Infinite Blades+1","Reflex","Flying Knee"],"picked":"SKIP","floor":38},{"not_picked":["Flying Knee","Dodge and Roll"],"picked":"Cloak And Dagger+1","floor":40},{"not_picked":["Underhanded Strike","Sucker Punch"],"picked":"Cloak And Dagger+1","floor":41},{"not_picked":["Distraction+1","Deadly Poison"],"picked":"Storm of Steel","floor":44},{"not_picked":["Dark Shackles","Impatience"],"picked":"Good Instincts","floor":45},{"not_picked":["Tactician","Flying Knee"],"picked":"Cloak And Dagger","floor":46},{"not_picked":["Deflect","Dash+1","Dagger Spray"],"picked":"SKIP","floor":48}],"player_experience":564352,"relics_obtained":[{"floor":6.0,"key":"Du-Vu Doll"},{"floor":9.0,"key":"Bag of Preparation"},{"floor":10.0,"key":"Art of War"},{"floor":21.0,"key":"Enchiridion"},{"floor":23.0,"key":"Smiling Mask"},{"floor":25,"key":"Frozen Egg 2"},{"floor":26,"key":"Pear"},{"floor":30,"key":"Peace Pipe"},{"floor":41,"key":"Juzu Bracelet"},{"floor":43,"key":"Bronze Scales"},{"floor":44,"key":"Potion Belt"},{"floor":46,"key":"Gremlin Horn"}],"event_choices":[{"damage_healed":16.0,"max_hp_gain":0.0,"max_hp_loss":0.0,"gold_gain":0.0,"event_name":"Mushrooms","player_choice":"Healed and dodged fight","floor":7.0,"gold_loss":0.0,"damage_taken":0.0,"cards_obtained":["Parasite"]},{"damage_healed":0.0,"max_hp_gain":0.0,"max_hp_loss":0.0,"gold_gain":0.0,"event_name":"Shining Light","player_choice":"Entered Light","floor":12.0,"gold_loss":0.0,"damage_taken":13.0,"cards_upgraded":["Strike_G","Masterful Stab"]},{"damage_healed":0.0,"max_hp_gain":0.0,"max_hp_loss":0.0,"gold_gain":0.0,"event_name":"Cursed Tome","player_choice":"Obtained Book","floor":21.0,"gold_loss":0.0,"damage_taken":16.0},{"damage_healed":0.0,"max_hp_gain":0.0,"max_hp_loss":0.0,"gold_gain":0.0,"event_name":"Addict","player_choice":"Stole Relic","floor":22.0,"gold_loss":0.0,"damage_taken":0.0,"relics_obtained":["Orichalcum"],"cards_obtained":["Shame"]},{"damage_healed":0,"gold_gain":999,"player_choice":"Gold","damage_taken":0,"max_hp_gain":0,"max_hp_loss":0,"event_name":"MindBloom","floor":37,"gold_loss":0,"cards_obtained":["Normality","Normality"]},{"damage_healed":0,"gold_gain":0,"player_choice":"Memory 1","damage_taken":0,"max_hp_gain":0,"max_hp_loss":0,"event_name":"SensoryStone","floor":45,"gold_loss":0},{"damage_healed":0,"gold_gain":275,"player_choice":"Desecrate","damage_taken":0,"max_hp_gain":0,"max_hp_loss":0,"event_name":"Golden Shrine","floor":47,"gold_loss":0,"cards_obtained":["Regret"]}],"is_beta":false,"boss_relics":[{"not_picked":["Empty Cage","Calling Bell"],"picked":"Fusion Hammer"},{"not_picked":["Cursed Key","Black Star"],"picked":"Astrolabe"}],"items_purged_floors":[36,39],"is_endless":false,"potions_floor_spawned":[1,5,6,10,18,23,28,31,33,41,44,48],"ascension_level":14}