{"gold_per_floor":[360,435,449,449,5,37,57,57,84,101,101,131,131,146,146,249,249,268,279,93,93,192,192,202,214,241,257,257,257,276,291,291,393,393,413,413,513,526,543,543,543,643,669,685,685,6,6,6,6,6],"floor_reached":51,"playtime":5192,"items_purged":["Strike_G","Strike_G"],"score":929,"play_id":"b905c695-155e-4c9a-b06d-66f513919b4b","local_time":"20190818134825","is_ascension_mode":true,"campfire_choices":[{"floor":8,"key":"REST"},{"data":"Catalyst","floor":11,"key":"SMITH"},{"data":"Cloak And Dagger","floor":13,"key":"SMITH"},{"data":"Cloak And Dagger","floor":15,"key":"SMITH"},{"data":"Well Laid Plans","floor":23,"key":"SMITH"},{"data":"PiercingWail","floor":29,"key":"SMITH"},{"floor":32,"key":"REST"},{"data":"Backflip","floor":40,"key":"SMITH"},{"data":"Noxious Fumes","floor":45,"key":"SMITH"},{"data":"Cloak And Dagger","floor":49,"key":"SMITH"}],"neow_cost":"PERCENT_DAMAGE","seed_source_timestamp":75536646163287,"circlet_count":0,"master_deck":["Strike_G","Strike_G","Defend_G+1","Defend_G","Defend_G+1","Defend_G","Defend_G","Survivor","Neutralize","Noxious Fumes","Backstab","Cloak And Dagger+1","Cloak And Dagger+1","Well Laid Plans+1","Catalyst+1","Poisoned Stab","After Image","Noxious Fumes+1","PiercingWail+1","Terror+1","Backflip+1","Cloak And Dagger+1","Accuracy","Infinite Blades","Cloak And Dagger+1"],"relics":["Ring of the Snake","The Courier","Pen Nib","Dream Catcher","Boot","War Paint","Bronze Scales","Mercury Hourglass","Busted Crown","Tiny Chest","MutagenicStrength","Potion Belt","Blood Vial","WristBlade","Ice Cream","Juzu Bracelet","FossilizedHelix","Pear","Strawberry"],"potions_floor_usage":[10,16,16,25,33,33,35,44,50,50],"damage_taken":[{"damage":0,"enemies":"Cultist","floor":1,"turns":4},{"damage":0,"enemies":"2 Louse","floor":3,"turns":3},{"damage":19,"enemies":"Lagavulin","floor":6,"turns":8},{"damage":0,"enemies":"Jaw Worm","floor":7,"turns":3},{"damage":0,"enemies":"Looter","floor":10,"turns":2},{"damage":1,"enemies":"3 Sentries","floor":12,"turns":7},{"damage":0,"enemies":"Blue Slaver","floor":14,"turns":1},{"damage":0,"enemies":"Hexaghost","floor":16,"turns":9},{"damage":0,"enemies":"3 Byrds","floor":18,"turns":2},{"damage":8,"enemies":"2 Thieves","floor":19,"turns":4},{"damage":2,"enemies":"Chosen and Byrds","floor":24,"turns":4},{"damage":0,"enemies":"Centurion and Healer","floor":25,"turns":5},{"damage":7,"enemies":"3 Cultists","floor":27,"turns":5},{"damage":0,"enemies":"Chosen and Byrds","floor":30,"turns":4},{"damage":10,"enemies":"Sentry and Sphere","floor":31,"turns":4},{"damage":20,"enemies":"Collector","floor":33,"turns":8},{"damage":2,"enemies":"3 Shapes","floor":35,"turns":4},{"damage":4,"enemies":"Mind Bloom Boss Battle","floor":37,"turns":6},{"damage":0,"enemies":"Orb Walker","floor":38,"turns":2},{"damage":3,"enemies":"Maw","floor":39,"turns":6},{"damage":0,"enemies":"Transient","floor":44,"turns":5},{"damage":49,"enemies":"Time Eater","floor":50,"turns":11}],"seed_played":"-9144697460431367354","potions_obtained":[{"floor":6,"key":"GhostInAJar"},{"floor":7,"key":"FearPotion"},{"floor":10,"key":"Swift Potion"},{"floor":12,"key":"PowerPotion"},{"floor":24,"key":"AttackPotion"},{"floor":27,"key":"GamblersBrew"},{"floor":30,"key":"Fire Potion"},{"floor":33,"key":"GhostInAJar"},{"floor":37,"key":"Strength Potion"},{"floor":39,"key":"SkillPotion"}],"is_trial":false,"path_per_floor":["M","T","M","?","$","E","M","R","T","M","R","E","R","M","R","B",null,"M","M","$","?","?","R","M","M","T","M","T","R","M","M","R","B",null,"M","?","?","M","M","R","?","?","T","M","R","$","?","T","R","B",null],"character_chosen":"THE_SILENT","items_purchased":["Cloak And Dagger","Cloak And Dagger","Pen Nib","Dream Catcher","Boot","Noxious Fumes","Tiny Chest","Accuracy","Infinite Blades","Cloak And Dagger","FossilizedHelix","Pear"],"campfire_rested":2,"item_purchase_floors":[5,5,5,5,5,20,20,46,46,46,46,46],"current_hp_per_floor":[45,45,45,68,68,49,49,70,70,70,70,69,69,69,69,69,70,70,62,62,62,62,62,60,60,60,53,53,53,55,47,68,50,65,65,65,63,65,64,64,64,64,64,66,66,76,76,83,83,36],"gold":6,"neow_bonus":"TWO_FIFTY_GOLD","is_prod":false,"is_daily":false,"chose_seed":false,"campfire_upgraded":8,"win_rate":0,"timestamp":1566132505,"path_taken":["M","?","M","?","$","E","M","R","T","M","R","E","R","M","R","BOSS","M","M","$","?","?","R","M","M","T","M","?","R","M","?","R","BOSS","M","?","?","M","M","R","?","?","T","M","R","$","?","?","R","BOSS"],"build_version":"2019-07-17","purchased_purges":2,"victory":true,"max_hp_per_floor":[70,70,70,70,70,70,70,70,70,70,70,70,70,70,70,70,70,70,70,70,70,70,70,70,70,70,70,70,70,70,70,70,70,70,70,70,70,70,70,70,70,70,70,70,70,80,80,87,87,87],"card_choices":[{"not_picked":["Underhanded Strike","Backflip"],"picked":"Noxious Fumes","floor":1},{"not_picked":["Outmaneuver","Masterful Stab"],"picked":"Backstab","floor":3},{"not_picked":["Caltrops","Flying Knee","Choke"],"picked":"SKIP","floor":6},{"not_picked":["Flechettes","Underhanded Strike"],"picked":"Well Laid Plans","floor":7},{"not_picked":["Quick Slash","Blade Dance"],"picked":"Catalyst","floor":8},{"not_picked":["Setup","Underhanded Strike","Dodge and Roll"],"picked":"SKIP","floor":10},{"not_picked":["Flechettes","Deadly Poison"],"picked":"Poisoned Stab","floor":12},{"not_picked":["Slice","Doppelganger","Blade Dance"],"picked":"SKIP","floor":14},{"not_picked":["Grand Finale","Burst"],"picked":"After Image","floor":16},{"not_picked":["Deflect"],"picked":"SKIP","floor":18},{"not_picked":["Quick Slash+1"],"picked":"SKIP","floor":19},{"not_picked":["Slice"],"picked":"SKIP","floor":24},{"not_picked":[],"picked":"PiercingWail","floor":25},{"not_picked":["PiercingWail"],"picked":"SKIP","floor":27},{"not_picked":[],"picked":"Terror+1","floor":30},{"not_picked":[],"picked":"Backflip","floor":31},{"not_picked":["Quick Slash+1"],"picked":"SKIP","floor":35},{"not_picked":[],"picked":"Cloak And Dagger+1","floor":38},{"not_picked":["Skewer+1"],"picked":"SKIP","floor":39},{"not_picked":["Terror+1"],"picked":"SKIP","floor":44}],"player_experience":408230,"relics_obtained":[{"floor":2,"key":"The Courier"},{"floor":6,"key":"War Paint"},{"floor":9,"key":"Bronze Scales"},{"floor":12,"key":"Mercury Hourglass"},{"floor":26,"key":"Potion Belt"},{"floor":28,"key":"Blood Vial"},{"floor":37,"key":"Ice Cream"},{"floor":43,"key":"Juzu Bracelet"},{"floor":48,"key":"Strawberry"}],"event_choices":[{"damage_healed":23,"gold_gain":0,"player_choice":"Banana","damage_taken":0,"max_hp_gain":0,"max_hp_loss":0,"event_name":"Big Fish","floor":4,"gold_loss":0},{"damage_healed":0,"gold_gain":0,"player_choice":"Inject Mutagens","damage_taken":0,"relics_obtained":["MutagenicStrength"],"max_hp_gain":0,"max_hp_loss":0,"event_name":"Drug Dealer","floor":21,"gold_loss":0},{"damage_healed":0,"gold_gain":99,"player_choice":"Stole From Cult","damage_taken":0,"max_hp_gain":0,"max_hp_loss":0,"event_name":"Nest","floor":22,"gold_loss":0},{"cards_removed":["Strike_G"],"damage_healed":0,"gold_gain":0,"player_choice":"Removed Attack","damage_taken":0,"max_hp_gain":0,"max_hp_loss":0,"event_name":"Falling","floor":36,"gold_loss":0},{"damage_healed":0,"gold_gain":0,"player_choice":"Fight","damage_taken":0,"max_hp_gain":0,"max_hp_loss":0,"event_name":"MindBloom","floor":37,"gold_loss":0},{"damage_healed":0,"gold_gain":0,"player_choice":"Ignored","damage_taken":0,"max_hp_gain":0,"max_hp_loss":0,"event_name":"Tomb of Lord Red Mask","floor":41,"gold_loss":0},{"damage_healed":0,"gold_gain":100,"player_choice":"Pray","damage_taken":0,"max_hp_gain":0,"max_hp_loss":0,"event_name":"Golden Shrine","floor":42,"gold_loss":0},{"damage_healed":0,"gold_gain":0,"player_choice":"Ignored","damage_taken":0,"max_hp_gain":0,"max_hp_loss":0,"event_name":"Mysterious Sphere","floor":47,"gold_loss":0}],"is_beta":false,"boss_relics":[{"not_picked":["Ectoplasm","Philosopher\u0027s Stone"],"picked":"Busted Crown"},{"not_picked":["Calling Bell","Runic Pyramid"],"picked":"WristBlade"}],"items_purged_floors":[20,46],"is_endless":false,"potions_floor_spawned":[6,7,10,12,24,27,30,33,37,39],"ascension_level":6}