{"gold_per_floor":[117,132,147,161,28,28,62,137,164,164,179,211,227,256,256,359,359,369,369,383,383,383,412,412,444,444,444,455,234,234,259,259,364,364,382,382,398,85,85,85,97,97,97,97,97,116,116,131,131,131],"floor_reached":50,"playtime":3565,"items_purged":["Endless Agony"],"score":671,"play_id":"a8e0dfa9-f49a-4f02-8bc6-c2807624192f","local_time":"20190606200652","is_ascension_mode":true,"campfire_choices":[{"data":"Neutralize","floor":6,"key":"SMITH"},{"data":"Dodge and Roll","floor":10,"key":"SMITH"},{"data":"Glass Knife","floor":15,"key":"SMITH"},{"floor":24,"key":"REST"},{"floor":27,"key":"RECALL"},{"floor":32,"key":"REST"},{"data":"Noxious Fumes","floor":40,"key":"SMITH"},{"floor":45,"key":"REST"},{"data":"Well Laid Plans","floor":49,"key":"SMITH"}],"neow_cost":"NONE","seed_source_timestamp":185322748485988,"circlet_count":0,"master_deck":["Defend_G+1","Defend_G+1","Defend_G+1","Defend_G+1","Defend_G+1","Strike_G+1","Strike_G+1","Strike_G+1","Survivor","Neutralize+1","Dagger Throw","Noxious Fumes+1","Caltrops","Dodge and Roll+1","Poisoned Stab","Glass Knife+1","Backstab","Wraith Form v2","Well Laid Plans+1","Caltrops","PiercingWail+1","Wraith Form v2","Night Terror","Envenom","Catalyst","Writhe","Cloak And Dagger+1","Dodge and Roll+1"],"relics":["Ring of the Snake","Art of War","Ancient Tea Set","Dream Catcher","Odd Mushroom","Empty Cage","Nilry\u0027s Codex","Bottled Lightning","Question Card","Bag of Preparation","Orichalcum","Calling Bell","Bag of Marbles","Paper Crane","Bird Faced Urn","The Specimen","Juzu Bracelet"],"potions_floor_usage":[7,12,14,16,23,23,41,50],"damage_taken":[{"damage":0,"enemies":"Small Slimes","floor":1,"turns":7},{"damage":0,"enemies":"Jaw Worm","floor":2,"turns":4},{"damage":1,"enemies":"2 Louse","floor":3,"turns":4},{"damage":0,"enemies":"2 Fungi Beasts","floor":4,"turns":4},{"damage":19,"enemies":"3 Sentries","floor":7,"turns":9},{"damage":0,"enemies":"3 Louse","floor":11,"turns":4},{"damage":20,"enemies":"Lagavulin","floor":12,"turns":7},{"damage":1,"enemies":"Exordium Wildlife","floor":13,"turns":3},{"damage":8,"enemies":"The Mushroom Lair","floor":14,"turns":3},{"damage":0,"enemies":"Hexaghost","floor":16,"turns":9},{"damage":8,"enemies":"Shell Parasite","floor":18,"turns":5},{"damage":0,"enemies":"Spheric Guardian","floor":20,"turns":5},{"damage":19,"enemies":"Gremlin Leader","floor":23,"turns":6},{"damage":17,"enemies":"Slavers","floor":25,"turns":8},{"damage":17,"enemies":"Centurion and Healer","floor":28,"turns":6},{"damage":22,"enemies":"Champ","floor":33,"turns":20},{"damage":9,"enemies":"3 Shapes","floor":35,"turns":7},{"damage":13,"enemies":"Orb Walker","floor":37,"turns":5},{"damage":60,"enemies":"Transient","floor":41,"turns":5},{"damage":14,"enemies":"4 Shapes","floor":46,"turns":5},{"damage":12,"enemies":"Maw","floor":48,"turns":9},{"damage":51,"enemies":"Time Eater","floor":50,"turns":8}],"seed_played":"8493796199820189502","potions_obtained":[{"floor":4,"key":"GamblersBrew"},{"floor":7,"key":"Energy Potion"},{"floor":12,"key":"Strength Potion"},{"floor":14,"key":"Poison Potion"},{"floor":16,"key":"FearPotion"},{"floor":20,"key":"Explosive Potion"},{"floor":23,"key":"SpeedPotion"},{"floor":35,"key":"Weak Potion"},{"floor":46,"key":"FairyPotion"}],"is_trial":false,"path_per_floor":["M","M","M","M","$","R","E","?","T","R","M","E","M","?","R","B",null,"M","?","M","?","?","E","R","E","T","R","M","$","?","T","R","B",null,"M","?","M","$","?","R","M","?","T","$","R","M","?","M","R","B"],"character_chosen":"THE_SILENT","items_purchased":["Caltrops","Dodge and Roll","Bag of Preparation","The Specimen"],"campfire_rested":3,"item_purchase_floors":[5,5,29,38],"current_hp_per_floor":[77,77,76,76,76,76,57,46,46,46,46,26,25,17,17,17,77,69,69,69,53,53,34,57,40,40,40,23,23,23,23,46,24,77,69,69,64,64,77,77,17,17,17,17,40,30,30,28,28,0],"gold":131,"neow_bonus":"TEN_PERCENT_HP_BONUS","is_prod":false,"is_daily":false,"chose_seed":false,"campfire_upgraded":5,"win_rate":0,"timestamp":1559869612,"path_taken":["M","M","M","M","$","R","E","?","T","R","M","E","M","?","R","BOSS","M","?","M","?","?","E","R","E","T","R","?","?","?","?","R","BOSS","M","?","?","$","?","R","M","?","T","?","R","M","?","M","R","BOSS"],"build_version":"2019-01-23","purchased_purges":1,"victory":false,"max_hp_per_floor":[77,77,77,77,77,77,77,77,77,77,77,77,77,77,77,77,77,77,77,77,77,77,77,77,77,77,77,77,77,77,77,77,77,77,77,77,77,77,77,77,77,77,77,77,77,77,77,77,77,77],"card_choices":[{"not_picked":["Underhanded Strike","Deadly Poison"],"picked":"Dagger Throw","floor":1},{"not_picked":["Deadly Poison","Blade Dance"],"picked":"Noxious Fumes","floor":2},{"not_picked":["Sucker Punch","Flying Knee"],"picked":"Endless Agony","floor":3},{"not_picked":["Dagger Throw","Flechettes","Sucker Punch"],"picked":"SKIP","floor":4},{"not_picked":["Acrobatics","Grand Finale"],"picked":"Poisoned Stab","floor":7},{"not_picked":["Underhanded Strike","Setup","Slice"],"picked":"SKIP","floor":11},{"not_picked":["All Out Attack","Concentrate"],"picked":"Glass Knife","floor":12},{"not_picked":["Dagger Throw","Quick Slash"],"picked":"Dagger Spray","floor":13},{"not_picked":["Underhanded Strike","Flechettes"],"picked":"Backstab","floor":14},{"not_picked":["After Image","Bullet Time"],"picked":"Wraith Form v2","floor":16},{"not_picked":["Slice","Blade Dance","Flying Knee"],"picked":"SKIP","floor":18},{"not_picked":["Cloak And Dagger","Terror+1"],"picked":"Well Laid Plans","floor":20},{"not_picked":["Deadly Poison+1","Poisoned Stab","Cloak And Dagger"],"picked":"SKIP","floor":23},{"not_picked":["Backflip+1","Outmaneuver"],"picked":"Caltrops","floor":24},{"not_picked":["Tactician","Finisher+1"],"picked":"PiercingWail+1","floor":25},{"not_picked":["Backflip","Sucker Punch","Dagger Spray+1"],"picked":"Wraith Form v2","floor":28},{"not_picked":["Quick Slash","Crippling Poison","Bane"],"picked":"Night Terror","floor":32},{"not_picked":["A Thousand Cuts","Venomology","Doppelganger"],"picked":"Envenom","floor":33},{"not_picked":["Acrobatics","Poisoned Stab+1","Sucker Punch","Bane"],"picked":"SKIP","floor":35},{"not_picked":["Bouncing Flask","Doppelganger","Outmaneuver"],"picked":"Catalyst","floor":37},{"not_picked":["Acrobatics+1","Underhanded Strike","Concentrate"],"picked":"Cloak And Dagger+1","floor":41},{"not_picked":["Outmaneuver+1","Night Terror","Slice+1","Cloak And Dagger"],"picked":"SKIP","floor":46},{"not_picked":["Slice","Deadly Poison","Accuracy"],"picked":"Dodge and Roll+1","floor":48}],"player_experience":105615,"relics_obtained":[{"floor":7,"key":"Art of War"},{"floor":9,"key":"Ancient Tea Set"},{"floor":12,"key":"Dream Catcher"},{"floor":14,"key":"Odd Mushroom"},{"floor":21,"key":"Nilry\u0027s Codex"},{"floor":23,"key":"Bottled Lightning"},{"floor":25,"key":"Question Card"},{"floor":31,"key":"Orichalcum"},{"floor":34,"key":"Bag of Marbles"},{"floor":34,"key":"Paper Crane"},{"floor":34,"key":"Bird Faced Urn"},{"floor":43,"key":"Juzu Bracelet"}],"event_choices":[{"damage_healed":0,"gold_gain":75,"player_choice":"Gather Gold","damage_taken":11,"max_hp_gain":0,"max_hp_loss":0,"event_name":"World of Goop","floor":8,"gold_loss":0},{"damage_healed":0,"gold_gain":0,"player_choice":"Fought Mushrooms","damage_taken":0,"max_hp_gain":0,"max_hp_loss":0,"event_name":"Mushrooms","floor":14,"gold_loss":0},{"damage_healed":0,"gold_gain":0,"player_choice":"Simplicity","damage_taken":0,"max_hp_gain":0,"max_hp_loss":0,"event_name":"Back to Basics","floor":19,"gold_loss":0,"cards_upgraded":["Defend_G","Defend_G","Defend_G","Defend_G","Defend_G","Strike_G","Strike_G","Strike_G"]},{"damage_healed":0,"gold_gain":0,"player_choice":"Obtained Book","damage_taken":16,"max_hp_gain":0,"max_hp_loss":0,"event_name":"Cursed Tome","floor":21,"gold_loss":0},{"damage_healed":0,"gold_gain":0,"player_choice":"Ignored","damage_taken":0,"max_hp_gain":0,"max_hp_loss":0,"event_name":"Beggar","floor":22,"gold_loss":0},{"damage_healed":0,"gold_gain":0,"player_choice":"Ignored","damage_taken":0,"max_hp_gain":0,"max_hp_loss":0,"event_name":"Vampires","floor":30,"gold_loss":0},{"cards_removed":["Shame","Regret","Injury"],"damage_healed":0,"gold_gain":0,"player_choice":"Removed Curses","damage_taken":0,"max_hp_gain":0,"max_hp_loss":0,"event_name":"Fountain of Cleansing","floor":36,"gold_loss":0},{"damage_healed":19,"gold_gain":0,"player_choice":"Writhe","damage_taken":0,"max_hp_gain":0,"max_hp_loss":0,"event_name":"Winding Halls","floor":39,"gold_loss":0,"cards_obtained":["Writhe"]},{"damage_healed":0,"gold_gain":0,"player_choice":"Ignored","damage_taken":0,"max_hp_gain":0,"max_hp_loss":0,"event_name":"Mysterious Sphere","floor":42,"gold_loss":0},{"cards_removed":["Dagger Spray"],"damage_healed":0,"gold_gain":0,"player_choice":"Removed Attack","damage_taken":0,"max_hp_gain":0,"max_hp_loss":0,"event_name":"Falling","floor":47,"gold_loss":0}],"is_beta":false,"boss_relics":[{"not_picked":["Tiny House","Busted Crown"],"picked":"Empty Cage"},{"not_picked":["White Beast Statue","Sozu"],"picked":"Calling Bell"}],"items_purged_floors":[29],"is_endless":false,"potions_floor_spawned":[4,7,12,14,16,20,23,35,46],"killed_by":"Time Eater","ascension_level":4}