{"gold_per_floor":[110,126,89,102,113,113,148,69,69,80,105,119,119,136,136,231,231,251,269,281,281,281],"floor_reached":22,"playtime":1015,"items_purged":[],"score":310,"play_id":"d6527133-a995-497d-9566-1c0188d9bb61","local_time":"20190623195219","is_ascension_mode":true,"campfire_choices":[{"data":"Zap","floor":6,"key":"SMITH"},{"floor":13,"key":"REST"},{"data":"White Noise","floor":15,"key":"SMITH"}],"neow_cost":"NONE","seed_source_timestamp":257060515508192,"circlet_count":0,"master_deck":["AscendersBane","Strike_B","Strike_B","Strike_B","Strike_B","Defend_B","Defend_B","Defend_B","Defend_B","Zap+1","Dualcast","Auto Shields","Streamline","Leap","FTL","Sweeping Beam","All For One","Hologram","Glacier","Ball Lightning","Turbo","Leap","White Noise+1","Creative AI+1","Stack","Compile Driver+1"],"relics":["Cracked Core","PreservedInsect","DataDisk","Gremlin Horn","Runic Pyramid"],"potions_floor_usage":[10,11,16,19,20],"damage_taken":[{"damage":0,"enemies":"Cultist","floor":1,"turns":3},{"damage":1,"enemies":"Jaw Worm","floor":2,"turns":3},{"damage":2,"enemies":"2 Louse","floor":4,"turns":2},{"damage":0,"enemies":"2 Fungi Beasts","floor":5,"turns":3},{"damage":27,"enemies":"3 Sentries","floor":7,"turns":7},{"damage":17,"enemies":"Exordium Thugs","floor":10,"turns":3},{"damage":9,"enemies":"Lagavulin","floor":11,"turns":5},{"damage":0,"enemies":"Lots of Slimes","floor":12,"turns":2},{"damage":3,"enemies":"Blue Slaver","floor":14,"turns":2},{"damage":2,"enemies":"The Guardian","floor":16,"turns":8},{"damage":14,"enemies":"3 Byrds","floor":18,"turns":5},{"damage":9,"enemies":"2 Thieves","floor":19,"turns":3},{"damage":39,"enemies":"Snecko","floor":20,"turns":8},{"damage":10,"enemies":"Sentry and Sphere","floor":22,"turns":3}],"seed_played":"1040324897069492459","potions_obtained":[{"floor":2,"key":"Weak Potion"},{"floor":7,"key":"Poison Potion"},{"floor":12,"key":"SkillPotion"},{"floor":14,"key":"Dexterity Potion"},{"floor":19,"key":"PowerPotion"}],"is_trial":false,"path_per_floor":["M","M","$","M","M","R","E","$","T","M","E","M","R","M","R","B",null,"M","M","M","?","M"],"character_chosen":"DEFECT","items_purchased":["FTL","Glacier"],"campfire_rested":1,"item_purchase_floors":[3,8],"current_hp_per_floor":[68,67,67,65,65,65,38,38,38,21,12,12,34,31,31,29,64,50,41,2,2,0],"gold":281,"neow_bonus":"THREE_CARDS","is_prod":false,"is_daily":false,"chose_seed":false,"campfire_upgraded":2,"win_rate":0,"timestamp":1561337539,"path_taken":["M","M","$","M","M","R","E","$","T","M","E","M","R","M","R","BOSS","M","?","M","?","?"],"build_version":"2019-01-23","purchased_purges":0,"victory":false,"max_hp_per_floor":[75,75,75,75,75,75,75,75,75,75,75,75,75,75,75,75,75,75,75,75,75,75],"card_choices":[{"not_picked":["Turbo","Gash"],"picked":"Auto Shields","floor":0},{"not_picked":["Capacitor","Coolheaded"],"picked":"Streamline","floor":1},{"not_picked":["Gash","Coolheaded"],"picked":"Leap","floor":2},{"not_picked":["Capacitor","Beam Cell"],"picked":"Sweeping Beam","floor":4},{"not_picked":["Barrage","Steam"],"picked":"All For One","floor":5},{"not_picked":["Streamline","Leap"],"picked":"Hologram","floor":7},{"not_picked":["Lockon","Gash"],"picked":"Ball Lightning","floor":10},{"not_picked":["Darkness","Scrape"],"picked":"Turbo","floor":11},{"not_picked":["Sweeping Beam","Heatsinks"],"picked":"Leap","floor":12},{"not_picked":["Scrape","Rebound"],"picked":"White Noise","floor":14},{"not_picked":["Multi-Cast","Rainbow"],"picked":"Creative AI","floor":16},{"not_picked":["Gash","Redo","Lockon"],"picked":"SKIP","floor":18},{"not_picked":["Gash","Streamline"],"picked":"Stack","floor":19},{"not_picked":["Hologram","Turbo"],"picked":"Compile Driver+1","floor":20}],"player_experience":275957,"relics_obtained":[{"floor":7,"key":"PreservedInsect"},{"floor":9,"key":"DataDisk"},{"floor":11,"key":"Gremlin Horn"}],"event_choices":[{"damage_healed":0,"gold_gain":0,"player_choice":"Upgraded","damage_taken":0,"max_hp_gain":0,"max_hp_loss":0,"event_name":"Upgrade Shrine","floor":21,"gold_loss":0,"cards_upgraded":["Creative AI"]}],"is_beta":false,"boss_relics":[{"not_picked":["Busted Crown","Philosopher\u0027s Stone"],"picked":"Runic Pyramid"}],"items_purged_floors":[],"is_endless":false,"potions_floor_spawned":[2,7,12,14,19],"killed_by":"Sentry and Sphere","ascension_level":11}