{"gold_per_floor":[113,188,206,225,108,108,136,136,160,193,193,193,211,222,222,299,299,309,71,84,9,9,9,42,15,15,25,39,39,51,51],"floor_reached":31,"playtime":1385,"items_purged":["Strike_R"],"score":437,"play_id":"9e1bc0cd-e3df-44e5-b334-2fc91070cf50","local_time":"20190701172850","is_ascension_mode":true,"campfire_choices":[{"data":"Armaments","floor":6.0,"key":"SMITH"},{"floor":8.0,"key":"REST"},{"data":"Body Slam","floor":11.0,"key":"SMITH"},{"floor":15.0,"key":"REST"},{"floor":23.0,"key":"REST"},{"floor":29.0,"key":"REST"}],"neow_cost":"NONE","seed_source_timestamp":938862362503716,"circlet_count":0,"master_deck":["AscendersBane","Strike_R","Strike_R","Defend_R","Defend_R","Defend_R","Defend_R","Bash","Armaments+1","Body Slam+1","Hemokinesis","Rampage","Rupture","Twin Strike","Ghostly Armor","Offering","Shrug It Off","Demon Form","Feel No Pain","Sword Boomerang+1","Reaper","Body Slam","Body Slam"],"special_seed":0,"relics":["Burning Blood","Omamori","Anchor","Strawberry","Runic Pyramid","Membership Card","Pantograph","Bag of Marbles","Letter Opener"],"potions_floor_usage":[],"damage_taken":[{"damage":19.0,"enemies":"2 Louse","floor":1.0,"turns":3.0},{"damage":1.0,"enemies":"Cultist","floor":3.0,"turns":3.0},{"damage":0.0,"enemies":"Small Slimes","floor":4.0,"turns":3.0},{"damage":45.0,"enemies":"Gremlin Nob","floor":7.0,"turns":5.0},{"damage":33.0,"enemies":"3 Sentries","floor":10.0,"turns":9.0},{"damage":10.0,"enemies":"2 Fungi Beasts","floor":13.0,"turns":3.0},{"damage":3.0,"enemies":"Blue Slaver","floor":14.0,"turns":2.0},{"damage":41.0,"enemies":"Slime Boss","floor":16.0,"turns":9.0},{"damage":27.0,"enemies":"Shell Parasite","floor":18.0,"turns":6.0},{"damage":31.0,"enemies":"Spheric Guardian","floor":20.0,"turns":4.0},{"damage":38.0,"enemies":"Slavers","floor":24.0,"turns":6.0},{"damage":30.0,"enemies":"Centurion and Healer","floor":27.0,"turns":8.0},{"damage":19.0,"enemies":"Chosen and Byrds","floor":28.0,"turns":7.0},{"damage":23.0,"enemies":"Snake Plant","floor":30.0,"turns":6.0},{"damage":37,"enemies":"Sentry and Sphere","floor":31,"turns":5}],"seed_played":"8627481330607349191","potions_obtained":[{"floor":1.0,"key":"Dexterity Potion"},{"floor":3.0,"key":"Weak Potion"},{"floor":12.0,"key":"SteroidPotion"},{"floor":20.0,"key":"Weak Potion"},{"floor":27.0,"key":"Dexterity Potion"},{"floor":28.0,"key":"Energy Potion"}],"is_trial":false,"path_per_floor":["M","?","M","M","$","R","E","R","T","E","R","?","M","M","R","B",null,"M","$","M","?","?","R","E","$","T","M","M","R","M","M"],"character_chosen":"IRONCLAD","items_purchased":["Rampage","Rupture","Membership Card","Body Slam"],"campfire_rested":4,"item_purchase_floors":[5,5,19,25],"current_hp_per_floor":[59,48,53,59,59,59,20,44,44,24,24,24,20,23,49,14,69,48,48,23,23,23,49,17,17,17,17,14,40,28,0],"gold":51,"neow_bonus":"REMOVE_CARD","is_prod":false,"is_daily":false,"chose_seed":false,"campfire_upgraded":2,"win_rate":0,"timestamp":1562020130,"path_taken":["M","?","M","M","$","R","E","R","T","E","R","?","?","M","R","BOSS","M","$","M","?","?","R","E","?","T","M","M","R","M","?"],"build_version":"2019-01-23","purchased_purges":1,"victory":false,"max_hp_per_floor":[80,80,80,80,80,80,80,80,80,87,87,87,87,87,87,87,87,87,87,87,87,87,87,87,87,87,87,87,87,87,87],"card_choices":[{"not_picked":["Infernal Blade","Seeing Red"],"picked":"Armaments","floor":1.0},{"not_picked":["Evolve","Anger"],"picked":"Body Slam","floor":3.0},{"not_picked":["Clash","Anger"],"picked":"Hemokinesis","floor":4.0},{"not_picked":["Dropkick","Flex"],"picked":"Twin Strike","floor":7.0},{"not_picked":["Burning Pact","Perfected Strike"],"picked":"Ghostly Armor","floor":10.0},{"not_picked":["Cleave","Fire Breathing"],"picked":"Offering","floor":13.0},{"not_picked":["Headbutt","Pommel Strike"],"picked":"Shrug It Off","floor":14.0},{"not_picked":["Offering","Feed"],"picked":"Demon Form","floor":16.0},{"not_picked":["Whirlwind","Havoc+1"],"picked":"Feel No Pain","floor":18.0},{"not_picked":["Pommel Strike","Burning Pact"],"picked":"Sword Boomerang+1","floor":20.0},{"not_picked":["Intimidate","Body Slam"],"picked":"Reaper","floor":24.0},{"not_picked":["Entrench","Sentinel","Iron Wave"],"picked":"SKIP","floor":27.0},{"not_picked":["Clash","Entrench","Wild Strike+1"],"picked":"SKIP","floor":28.0},{"not_picked":["Power Through","Pommel Strike"],"picked":"Body Slam","floor":30.0}],"player_experience":318109,"relics_obtained":[{"floor":7.0,"key":"Omamori"},{"floor":9.0,"key":"Anchor"},{"floor":10.0,"key":"Strawberry"},{"floor":24.0,"key":"Bag of Marbles"},{"floor":26.0,"key":"Letter Opener"}],"event_choices":[{"damage_healed":0.0,"max_hp_gain":0.0,"max_hp_loss":0.0,"gold_gain":75.0,"event_name":"World of Goop","player_choice":"Gather Gold","floor":2.0,"gold_loss":0.0,"damage_taken":11.0},{"damage_healed":0.0,"max_hp_gain":0.0,"max_hp_loss":0.0,"gold_gain":0.0,"event_name":"Lab","player_choice":"Got Potions","floor":12.0,"gold_loss":0.0,"damage_taken":0.0},{"cards_removed":["Strike_R"],"damage_healed":0.0,"max_hp_gain":0.0,"max_hp_loss":0.0,"gold_gain":0.0,"event_name":"Beggar","player_choice":"Gave Gold","floor":21.0,"gold_loss":75.0,"damage_taken":0.0},{"damage_healed":0.0,"max_hp_gain":0.0,"max_hp_loss":0.0,"gold_gain":0.0,"event_name":"The Mausoleum","player_choice":"Opened","floor":22.0,"gold_loss":0.0,"damage_taken":0.0,"relics_obtained":["Pantograph"],"cards_obtained":["Writhe"]}],"is_beta":false,"boss_relics":[{"not_picked":["Fusion Hammer","Orrery"],"picked":"Runic Pyramid"}],"items_purged_floors":[19],"is_endless":false,"potions_floor_spawned":[1,3,13,20,27,28],"killed_by":"Sentry and Sphere","ascension_level":13}