{"gold_per_floor":[115,126,6,26,26,26,39,56,56,56,85,85,99,117,117,117],"floor_reached":16,"playtime":866,"items_purged":["Strike_R"],"score":125,"play_id":"dd7fe6b8-0478-4814-af30-c28b2aeedb80","local_time":"20190813195832","is_ascension_mode":true,"campfire_choices":[{"data":"Armaments","floor":6,"key":"SMITH"},{"data":"Searing Blow","floor":10,"key":"SMITH"},{"floor":12,"key":"REST"},{"floor":15,"key":"REST"}],"neow_cost":"NONE","seed_source_timestamp":36044818175771,"circlet_count":0,"master_deck":["Strike_R","Strike_R","Strike_R","Defend_R","Defend_R","Defend_R","Bash","Intimidate","Sword Boomerang","Armaments+1","Searing Blow+1","Cleave","Impervious","Feel No Pain","Flame Barrier"],"relics":["Burning Blood","Dodecahedron","Art of War"],"potions_floor_usage":[16],"damage_taken":[{"damage":10,"enemies":"Cultist","floor":1,"turns":5},{"damage":0,"enemies":"Small Slimes","floor":2,"turns":3},{"damage":5,"enemies":"Jaw Worm","floor":4,"turns":5},{"damage":6,"enemies":"Blue Slaver","floor":7,"turns":4},{"damage":15,"enemies":"Exordium Thugs","floor":8,"turns":5},{"damage":32,"enemies":"3 Sentries","floor":11,"turns":7},{"damage":9,"enemies":"Looter","floor":13,"turns":3},{"damage":28,"enemies":"Gremlin Gang","floor":14,"turns":4},{"damage":90,"enemies":"Hexaghost","floor":16,"turns":14}],"seed_played":"-5667763319543801290","potions_obtained":[{"floor":2,"key":"SteroidPotion"},{"floor":11,"key":"LiquidBronze"},{"floor":14,"key":"BloodPotion"}],"is_trial":false,"path_per_floor":["M","M","$","M","?","R","M","M","T","R","E","R","M","M","R","B"],"character_chosen":"IRONCLAD","items_purchased":["Armaments"],"campfire_rested":2,"item_purchase_floors":[3],"current_hp_per_floor":[76,80,80,80,80,80,80,71,71,71,45,69,66,44,68,0],"gold":117,"neow_bonus":"REMOVE_CARD","is_prod":false,"is_daily":false,"chose_seed":false,"campfire_upgraded":2,"win_rate":0,"timestamp":1565751512,"path_taken":["M","M","$","?","?","R","M","M","T","R","E","R","?","M","R","BOSS"],"build_version":"2019-07-17","purchased_purges":1,"victory":false,"max_hp_per_floor":[80,80,80,80,80,80,80,80,80,80,80,80,80,80,80,80],"card_choices":[{"not_picked":["Clothesline","Bloodletting"],"picked":"Intimidate","floor":1},{"not_picked":["Bloodletting","Twin Strike"],"picked":"Sword Boomerang","floor":2},{"not_picked":["Body Slam","Warcry"],"picked":"Searing Blow","floor":4},{"not_picked":["Spot Weakness","Clothesline"],"picked":"Cleave","floor":7},{"not_picked":["Wild Strike","Perfected Strike","Cleave"],"picked":"SKIP","floor":8},{"not_picked":["Corruption","Wild Strike"],"picked":"Impervious","floor":11},{"not_picked":["Clothesline","Iron Wave"],"picked":"Feel No Pain","floor":13},{"not_picked":["Dual Wield","Flex"],"picked":"Flame Barrier","floor":14}],"player_experience":367889,"relics_obtained":[{"floor":9,"key":"Dodecahedron"},{"floor":11,"key":"Art of War"}],"event_choices":[{"cards_removed":["Strike_R"],"damage_healed":0,"gold_gain":0,"player_choice":"Purged","damage_taken":0,"max_hp_gain":0,"max_hp_loss":0,"event_name":"Purifier","floor":5,"gold_loss":0}],"is_beta":false,"boss_relics":[],"items_purged_floors":[3],"is_endless":false,"potions_floor_spawned":[2,11,14],"killed_by":"Hexaghost","ascension_level":4}