{"path_per_floor":["M","M","M","M","M","R","E","R","T","E","M","?","M","M","R","B",null,"M","M","$","?","M","M","E","R","T","E","R"],"character_chosen":"THE_SILENT","items_purchased":["Caltrops","Ornamental Fan","Prepared"],"gold_per_floor":[117,128,139,159,173,173,201,201,226,261,275,450,468,482,482,577,577,595,607,152,152,164,184,213,213,240,265,265],"floor_reached":29,"campfire_rested":4,"playtime":2569,"current_hp_per_floor":[68,65,64,60,57,57,35,56,56,34,34,34,34,24,45,44,70,70,68,68,68,58,39,16,37,37,21,42],"items_purged":["Defend_G"],"gold":265,"play_id":"85c09b1c-048d-4e53-89ba-5d8428a10555","is_prod":false,"is_daily":false,"campfire_rituals":0,"campfire_upgraded":1,"is_hardmode":false,"path_taken":["M","M","M","M","M","R","E","R","T","E","?","?","M","M","R","BOSS","M","M","$","?","M","M","E","R","T","E","R","E"],"build_version":"2018-01-11-PROD2","purchased_purges":1,"victory":false,"master_deck":["Defend_G","Defend_G","Defend_G","Defend_G","Strike_G","Strike_G","Survivor","Neutralize","Deflect","Poisoned Stab","Prepared","Caltrops","Flying Knee","Caltrops","Flying Knee","Noxious Fumes","Doubt","Poisoned Stab","Bane","After Image","Leg Sweep","Eviscerate","Skewer","Backflip","Deadly Poison","Caltrops","Prepared","Quick Slash","Sucker Punch","Predator","Deflect"],"max_hp_per_floor":[70,70,70,70,70,70,70,70,70,70,70,70,70,70,70,70,70,70,70,70,70,70,70,70,70,70,70,70],"relics":["Ring of the Snake","Shuriken","Ninja Scroll","Astrolabe","Ornamental Fan","Nloth\u0027s Gift","Vajra","Frozen Egg","Pantograph"],"campfire_meditates":0,"card_choices":[{"not_picked":["Crippling Poison","Malaise"],"picked":"Deflect"},{"not_picked":["Dagger Throw","Backstab"],"picked":"Poisoned Stab"},{"not_picked":["Heel Hook","Blade Dance"],"picked":"Prepared"},{"not_picked":["Dodge and Roll","Sucker Punch"],"picked":"Caltrops"},{"not_picked":["Malaise","Acrobatics"],"picked":"Flying Knee"},{"not_picked":["Outmaneuver","Skewer"],"picked":"Caltrops"},{"not_picked":["Blade Dance","Eviscerate"],"picked":"Flying Knee"},{"not_picked":["Choke","Flechettes"],"picked":"Noxious Fumes"},{"not_picked":["Bouncing Flask","Backstab"],"picked":"Poisoned Stab"},{"not_picked":["Outmaneuver","Slice"],"picked":"Bane"},{"not_picked":["Tactician","A Thousand Cuts"],"picked":"After Image"},{"not_picked":["Acrobatics","Bouncing Flask"],"picked":"Backflip"},{"not_picked":["Flechettes","Flying Knee"],"picked":"Deadly Poison"},{"not_picked":["PiercingWail","Slice"],"picked":"Quick Slash"},{"not_picked":["Outmaneuver","Dagger Spray"],"picked":"Sucker Punch"},{"not_picked":["Reflex","Glass Knife"],"picked":"Predator"},{"not_picked":["Night Terror","Dagger Throw"],"picked":"Deflect"}],"player_experience":40095,"potions_floor_usage":[7,7,10,16,16,24,27,27],"damage_taken":[{"damage":2,"enemies":"Blue Slaver","floor":1,"turns":5},{"damage":3,"enemies":"Small Slimes","floor":2,"turns":5},{"damage":1,"enemies":"2 Louse","floor":3,"turns":3},{"damage":4,"enemies":"Exordium Thugs","floor":4,"turns":6},{"damage":3,"enemies":"2 Fungi Beasts","floor":5,"turns":5},{"damage":22,"enemies":"Gremlin Nob","floor":7,"turns":4},{"damage":22,"enemies":"3 Sentries","floor":10,"turns":6},{"damage":0,"enemies":"Red Slaver","floor":11,"turns":3},{"damage":0,"enemies":"Exordium Wildlife","floor":13,"turns":4},{"damage":10,"enemies":"Exordium Thugs","floor":14,"turns":4},{"damage":16,"enemies":"Slime Boss","floor":16,"turns":8},{"damage":0,"enemies":"Spheric Guardian","floor":18,"turns":4},{"damage":2,"enemies":"Chosen","floor":19,"turns":4},{"damage":10,"enemies":"Snecko","floor":22,"turns":4},{"damage":19,"enemies":"Snake Plant","floor":23,"turns":4},{"damage":23,"enemies":"Book of Stabbing","floor":24,"turns":5},{"damage":31,"enemies":"Slavers","floor":27,"turns":5},{"damage":48,"enemies":"Gremlin Leader","floor":29,"turns":7}],"event_choices":[{"event_name":"Liars Game","player_choice":"agreed","floor":12,"damage_taken":0},{"event_name":"N\u0027loth","player_choice":"Traded a Anchor","floor":21,"damage_taken":0}],"boss_relics":[{"not_picked":["White Beast Statue","The Specimen"],"picked":"Astrolabe"}],"potions_floor_spawned":[1,2,5,11,13,14,22,23,24],"seed_played":"6795699762915261179","killed_by":"Gremlin Leader","is_trial":false}