{"gold_per_floor":[110,385,405,405,17,44,63,90,90,90],"floor_reached":10,"playtime":288,"items_purged":["Regret"],"score":202,"play_id":"88921ca5-9781-40e0-a99c-fd2baf999a06","local_time":"20190816104714","is_ascension_mode":true,"campfire_choices":[],"neow_cost":"NONE","seed_source_timestamp":94706502884000,"circlet_count":0,"master_deck":["AscendersBane","Strike_G","Strike_G","Strike_G","Strike_G","Strike_G","Defend_G","Defend_G","Defend_G","Defend_G","Defend_G","Survivor","Neutralize","Calculated Gamble","Quick Slash","Regret","Well Laid Plans","Predator","Poisoned Stab","Predator","Underhanded Strike","Caltrops"],"relics":["Ring of the Snake","NeowsBlessing","Bag of Marbles","Tiny Chest","Bottled Flame","Juzu Bracelet"],"potions_floor_usage":[10],"damage_taken":[{"damage":0,"enemies":"Small Slimes","floor":1,"turns":1},{"damage":0,"enemies":"Cultist","floor":3,"turns":1},{"damage":0,"enemies":"Gremlin Nob","floor":6,"turns":1},{"damage":0,"enemies":"2 Louse","floor":7,"turns":2},{"damage":36,"enemies":"Lagavulin","floor":8,"turns":5},{"damage":37,"enemies":"Gremlin Nob","floor":10,"turns":3}],"seed_played":"6239318570229517646","potions_obtained":[{"floor":8,"key":"LiquidBronze"}],"is_trial":false,"path_per_floor":["M","?","M","?","$","E","M","E","T","E"],"character_chosen":"THE_SILENT","items_purchased":["Tiny Chest","Well Laid Plans","Predator","Poisoned Stab"],"campfire_rested":0,"item_purchase_floors":[5,5,5,5],"current_hp_per_floor":[59,59,59,59,59,59,59,23,23,0],"gold":90,"neow_bonus":"THREE_ENEMY_KILL","is_prod":false,"is_daily":false,"chose_seed":false,"campfire_upgraded":0,"win_rate":0,"timestamp":1565945234,"path_taken":["M","?","?","?","$","E","M","E","T","E"],"build_version":"2019-07-17","purchased_purges":1,"victory":false,"max_hp_per_floor":[66,66,66,66,66,66,66,66,66,66],"card_choices":[{"not_picked":["Underhanded Strike","Endless Agony"],"picked":"Calculated Gamble","floor":1},{"not_picked":["Riddle With Holes","Distraction"],"picked":"Quick Slash","floor":3},{"not_picked":["Choke","Blade Dance"],"picked":"Predator","floor":6},{"not_picked":["Calculated Gamble","Accuracy"],"picked":"Underhanded Strike","floor":7},{"not_picked":["Accuracy","Setup"],"picked":"Caltrops","floor":8}],"player_experience":1053580,"relics_obtained":[{"floor":6,"key":"Bottled Flame"},{"floor":8,"key":"Juzu Bracelet"}],"event_choices":[{"damage_healed":0,"gold_gain":275,"player_choice":"Desecrate","damage_taken":0,"max_hp_gain":0,"max_hp_loss":0,"event_name":"Golden Shrine","floor":2,"gold_loss":0,"cards_obtained":["Regret"]},{"damage_healed":0,"gold_gain":0,"player_choice":"Box","damage_taken":0,"relics_obtained":["Bag of Marbles"],"max_hp_gain":0,"max_hp_loss":0,"event_name":"Big Fish","floor":4,"gold_loss":0,"cards_obtained":["Regret"]}],"is_beta":false,"boss_relics":[],"items_purged_floors":[5],"is_endless":false,"potions_floor_spawned":[8],"killed_by":"Gremlin Nob","ascension_level":20}