{"gold_per_floor":[109,126,50,200,224,224,252,252,252,252,271,291,291,301,301,301],"floor_reached":16,"playtime":527,"items_purged":[],"score":200,"play_id":"7bb4b6c0-8b98-4430-952f-a79aa0253881","local_time":"20190815174434","is_ascension_mode":true,"campfire_choices":[{"floor":6.0,"key":"REST"},{"data":"Noxious Fumes","floor":8.0,"key":"SMITH"},{"data":"Crippling Poison","floor":10.0,"key":"SMITH"},{"data":"Terror","floor":13.0,"key":"SMITH"},{"floor":15.0,"key":"REST"}],"neow_cost":"PERCENT_DAMAGE","seed_source_timestamp":32891131453299,"circlet_count":0,"master_deck":["AscendersBane","Strike_G","Strike_G","Strike_G","Strike_G","Strike_G","Defend_G","Defend_G","Defend_G","Defend_G","Defend_G","Survivor","Neutralize","Corpse Explosion","Bane","Bouncing Flask","Crippling Poison+1","Doubt","Noxious Fumes+1","Backflip","Terror+1","Calculated Gamble"],"special_seed":0,"relics":["Ring of the Snake","Ancient Tea Set","Ornamental Fan"],"potions_floor_usage":[16],"damage_taken":[{"damage":0.0,"enemies":"2 Louse","floor":1.0,"turns":4.0},{"damage":11.0,"enemies":"Jaw Worm","floor":2.0,"turns":6.0},{"damage":12.0,"enemies":"Lagavulin","floor":7.0,"turns":5.0},{"damage":9.0,"enemies":"Cultist","floor":11.0,"turns":4.0},{"damage":8.0,"enemies":"Looter","floor":12.0,"turns":3.0},{"damage":6.0,"enemies":"Exordium Wildlife","floor":14.0,"turns":3.0},{"damage":51,"enemies":"Slime Boss","floor":16,"turns":5}],"seed_played":"6857384673024190928","potions_obtained":[{"floor":2.0,"key":"AttackPotion"},{"floor":11.0,"key":"Poison Potion"}],"is_trial":false,"path_per_floor":["M","M","$","?","T","R","E","R","T","R","M","M","R","M","R","B"],"character_chosen":"THE_SILENT","items_purchased":["Crippling Poison"],"campfire_rested":2,"item_purchase_floors":[3],"current_hp_per_floor":[44,33,33,33,33,52,40,40,40,40,31,23,23,17,36,0],"gold":301,"neow_bonus":"THREE_RARE_CARDS","is_prod":false,"is_daily":false,"chose_seed":false,"campfire_upgraded":3,"win_rate":0,"timestamp":1565883874,"path_taken":["M","M","$","?","?","R","E","R","T","R","?","M","R","M","R","BOSS"],"build_version":"2019-07-17","purchased_purges":0,"victory":false,"max_hp_per_floor":[66,66,66,66,66,66,66,66,66,66,66,66,66,66,66,66],"card_choices":[{"not_picked":["After Image","Die Die Die"],"picked":"Corpse Explosion","floor":0.0},{"not_picked":["Concentrate","Cloak And Dagger"],"picked":"Bane","floor":1.0},{"not_picked":["Dash","Prepared"],"picked":"Bouncing Flask","floor":2.0},{"not_picked":["Prepared","Expertise"],"picked":"Noxious Fumes","floor":7.0},{"not_picked":["Doppelganger","Slice"],"picked":"Backflip","floor":11.0},{"not_picked":["Blade Dance","Sucker Punch"],"picked":"Terror","floor":12.0},{"not_picked":["Concentrate","Dagger Throw"],"picked":"Calculated Gamble","floor":14.0}],"player_experience":1027823,"relics_obtained":[{"floor":5.0,"key":"Ancient Tea Set"},{"floor":7.0,"key":"Ornamental Fan"}],"event_choices":[{"damage_healed":0.0,"max_hp_gain":0.0,"max_hp_loss":0.0,"gold_gain":150.0,"event_name":"Liars Game","player_choice":"AGREE","floor":4.0,"gold_loss":0.0,"damage_taken":0.0,"cards_obtained":["Doubt"]}],"is_beta":false,"boss_relics":[],"items_purged_floors":[],"is_endless":false,"potions_floor_spawned":[2,11],"killed_by":"Slime Boss","ascension_level":20}