{"gold_per_floor":[113,113,131,131,19,44,30,40,65,81,114,134,99,115,115,115],"floor_reached":16,"playtime":589,"items_purged":[],"score":137,"play_id":"1878ff50-ca59-45f9-a724-bacfbcba906a","local_time":"20181230195051","is_ascension_mode":false,"campfire_choices":[{"floor":15,"key":"REST"}],"neow_cost":"NONE","seed_source_timestamp":727593253379332,"circlet_count":0,"master_deck":["Defend_G","Defend_G","Defend_G","Defend_G","Defend_G","Strike_G","Strike_G","Strike_G","Strike_G","Survivor","Neutralize","Accuracy","Regret","Noxious Fumes","Calculated Gamble","Caltrops","Acrobatics","Well Laid Plans","PiercingWail","After Image","Dodge and Roll"],"relics":["Ring of the Snake","NeowsBlessing","Boot","MawBank","Juzu Bracelet","Letter Opener"],"potions_floor_usage":[11,12,16,16],"damage_taken":[{"damage":0,"enemies":"2 Louse","floor":1,"turns":1},{"damage":0,"enemies":"Jaw Worm","floor":3,"turns":1},{"damage":0,"enemies":"Gremlin Nob","floor":6,"turns":1},{"damage":0,"enemies":"Cultist","floor":8,"turns":5},{"damage":15,"enemies":"Large Slime","floor":10,"turns":7},{"damage":47,"enemies":"Lagavulin","floor":11,"turns":9},{"damage":0,"enemies":"2 Fungi Beasts","floor":12,"turns":4},{"damage":8,"enemies":"Blue Slaver","floor":14,"turns":5},{"damage":37,"enemies":"Slime Boss","floor":16,"turns":6}],"seed_played":"-4527095423499929130","potions_obtained":[{"floor":3,"key":"Explosive Potion"},{"floor":8,"key":"GhostInAJar"},{"floor":10,"key":"SpeedPotion"},{"floor":12,"key":"Swift Potion"}],"is_trial":false,"path_per_floor":["M","?","M","?","$","E","$","M","T","M","E","M","?","M","R","B"],"character_chosen":"THE_SILENT","items_purchased":["Noxious Fumes","Calculated Gamble","Acrobatics"],"campfire_rested":1,"item_purchase_floors":[5,5,7],"current_hp_per_floor":[70,63,63,63,63,63,63,63,63,48,1,1,18,10,31,0],"gold":115,"neow_bonus":"THREE_ENEMY_KILL","is_prod":false,"is_daily":false,"chose_seed":false,"campfire_upgraded":0,"win_rate":0,"timestamp":1546217451,"path_taken":["M","?","M","?","?","E","$","?","T","M","E","M","?","M","R","BOSS"],"build_version":"2018-12-20","purchased_purges":0,"victory":false,"max_hp_per_floor":[70,70,70,70,70,70,70,70,70,70,70,70,70,70,70,70],"card_choices":[{"not_picked":["Dagger Spray","Crippling Poison","Bane"],"picked":"SKIP","floor":1},{"not_picked":["Heel Hook","Slice"],"picked":"Accuracy","floor":3},{"not_picked":["Dagger Spray","Concentrate"],"picked":"Caltrops","floor":6},{"not_picked":["Riddle With Holes","Slice"],"picked":"Well Laid Plans","floor":8},{"not_picked":["Dagger Throw","Backflip"],"picked":"PiercingWail","floor":10},{"not_picked":["Sucker Punch","Masterful Stab"],"picked":"After Image","floor":11},{"not_picked":["Underhanded Strike","Dagger Spray","Heel Hook"],"picked":"SKIP","floor":12},{"not_picked":["Predator","PiercingWail"],"picked":"Dodge and Roll","floor":14}],"player_experience":193447,"relics_obtained":[{"floor":6,"key":"MawBank"},{"floor":9,"key":"Juzu Bracelet"},{"floor":11,"key":"Letter Opener"}],"event_choices":[{"cards_removed":["Strike_G"],"damage_healed":0,"gold_gain":0,"player_choice":"Card Removal","damage_taken":7,"max_hp_gain":0,"max_hp_loss":0,"event_name":"Golden Wing","floor":2,"gold_loss":0},{"damage_healed":0,"gold_gain":0,"player_choice":"Box","damage_taken":0,"relics_obtained":["Boot"],"max_hp_gain":0,"max_hp_loss":0,"event_name":"Big Fish","floor":4,"gold_loss":0,"cards_obtained":["Regret"]},{"damage_healed":17,"gold_gain":0,"player_choice":"Healed","damage_taken":0,"max_hp_gain":0,"max_hp_loss":0,"event_name":"The Cleric","floor":13,"gold_loss":35}],"is_beta":false,"boss_relics":[],"items_purged_floors":[],"is_endless":false,"potions_floor_spawned":[3,8,10,12],"killed_by":"Slime Boss","ascension_level":0}