{"gold_per_floor":[110,121,134,151,163,197,197,238,238,238,413,413,437,458,458,458],"floor_reached":16,"playtime":747,"items_purged":[],"score":131,"play_id":"c56560c1-6d3f-407d-b959-ecd27522f719","local_time":"20190603204921","is_ascension_mode":true,"campfire_choices":[{"floor":10,"key":"REST"},{"data":"Armaments","floor":12,"key":"SMITH"},{"floor":15,"key":"REST"}],"neow_cost":"TEN_PERCENT_HP_LOSS","seed_source_timestamp":245667612369809,"circlet_count":0,"master_deck":["Strike_R","Strike_R","Strike_R","Strike_R","Strike_R","Defend_R","Defend_R","Defend_R","Defend_R","Bash","Body Slam","Pommel Strike","Armaments+1","Burning Pact","Injury","Shrug It Off","Doubt","Flame Barrier"],"relics":["Burning Blood","Champion Belt","Art of War","Golden Idol","Prayer Wheel"],"potions_floor_usage":[4,4,5,8,13,14],"damage_taken":[{"damage":1,"enemies":"2 Louse","floor":1,"turns":4},{"damage":8,"enemies":"Jaw Worm","floor":2,"turns":4},{"damage":1,"enemies":"Cultist","floor":3,"turns":3},{"damage":6,"enemies":"2 Fungi Beasts","floor":4,"turns":4},{"damage":4,"enemies":"Exordium Wildlife","floor":5,"turns":3},{"damage":32,"enemies":"Gremlin Nob","floor":6,"turns":5},{"damage":36,"enemies":"Lagavulin","floor":8,"turns":8},{"damage":13,"enemies":"Large Slime","floor":13,"turns":4},{"damage":8,"enemies":"2 Fungi Beasts","floor":14,"turns":4},{"damage":53,"enemies":"Slime Boss","floor":16,"turns":7}],"seed_played":"7041328133499116950","potions_obtained":[{"floor":3,"key":"EntropicBrew"},{"floor":5,"key":"Explosive Potion"},{"floor":6,"key":"EssenceOfSteel"},{"floor":13,"key":"AttackPotion"}],"is_trial":false,"path_per_floor":["M","M","M","M","M","E","?","E","T","R","?","R","M","M","R","B"],"character_chosen":"IRONCLAD","items_purchased":[],"campfire_rested":2,"item_purchase_floors":[],"current_hp_per_floor":[72,70,72,72,72,46,46,16,16,37,37,37,30,28,49,0],"gold":458,"neow_bonus":"ONE_RARE_RELIC","is_prod":false,"is_daily":false,"chose_seed":false,"campfire_upgraded":1,"win_rate":0,"timestamp":1559612961,"path_taken":["M","M","M","M","M","E","?","E","T","R","?","R","?","M","R","BOSS"],"build_version":"2019-01-23","purchased_purges":0,"victory":false,"max_hp_per_floor":[72,72,72,72,72,72,72,72,72,72,72,72,72,72,72,72],"card_choices":[{"not_picked":["Headbutt","Anger"],"picked":"Body Slam","floor":1},{"not_picked":["Clash","Anger","Dropkick"],"picked":"SKIP","floor":2},{"not_picked":["Headbutt","Thunderclap"],"picked":"Pommel Strike","floor":3},{"not_picked":["Flex","Carnage"],"picked":"Armaments","floor":4},{"not_picked":["Flex","Carnage","Wild Strike"],"picked":"SKIP","floor":5},{"not_picked":["Body Slam","Headbutt"],"picked":"Burning Pact","floor":6},{"not_picked":["Rupture","Burning Pact"],"picked":"Shrug It Off","floor":8},{"not_picked":["Rupture","Impervious"],"picked":"Flame Barrier","floor":13},{"not_picked":["Warcry","Perfected Strike","Clash"],"picked":"SKIP","floor":13},{"not_picked":["Havoc","Pummel","Sentinel"],"picked":"SKIP","floor":14},{"not_picked":["Headbutt","Pommel Strike","Armaments"],"picked":"SKIP","floor":14}],"player_experience":69758,"relics_obtained":[{"floor":6,"key":"Art of War"},{"floor":8,"key":"Prayer Wheel"}],"event_choices":[{"damage_healed":0,"gold_gain":0,"player_choice":"Take Wound","damage_taken":0,"relics_obtained":["Golden Idol"],"max_hp_gain":0,"max_hp_loss":0,"event_name":"Golden Idol","floor":7,"gold_loss":0,"cards_obtained":["Injury"]},{"damage_healed":0,"gold_gain":175,"player_choice":"AGREE","damage_taken":0,"max_hp_gain":0,"max_hp_loss":0,"event_name":"Liars Game","floor":11,"gold_loss":0,"cards_obtained":["Doubt"]}],"is_beta":false,"boss_relics":[],"items_purged_floors":[],"is_endless":false,"potions_floor_spawned":[3,5,6,13],"killed_by":"Slime Boss","ascension_level":3}