{"gold_per_floor":[117,128,142,162,13,47,61,74,74,74,99,117,117,117,117,117],"floor_reached":16,"playtime":664,"items_purged":["Strike_B"],"score":153,"play_id":"ab062263-7b6d-480a-b1d4-75686a024692","local_time":"20190818094005","is_ascension_mode":true,"campfire_choices":[{"data":"Rip and Tear","floor":10,"key":"SMITH"},{"data":"Seek","floor":15,"key":"SMITH"}],"neow_cost":"NONE","seed_source_timestamp":524013012346635,"circlet_count":0,"master_deck":["Strike_B","Strike_B","Strike_B","Defend_B","Defend_B","Defend_B","Defend_B+1","Zap+1","Dualcast","Glacier","Genetic Algorithm","Rip and Tear+1","Cold Snap","Seek+1","Lockon","Genetic Algorithm","Hologram","Sweeping Beam","Thunder Strike"],"relics":["Cracked Core","Bag of Marbles","PreservedInsect","Ornamental Fan","Lantern"],"potions_floor_usage":[6,7,11],"damage_taken":[{"damage":0,"enemies":"Cultist","floor":1,"turns":3},{"damage":7,"enemies":"Jaw Worm","floor":2,"turns":4},{"damage":0,"enemies":"Small Slimes","floor":3,"turns":2},{"damage":5,"enemies":"3 Louse","floor":4,"turns":3},{"damage":17,"enemies":"3 Sentries","floor":6,"turns":10},{"damage":10,"enemies":"Exordium Wildlife","floor":7,"turns":4},{"damage":7,"enemies":"2 Fungi Beasts","floor":8,"turns":4},{"damage":0,"enemies":"Gremlin Nob","floor":11,"turns":2},{"damage":4,"enemies":"Red Slaver","floor":12,"turns":2},{"damage":15,"enemies":"The Guardian","floor":16,"turns":6}],"seed_played":"-4247765622423007903","potions_obtained":[{"floor":3,"key":"Swift Potion"},{"floor":4,"key":"FocusPotion"},{"floor":8,"key":"SkillPotion"}],"is_trial":false,"path_per_floor":["M","M","M","M","$","E","M","M","T","R","E","M","?","?","R","B"],"character_chosen":"DEFECT","items_purchased":["Seek"],"campfire_rested":0,"item_purchase_floors":[5],"current_hp_per_floor":[75,68,68,63,63,46,36,29,29,29,29,25,10,10,10,0],"gold":117,"neow_bonus":"RANDOM_COMMON_RELIC","is_prod":false,"is_daily":false,"chose_seed":false,"campfire_upgraded":2,"win_rate":0,"timestamp":1566139205,"path_taken":["M","M","?","M","$","E","M","M","T","R","E","M","?","?","R","BOSS"],"build_version":"2019-07-17","purchased_purges":1,"victory":false,"max_hp_per_floor":[75,75,75,75,75,75,75,75,75,75,75,75,75,75,75,75],"card_choices":[{"not_picked":["Gash","Beam Cell"],"picked":"Glacier","floor":1},{"not_picked":["Recycle","Defragment"],"picked":"Genetic Algorithm","floor":2},{"not_picked":["Leap","Steam"],"picked":"Rip and Tear","floor":3},{"not_picked":["Fusion","Recycle"],"picked":"Cold Snap","floor":4},{"not_picked":["Rebound","Core Surge"],"picked":"Lockon","floor":6},{"not_picked":["Cold Snap","Turbo"],"picked":"Genetic Algorithm","floor":7},{"not_picked":["Skim","Cold Snap","Reprogram"],"picked":"SKIP","floor":8},{"not_picked":["Auto Shields","Leap","Heatsinks"],"picked":"SKIP","floor":11},{"not_picked":["Coolheaded","Steam"],"picked":"Hologram","floor":12}],"player_experience":158859,"relics_obtained":[{"floor":6,"key":"PreservedInsect"},{"floor":9,"key":"Ornamental Fan"},{"floor":11,"key":"Lantern"}],"event_choices":[{"damage_healed":0,"gold_gain":0,"player_choice":"Entered Light","damage_taken":15,"max_hp_gain":0,"max_hp_loss":0,"event_name":"Shining Light","floor":13,"gold_loss":0,"cards_upgraded":["Zap","Defend_B"]},{"damage_healed":0,"gold_gain":0,"player_choice":"2 cards matched","damage_taken":0,"max_hp_gain":0,"max_hp_loss":0,"event_name":"Match and Keep!","floor":14,"gold_loss":0,"cards_obtained":["Sweeping Beam","Thunder Strike"]}],"is_beta":false,"boss_relics":[],"items_purged_floors":[5],"is_endless":false,"potions_floor_spawned":[3,4,8],"killed_by":"The Guardian","ascension_level":2}