{"gold_per_floor":[118,393,405,425,425,458,477,477,523,541,558,558,540,555,555,652,652,669,687,687,17,29,29],"floor_reached":23,"playtime":2036,"items_purged":["Regret"],"score":232,"play_id":"dbd5b7fd-cd9d-4dab-a32b-c5cc2d6b5e0b","local_time":"20190722204044","is_ascension_mode":true,"campfire_choices":[{"data":"Infernal Blade","floor":8,"key":"SMITH"},{"floor":12,"key":"REST"},{"data":"Flame Barrier","floor":15,"key":"SMITH"}],"neow_cost":"NONE","seed_source_timestamp":982925382076456,"circlet_count":0,"master_deck":["Defend_R","Defend_R","Defend_R","Bash","Iron Wave","Infernal Blade+1","Whirlwind","Iron Wave","Pommel Strike","Flame Barrier+1","Iron Wave","Wild Strike","Heavy Blade","Reaper","Shrug It Off+1","Wild Strike+1","Bite","Bite","Bite","Bite","Bite","Seeing Red","Armaments"],"relics":["Burning Blood","Letter Opener","Blood Vial","Regal Pillow","Black Star","StoneCalendar","Omamori"],"potions_floor_usage":[11,16,16,18,19,23],"damage_taken":[{"damage":2,"enemies":"Small Slimes","floor":1,"turns":4},{"damage":9,"enemies":"Cultist","floor":3,"turns":4},{"damage":3,"enemies":"2 Louse","floor":4,"turns":2},{"damage":64,"enemies":"Lagavulin","floor":6,"turns":8},{"damage":11,"enemies":"Red Slaver","floor":7,"turns":4},{"damage":15,"enemies":"Gremlin Gang","floor":10,"turns":2},{"damage":12,"enemies":"Large Slime","floor":11,"turns":2},{"damage":3,"enemies":"Exordium Thugs","floor":13,"turns":5},{"damage":3,"enemies":"Lots of Slimes","floor":14,"turns":4},{"damage":42,"enemies":"Slime Boss","floor":16,"turns":13},{"damage":37,"enemies":"Shell Parasite","floor":18,"turns":9},{"damage":30,"enemies":"2 Thieves","floor":19,"turns":4},{"damage":27,"enemies":"Shelled Parasite and Fungi","floor":22,"turns":7},{"damage":69,"enemies":"Slavers","floor":23,"turns":4}],"seed_played":"-1598477111783124454","potions_obtained":[{"floor":10,"key":"Fire Potion"},{"floor":13,"key":"Block Potion"},{"floor":14,"key":"EssenceOfSteel"},{"floor":16,"key":"Explosive Potion"},{"floor":18,"key":"SkillPotion"}],"is_trial":false,"path_per_floor":["M","?","M","M","?","E","M","R","T","M","M","R","M","M","R","B",null,"M","M","?","$","M","E"],"character_chosen":"IRONCLAD","items_purchased":["Seeing Red","Armaments","StoneCalendar","Energy Potion","Omamori"],"campfire_rested":1,"item_purchase_floors":[21,21,21,21,21],"current_hp_per_floor":[80,80,77,80,80,22,19,19,19,12,8,47,52,57,57,23,80,49,35,35,35,31,0],"gold":29,"neow_bonus":"REMOVE_CARD","is_prod":false,"is_daily":false,"chose_seed":false,"campfire_upgraded":2,"win_rate":0,"timestamp":1563846044,"path_taken":["M","?","M","?","?","E","?","R","T","M","M","R","M","M","R","BOSS","M","?","?","?","M","E"],"build_version":"2019-07-17","purchased_purges":1,"victory":false,"max_hp_per_floor":[80,80,80,80,80,80,80,80,80,80,80,80,80,80,80,80,80,80,80,56,56,56,56],"card_choices":[{"not_picked":["Clash","Twin Strike"],"picked":"Iron Wave","floor":1},{"not_picked":["Second Wind","Wild Strike"],"picked":"Infernal Blade","floor":3},{"not_picked":["Flex","Warcry"],"picked":"Whirlwind","floor":4},{"not_picked":["Anger","Twin Strike"],"picked":"Iron Wave","floor":6},{"not_picked":["Shrug It Off","Double Tap"],"picked":"Pommel Strike","floor":7},{"not_picked":["Intimidate","Wild Strike"],"picked":"Flame Barrier","floor":10},{"not_picked":["Anger","Flex"],"picked":"Iron Wave","floor":11},{"not_picked":["Heavy Blade","Body Slam"],"picked":"Wild Strike","floor":13},{"not_picked":["Blood for Blood","Wild Strike"],"picked":"Heavy Blade","floor":14},{"not_picked":["Juggernaut","Immolate"],"picked":"Reaper","floor":16},{"not_picked":["Perfected Strike+1","Armaments"],"picked":"Shrug It Off+1","floor":18},{"not_picked":["Headbutt","Metallicize"],"picked":"Wild Strike+1","floor":19},{"not_picked":["Body Slam","Wild Strike","Hemokinesis"],"picked":"SKIP","floor":22}],"player_experience":69914,"relics_obtained":[{"floor":5,"key":"Letter Opener"},{"floor":6,"key":"Blood Vial"},{"floor":9,"key":"Regal Pillow"}],"event_choices":[{"damage_healed":0,"gold_gain":275,"player_choice":"Desecrate","damage_taken":0,"max_hp_gain":0,"max_hp_loss":0,"event_name":"Golden Shrine","floor":2,"gold_loss":0,"cards_obtained":["Regret"]},{"damage_healed":0,"gold_gain":0,"player_choice":"Relic","damage_taken":0,"max_hp_gain":0,"max_hp_loss":0,"event_name":"Wheel of Change","floor":5,"gold_loss":0},{"damage_healed":0,"gold_gain":0,"player_choice":"Became a vampire","damage_taken":0,"max_hp_gain":0,"max_hp_loss":24,"event_name":"Vampires","floor":20,"gold_loss":0,"cards_obtained":["Bite","Bite","Bite","Bite","Bite"]}],"is_beta":false,"boss_relics":[{"not_picked":["Calling Bell","Runic Pyramid"],"picked":"Black Star"}],"items_purged_floors":[21],"is_endless":false,"potions_floor_spawned":[10,13,14,16,18],"killed_by":"Slavers","ascension_level":1}