{"gold_per_floor":[111,36,36,50,50,50,63,63,114,124,159,159,179,199,199,303,303,293,293,312,227,192,192,192],"floor_reached":24,"playtime":1775,"items_purged":["Strike_G"],"score":235,"play_id":"1869b938-db6d-4f09-b9f9-971011339a71","local_time":"20190813212715","is_ascension_mode":true,"campfire_choices":[{"data":"Neutralize","floor":6,"key":"SMITH"},{"floor":8,"key":"REST"},{"floor":12,"key":"REST"},{"floor":15,"key":"REST"},{"floor":23,"key":"REST"}],"neow_cost":"NONE","seed_source_timestamp":40282897017701,"circlet_count":0,"master_deck":["Strike_G","Strike_G","Strike_G","Strike_G","Defend_G","Defend_G","Defend_G","Defend_G","Survivor","Neutralize+1","Deep Breath","Backflip","Acrobatics","Tools of the Trade","Noxious Fumes","Leg Sweep","Cloak And Dagger","Blade Dance","Bullet Time","Bane","Cloak And Dagger","Blade Dance","Dagger Throw","Calculated Gamble","Escape Plan+1","Backstab"],"relics":["Ring of the Snake","Vajra","Shovel","Orrery","Juzu Bracelet"],"potions_floor_usage":[11],"damage_taken":[{"damage":0,"enemies":"Cultist","floor":1,"turns":3},{"damage":6,"enemies":"Jaw Worm","floor":4,"turns":5},{"damage":9,"enemies":"2 Louse","floor":7,"turns":5},{"damage":15,"enemies":"2 Fungi Beasts","floor":10,"turns":5},{"damage":37,"enemies":"3 Sentries","floor":11,"turns":8},{"damage":13,"enemies":"Exordium Thugs","floor":13,"turns":5},{"damage":1,"enemies":"Exordium Wildlife","floor":14,"turns":6},{"damage":32,"enemies":"Hexaghost","floor":16,"turns":16},{"damage":19,"enemies":"2 Thieves","floor":18,"turns":4},{"damage":15,"enemies":"Chosen","floor":20,"turns":6},{"damage":57,"enemies":"Slavers","floor":24,"turns":3}],"seed_played":"-4696214538091075795","potions_obtained":[{"floor":10,"key":"Fire Potion"},{"floor":13,"key":"Swift Potion"},{"floor":16,"key":"Block Potion"},{"floor":18,"key":"Explosive Potion"}],"is_trial":false,"path_per_floor":["M","$","?","M","$","R","M","R","T","M","E","R","M","M","R","B",null,"M","?","M","?","$","R","E"],"character_chosen":"THE_SILENT","items_purchased":["Backstab"],"campfire_rested":4,"item_purchase_floors":[22],"current_hp_per_floor":[70,70,70,64,64,64,55,70,70,55,18,39,26,25,46,14,70,51,51,36,36,36,57,0],"gold":192,"neow_bonus":"RANDOM_COLORLESS","is_prod":false,"is_daily":false,"chose_seed":false,"campfire_upgraded":1,"win_rate":0,"timestamp":1565756835,"path_taken":["M","$","?","M","?","R","M","R","T","M","E","R","?","M","R","BOSS","M","?","M","?","$","R","E"],"build_version":"2019-07-17","purchased_purges":1,"victory":false,"max_hp_per_floor":[70,70,70,70,70,70,70,70,70,70,70,70,70,70,70,70,70,70,70,70,70,70,70,70],"card_choices":[{"not_picked":["Finisher","Dodge and Roll"],"picked":"Backflip","floor":1},{"not_picked":["Sucker Punch","Deadly Poison"],"picked":"Acrobatics","floor":4},{"not_picked":["Flying Knee","Underhanded Strike"],"picked":"Tools of the Trade","floor":7},{"not_picked":["Terror","Flechettes"],"picked":"Noxious Fumes","floor":10},{"not_picked":["Accuracy","Heel Hook"],"picked":"Leg Sweep","floor":11},{"not_picked":["Dagger Throw","Sucker Punch"],"picked":"Cloak And Dagger","floor":13},{"not_picked":["Backflip","Expertise"],"picked":"Blade Dance","floor":14},{"not_picked":["A Thousand Cuts","Doppelganger"],"picked":"Bullet Time","floor":16},{"not_picked":["Calculated Gamble","Outmaneuver"],"picked":"Bane","floor":17},{"not_picked":["Outmaneuver","Dagger Throw"],"picked":"Cloak And Dagger","floor":17},{"not_picked":["Deflect","Prepared"],"picked":"Blade Dance","floor":17},{"not_picked":["Prepared","Slice"],"picked":"Dagger Throw","floor":17},{"not_picked":["Underhanded Strike","Prepared"],"picked":"Calculated Gamble","floor":17},{"not_picked":["Dagger Spray+1","Wraith Form v2"],"picked":"Escape Plan+1","floor":18},{"not_picked":["Masterful Stab","Acrobatics","Backflip"],"picked":"SKIP","floor":20}],"player_experience":371785,"relics_obtained":[{"floor":9,"key":"Vajra"},{"floor":11,"key":"Shovel"}],"event_choices":[{"cards_removed":["Defend_G"],"damage_healed":0,"gold_gain":0,"player_choice":"Purged","damage_taken":0,"max_hp_gain":0,"max_hp_loss":0,"event_name":"Purifier","floor":3,"gold_loss":0},{"damage_healed":0,"gold_gain":0,"player_choice":"Ignored","damage_taken":0,"max_hp_gain":0,"max_hp_loss":0,"event_name":"Vampires","floor":19,"gold_loss":0},{"damage_healed":0,"gold_gain":0,"player_choice":"Obtained Relic","damage_taken":0,"relics_obtained":["Juzu Bracelet"],"max_hp_gain":0,"max_hp_loss":0,"event_name":"Addict","floor":21,"gold_loss":85}],"is_beta":false,"boss_relics":[{"not_picked":["Ectoplasm","Runic Dome"],"picked":"Orrery"}],"items_purged_floors":[2],"is_endless":false,"potions_floor_spawned":[10,13,16,18],"killed_by":"Slavers","ascension_level":4}