{"gold_per_floor":[119,119,69,144,144,172,172,172,199,233,408,408,422,40,40,135,135,153,153,180,280,291,291,304,333,333,350,367,15,29,29,29,134,134,147,147,147,369,194,224,224,237,261,261,271,304,352,87,87,87],"floor_reached":50,"playtime":1760,"items_purged":["Defend_R"],"score":676,"play_id":"e9c6fbb6-266e-4215-9a5a-c85e5ca730b9","local_time":"20190106144833","is_ascension_mode":true,"campfire_choices":[{"data":"Bloodletting","floor":8,"key":"SMITH"},{"data":"Clash","floor":15,"key":"SMITH"},{"data":"Spot Weakness","floor":23,"key":"SMITH"},{"data":"Offering","floor":32,"key":"SMITH"},{"data":"Apotheosis","floor":41,"key":"SMITH"},{"data":"Finesse","floor":49,"key":"SMITH"}],"neow_cost":"NONE","seed_source_timestamp":1313073390300894,"circlet_count":0,"master_deck":["Strike_R","Strike_R","Strike_R","Strike_R","Strike_R","Defend_R+1","Defend_R+1","Bash+1","Bloodletting+1","Clash+1","Wild Strike","Thunderclap","Clash","Reaper","Perfected Strike","Intimidate+1","Twin Strike","Spot Weakness+1","Dropkick","Warcry","Wild Strike","Offering+1","Apotheosis+1","Pommel Strike","Iron Wave+1","Immolate","Sword Boomerang+1","Madness","Madness","Finesse+1","Perfected Strike","Bandage Up","Evolve","Iron Wave","Iron Wave+1","Carnage","Reckless Charge+1","Perfected Strike+1","Bloodletting","Wild Strike"],"relics":["Burning Blood","NeowsBlessing","Bag of Preparation","Bronze Scales","Juzu Bracelet","Omamori","Mercury Hourglass","Sozu","Red Mask","Du-Vu Doll","Letter Opener","Kunai","Oddly Smooth Stone","WarpedTongs","Coffee Dripper","Bottled Flame","Dream Catcher","Dodecahedron","Ginger","Turnip","Bag of Marbles"],"potions_floor_usage":[50],"damage_taken":[{"damage":0,"enemies":"Small Slimes","floor":1,"turns":1},{"damage":0,"enemies":"3 Sentries","floor":6,"turns":1},{"damage":0,"enemies":"Gremlin Nob","floor":10,"turns":1},{"damage":3,"enemies":"Jaw Worm","floor":13,"turns":2},{"damage":37,"enemies":"Slime Boss","floor":16,"turns":8},{"damage":15,"enemies":"Shell Parasite","floor":18,"turns":3},{"damage":2,"enemies":"Masked Bandits","floor":20,"turns":2},{"damage":11,"enemies":"Colosseum Slavers","floor":21,"turns":2},{"damage":27,"enemies":"Colosseum Nobs","floor":21,"turns":4},{"damage":3,"enemies":"3 Byrds","floor":22,"turns":2},{"damage":15,"enemies":"Snake Plant","floor":24,"turns":2},{"damage":19,"enemies":"Slavers","floor":25,"turns":4},{"damage":0,"enemies":"3 Cultists","floor":27,"turns":3},{"damage":12,"enemies":"Shelled Parasite and Fungi","floor":28,"turns":2},{"damage":0,"enemies":"Sentry and Sphere","floor":30,"turns":3},{"damage":52,"enemies":"Champ","floor":33,"turns":8},{"damage":9,"enemies":"Orb Walker","floor":35,"turns":1},{"damage":18,"enemies":"Nemesis","floor":40,"turns":3},{"damage":3,"enemies":"3 Shapes","floor":42,"turns":3},{"damage":30,"enemies":"Writhing Mass","floor":45,"turns":4},{"damage":10,"enemies":"Reptomancer","floor":46,"turns":3},{"damage":4,"enemies":"2 Orb Walkers","floor":47,"turns":2},{"damage":76,"enemies":"Time Eater","floor":50,"turns":5}],"seed_played":"809361903543382332","potions_obtained":[{"floor":1,"key":"GamblersBrew"},{"floor":10,"key":"SpeedPotion"},{"floor":13,"key":"FearPotion"}],"is_trial":false,"path_per_floor":["M","?","?","?","?","E","?","R","T","E","?","?","M","$","R","B",null,"M","?","?","?","M","R","M","E","T","M","M","$","M","?","R","B",null,"M","?","?","?","$","E","R","M","T","T","M","E","?","$","R","B"],"character_chosen":"IRONCLAD","items_purchased":["Mercury Hourglass","Clash","Offering","Apotheosis","Pommel Strike","Perfected Strike","Bandage Up","Evolve","Bag of Marbles","Bloodletting","Wild Strike"],"campfire_rested":0,"item_purchase_floors":[14,14,29,29,29,39,39,39,48,48,48],"current_hp_per_floor":[80,64,64,53,53,59,59,59,59,65,65,58,61,61,61,30,80,71,71,79,59,62,62,53,48,48,72,66,66,72,72,72,26,80,77,67,67,67,67,59,59,63,63,63,49,63,65,65,65,0],"gold":87,"neow_bonus":"THREE_ENEMY_KILL","is_prod":false,"is_daily":false,"chose_seed":false,"campfire_upgraded":6,"win_rate":0,"timestamp":1546804113,"path_taken":["M","?","?","?","?","E","?","R","T","E","?","?","M","$","R","BOSS","M","?","?","?","M","R","M","E","T","M","M","$","M","?","R","BOSS","M","?","?","?","$","E","R","M","T","?","M","E","?","?","R","BOSS"],"build_version":"2019-01-03v4","purchased_purges":1,"victory":false,"max_hp_per_floor":[80,80,80,80,80,80,80,80,80,80,80,80,80,80,80,80,80,80,80,80,80,80,80,80,80,80,80,80,80,80,80,80,80,80,80,80,80,80,80,80,80,80,80,80,80,80,80,80,80,80],"card_choices":[{"not_picked":["Thunderclap","True Grit"],"picked":"Bloodletting","floor":1},{"not_picked":["Feel No Pain","Entrench"],"picked":"Clash","floor":6},{"not_picked":["Intimidate","Shockwave"],"picked":"Wild Strike","floor":10},{"not_picked":["Pommel Strike","Rage"],"picked":"Thunderclap","floor":13},{"not_picked":["Impervious","Dark Embrace"],"picked":"Reaper","floor":16},{"not_picked":["Battle Trance+1","Twin Strike"],"picked":"Perfected Strike","floor":18},{"not_picked":["Thunderclap","Clothesline"],"picked":"Intimidate+1","floor":20},{"not_picked":["Clothesline+1","Hemokinesis"],"picked":"Twin Strike","floor":21},{"not_picked":["Shrug It Off","Anger"],"picked":"Spot Weakness","floor":22},{"not_picked":["Sever Soul","Shockwave+1","Headbutt"],"picked":"SKIP","floor":24},{"not_picked":["Impervious","Cleave+1"],"picked":"Dropkick","floor":25},{"not_picked":["True Grit","Combust"],"picked":"Warcry","floor":27},{"not_picked":["Warcry+1","Headbutt"],"picked":"Wild Strike","floor":28},{"not_picked":["Warcry","Pummel+1"],"picked":"Iron Wave+1","floor":30},{"not_picked":["Barricade","Limit Break"],"picked":"Immolate","floor":33},{"not_picked":["Carnage","Clothesline"],"picked":"Sword Boomerang+1","floor":35},{"not_picked":["Impatience","Dramatic Entrance"],"picked":"Finesse","floor":37},{"not_picked":["Sever Soul+1","Cleave+1"],"picked":"Iron Wave","floor":40},{"not_picked":["Wild Strike+1","Havoc"],"picked":"Iron Wave+1","floor":42},{"not_picked":["Intimidate+1","True Grit+1"],"picked":"Carnage","floor":45},{"not_picked":["Disarm+1","Cleave"],"picked":"Reckless Charge+1","floor":46},{"not_picked":["True Grit","Whirlwind+1"],"picked":"Perfected Strike+1","floor":47}],"player_experience":226375,"relics_obtained":[{"floor":6,"key":"Bag of Preparation"},{"floor":9,"key":"Juzu Bracelet"},{"floor":10,"key":"Omamori"},{"floor":20,"key":"Red Mask"},{"floor":21,"key":"Du-Vu Doll"},{"floor":21,"key":"Letter Opener"},{"floor":25,"key":"Kunai"},{"floor":26,"key":"Oddly Smooth Stone"},{"floor":40,"key":"Bottled Flame"},{"floor":43,"key":"Dream Catcher"},{"floor":44,"key":"Dodecahedron"},{"floor":46,"key":"Ginger"},{"floor":47,"key":"Turnip"}],"event_choices":[{"damage_healed":0,"gold_gain":0,"player_choice":"Entered Light","damage_taken":16,"max_hp_gain":0,"max_hp_loss":0,"event_name":"Shining Light","floor":2,"gold_loss":0,"cards_upgraded":["Defend_R","Defend_R"]},{"cards_removed":["Defend_R"],"damage_healed":0,"gold_gain":0,"player_choice":"Card Removal","damage_taken":0,"max_hp_gain":0,"max_hp_loss":0,"event_name":"The Cleric","floor":3,"gold_loss":50},{"damage_healed":0,"gold_gain":75,"player_choice":"Gather Gold","damage_taken":11,"max_hp_gain":0,"max_hp_loss":0,"event_name":"World of Goop","floor":4,"gold_loss":0},{"damage_healed":0,"gold_gain":0,"player_choice":"Grow","damage_taken":0,"max_hp_gain":0,"max_hp_loss":0,"event_name":"Living Wall","floor":5,"gold_loss":0,"cards_upgraded":["Bash"]},{"damage_healed":0,"gold_gain":0,"player_choice":"Box","damage_taken":0,"relics_obtained":["Bronze Scales"],"max_hp_gain":0,"max_hp_loss":0,"event_name":"Big Fish","floor":7,"gold_loss":0,"cards_obtained":["Regret"]},{"damage_healed":0,"gold_gain":175,"player_choice":"AGREE","damage_taken":0,"max_hp_gain":0,"max_hp_loss":0,"event_name":"Liars Game","floor":11,"gold_loss":0,"cards_obtained":["Doubt"]},{"cards_removed":["Regret"],"damage_healed":0,"gold_gain":0,"player_choice":"Card Removal","damage_taken":7,"max_hp_gain":0,"max_hp_loss":0,"event_name":"Golden Wing","floor":12,"gold_loss":0},{"damage_healed":0,"gold_gain":0,"player_choice":"Got Potions","damage_taken":0,"max_hp_gain":0,"max_hp_loss":0,"event_name":"Lab","floor":19,"gold_loss":0},{"damage_healed":0,"gold_gain":0,"player_choice":"Fought Bandits","damage_taken":0,"max_hp_gain":0,"max_hp_loss":0,"event_name":"Masked Bandits","floor":20,"gold_loss":0},{"damage_healed":0,"gold_gain":0,"player_choice":"Fight","damage_taken":0,"max_hp_gain":0,"max_hp_loss":0,"event_name":"Colosseum","floor":21,"gold_loss":0},{"damage_healed":0,"gold_gain":0,"player_choice":"Fought Nobs","damage_taken":0,"max_hp_gain":0,"max_hp_loss":0,"event_name":"Colosseum","floor":21,"gold_loss":0},{"damage_healed":0,"gold_gain":0,"player_choice":"Rummage","damage_taken":0,"relics_obtained":["WarpedTongs"],"max_hp_gain":0,"max_hp_loss":0,"event_name":"Accursed Blacksmith","floor":31,"gold_loss":0,"cards_obtained":["Pain"]},{"damage_healed":0,"gold_gain":0,"player_choice":"Embrace Madness","damage_taken":10,"max_hp_gain":0,"max_hp_loss":0,"event_name":"Winding Halls","floor":36,"gold_loss":0,"cards_obtained":["Madness","Madness"]},{"damage_healed":0,"gold_gain":0,"player_choice":"Memory 1","damage_taken":0,"max_hp_gain":0,"max_hp_loss":0,"event_name":"SensoryStone","floor":37,"gold_loss":0},{"damage_healed":0,"gold_gain":222,"player_choice":"Wore Mask","damage_taken":0,"max_hp_gain":0,"max_hp_loss":0,"event_name":"Tomb of Lord Red Mask","floor":38,"gold_loss":0},{"damage_healed":0,"gold_gain":0,"player_choice":"Fight","damage_taken":0,"max_hp_gain":0,"max_hp_loss":0,"event_name":"Mysterious Sphere","floor":47,"gold_loss":0}],"is_beta":false,"boss_relics":[{"not_picked":["Lizard Tail","Orrery"],"picked":"Sozu"},{"not_picked":["Black Blood","Tiny House"],"picked":"Coffee Dripper"}],"items_purged_floors":[14],"is_endless":false,"potions_floor_spawned":[1,10,13,18,20,21,24,25,33,40,45,47],"killed_by":"Time Eater","ascension_level":1}