{"gold_per_floor":[117,131,131,144,144,173,173,188,266,285,69,89,101,401,401,502,502,513,20,32,52,52,81,81,101,153,153,179,189,189,220,220,319,319,334,350,150,150,166,166,191,191,191,218,237,254,266,291,291,291,291,291,12,12],"floor_reached":54,"playtime":3747,"items_purged":["Strike_G","Defend_G","Defend_G"],"score":1417,"play_id":"5146c6d0-9730-4917-b18e-5bb9c6292d27","local_time":"20190705175848","is_ascension_mode":true,"campfire_choices":[{"floor":7,"key":"REST"},{"data":"Prepared","floor":15,"key":"SMITH"},{"data":"Footwork","floor":24,"key":"SMITH"},{"data":"After Image","floor":30,"key":"SMITH"},{"data":"Noxious Fumes","floor":32,"key":"SMITH"},{"data":"Choke","floor":40,"key":"SMITH"},{"data":"Adrenaline","floor":42,"key":"SMITH"},{"floor":49,"key":"RECALL"},{"data":"Footwork","floor":52,"key":"SMITH"}],"neow_cost":"PERCENT_DAMAGE","seed_source_timestamp":297850440378106,"circlet_count":0,"master_deck":["AscendersBane","Defend_G","Defend_G","Defend_G","Survivor","Neutralize+1","Well Laid Plans","Bouncing Flask","Blade Dance","Cloak And Dagger","Tools of the Trade","Noxious Fumes+1","Blade Dance","Prepared+1","Caltrops","Deflect","Adrenaline+1","Concentrate","Footwork+1","Dodge and Roll","Blade Dance","Concentrate","PiercingWail","Blur","Bite","Bite","Bite","Bite","Bite","After Image+1","Deflect","Underhanded Strike","Escape Plan","Footwork+1","Choke+1","Caltrops+1","Deflect+1","Blur"],"relics":["Ring of the Snake","Unceasing Top","Shuriken","Tingsha","Dodecahedron","Old Coin","Coffee Dripper","Singing Bowl","Whetstone","Bird Faced Urn","Smiling Mask","Omamori","Snake Skull","Philosopher\u0027s Stone","Bottled Lightning","Kunai","Lantern","Strawberry"],"potions_floor_usage":[12,23,25,28,31,41,45,50],"damage_taken":[{"damage":0,"enemies":"Cultist","floor":1,"turns":5},{"damage":1,"enemies":"Jaw Worm","floor":2,"turns":8},{"damage":1,"enemies":"2 Louse","floor":4,"turns":4},{"damage":24,"enemies":"3 Sentries","floor":6,"turns":12},{"damage":2,"enemies":"Large Slime","floor":8,"turns":5},{"damage":3,"enemies":"Blue Slaver","floor":10,"turns":4},{"damage":0,"enemies":"2 Fungi Beasts","floor":12,"turns":3},{"damage":0,"enemies":"3 Louse","floor":13,"turns":3},{"damage":22,"enemies":"Slime Boss","floor":16,"turns":8},{"damage":4,"enemies":"3 Byrds","floor":18,"turns":3},{"damage":13,"enemies":"2 Thieves","floor":20,"turns":4},{"damage":6,"enemies":"Sentry and Sphere","floor":21,"turns":5},{"damage":4,"enemies":"Gremlin Leader","floor":23,"turns":4},{"damage":9,"enemies":"Snake Plant","floor":25,"turns":3},{"damage":26,"enemies":"Slavers","floor":28,"turns":4},{"damage":0,"enemies":"Centurion and Healer","floor":29,"turns":5},{"damage":0,"enemies":"Gremlin Leader","floor":31,"turns":6},{"damage":0,"enemies":"Champ","floor":33,"turns":8},{"damage":0,"enemies":"3 Shapes","floor":35,"turns":4},{"damage":19,"enemies":"3 Darklings","floor":36,"turns":5},{"damage":3,"enemies":"Writhing Mass","floor":39,"turns":5},{"damage":28,"enemies":"Reptomancer","floor":41,"turns":6},{"damage":20,"enemies":"Nemesis","floor":44,"turns":7},{"damage":20,"enemies":"4 Shapes","floor":45,"turns":4},{"damage":0,"enemies":"Jaw Worm Horde","floor":46,"turns":4},{"damage":0,"enemies":"3 Darklings","floor":47,"turns":4},{"damage":0,"enemies":"Reptomancer","floor":48,"turns":6},{"damage":48,"enemies":"Awakened One","floor":50,"turns":13},{"damage":78,"enemies":"Shield and Spear","floor":54,"turns":3}],"seed_played":"1562445118029933072","potions_obtained":[{"floor":1,"key":"Fire Potion"},{"floor":12,"key":"Fire Potion"},{"floor":16,"key":"Energy Potion"},{"floor":23,"key":"FearPotion"},{"floor":28,"key":"Fire Potion"},{"floor":29,"key":"Swift Potion"},{"floor":33,"key":"EssenceOfSteel"},{"floor":46,"key":"Explosive Potion"},{"floor":47,"key":"AttackPotion"}],"is_trial":false,"path_per_floor":["M","M","?","M","T","E","R","M","T","M","$","M","M","?","R","B",null,"M","$","M","M","T","E","R","M","T","?","E","M","R","E","R","B",null,"M","M","$","?","M","R","E","R","T","E","M","M","M","E","R","B",null,"R","$","E"],"character_chosen":"THE_SILENT","items_purchased":["Noxious Fumes","Blade Dance","Prepared","Footwork","Dodge and Roll","Singing Bowl","Blade Dance","FearPotion","Escape Plan","Footwork","Blur","Strawberry"],"campfire_rested":1,"item_purchase_floors":[11,11,11,19,19,19,19,19,37,37,53,53],"current_hp_per_floor":[45,44,44,43,43,19,40,38,38,35,35,35,35,35,35,13,56,52,52,39,33,33,31,31,30,30,30,24,50,50,50,50,52,52,54,55,55,55,56,56,46,46,46,54,52,62,64,64,64,46,60,60,67,0],"gold":12,"neow_bonus":"ONE_RARE_RELIC","is_prod":false,"is_daily":false,"chose_seed":false,"campfire_upgraded":7,"win_rate":0,"timestamp":1562363928,"path_taken":["M","M","?","?","?","E","R","M","T","M","?","?","M","?","R","BOSS","M","$","M","?","?","E","R","M","T","?","E","M","R","E","R","BOSS","M","M","$","?","M","R","E","R","T","E","M","M","M","E","R","BOSS","R","$","E"],"build_version":"2019-07-01","purchased_purges":3,"victory":false,"max_hp_per_floor":[70,70,70,70,70,70,70,70,70,70,70,70,70,70,70,70,70,70,70,70,70,70,72,72,72,72,50,50,50,50,50,50,52,52,54,56,56,56,56,56,58,58,58,58,60,62,64,64,64,64,64,64,71,71],"card_choices":[{"not_picked":["Blade Dance","Quick Slash"],"picked":"Well Laid Plans","floor":1},{"not_picked":["Endless Agony","Prepared"],"picked":"Bouncing Flask","floor":2},{"not_picked":["Acrobatics","Bane"],"picked":"Blade Dance","floor":4},{"not_picked":["Poisoned Stab","Bane"],"picked":"Cloak And Dagger","floor":6},{"not_picked":["Quick Slash","Heel Hook"],"picked":"Tools of the Trade","floor":8},{"not_picked":["Underhanded Strike","Deadly Poison"],"picked":"Backstab","floor":10},{"not_picked":["Bouncing Flask","Backflip"],"picked":"Caltrops","floor":12},{"not_picked":["Cloak And Dagger","Poisoned Stab"],"picked":"Deflect","floor":13},{"not_picked":["Burst","Envenom"],"picked":"Adrenaline","floor":16},{"not_picked":["Quick Slash","Distraction"],"picked":"Concentrate","floor":18},{"not_picked":["Cloak And Dagger","Acrobatics+1"],"picked":"Concentrate","floor":20},{"not_picked":["Bane+1","Concentrate"],"picked":"PiercingWail","floor":21},{"not_picked":["Reflex","Heel Hook","Bane+1"],"picked":"Singing Bowl","floor":23},{"not_picked":["Backflip","Deflect"],"picked":"Blur","floor":25},{"not_picked":["Quick Slash","Heel Hook+1"],"picked":"After Image","floor":28},{"not_picked":["Distraction+1","Expertise"],"picked":"Deflect","floor":29},{"not_picked":["Backstab","Dagger Throw+1"],"picked":"Underhanded Strike","floor":31},{"not_picked":["Grand Finale","Night Terror","Storm of Steel"],"picked":"Singing Bowl","floor":33},{"not_picked":["Calculated Gamble","Cloak And Dagger+1","Dagger Spray+1"],"picked":"Singing Bowl","floor":35},{"not_picked":["Well Laid Plans+1","Poisoned Stab+1","Terror+1"],"picked":"Singing Bowl","floor":36},{"not_picked":["Bane+1","Bouncing Flask+1"],"picked":"Choke","floor":39},{"not_picked":["Riddle With Holes+1","Dodge and Roll","Reflex"],"picked":"Singing Bowl","floor":41},{"not_picked":["Unload","Backflip"],"picked":"Caltrops+1","floor":44},{"not_picked":["Expertise+1","Poisoned Stab","Dodge and Roll"],"picked":"Singing Bowl","floor":45},{"not_picked":["Quick Slash+1","Deadly Poison+1","Calculated Gamble+1"],"picked":"Singing Bowl","floor":46},{"not_picked":["Dash","Bane","Well Laid Plans"],"picked":"Singing Bowl","floor":47},{"not_picked":["Backflip","Distraction+1"],"picked":"Deflect+1","floor":48}],"player_experience":641564,"relics_obtained":[{"floor":5,"key":"Shuriken"},{"floor":6,"key":"Tingsha"},{"floor":9,"key":"Dodecahedron"},{"floor":22,"key":"Whetstone"},{"floor":23,"key":"Bird Faced Urn"},{"floor":26,"key":"Smiling Mask"},{"floor":28,"key":"Omamori"},{"floor":31,"key":"Snake Skull"},{"floor":41,"key":"Bottled Lightning"},{"floor":44,"key":"Kunai"},{"floor":48,"key":"Lantern"}],"event_choices":[{"cards_removed":["Strike_G"],"damage_healed":0,"gold_gain":0,"player_choice":"Purged","damage_taken":0,"max_hp_gain":0,"max_hp_loss":0,"event_name":"Purifier","floor":3,"gold_loss":0},{"damage_healed":0,"gold_gain":0,"player_choice":"Gave Potion","damage_taken":0,"relics_obtained":["Old Coin"],"max_hp_gain":0,"max_hp_loss":0,"event_name":"WeMeetAgain","floor":14,"gold_loss":0},{"damage_healed":0,"gold_gain":0,"player_choice":"Became a vampire","damage_taken":0,"max_hp_gain":0,"max_hp_loss":22,"event_name":"Vampires","floor":27,"gold_loss":0,"cards_obtained":["Bite","Bite","Bite","Bite","Bite"]},{"cards_removed":["Backstab"],"damage_healed":0,"gold_gain":0,"player_choice":"Removed Attack","damage_taken":0,"max_hp_gain":0,"max_hp_loss":0,"event_name":"Falling","floor":38,"gold_loss":0}],"is_beta":false,"boss_relics":[{"not_picked":["Orrery","White Beast Statue"],"picked":"Coffee Dripper"},{"not_picked":["Snecko Eye","Runic Pyramid"],"picked":"Philosopher\u0027s Stone"}],"items_purged_floors":[11,37,53],"is_endless":false,"potions_floor_spawned":[1,12,16,23,28,29,33,36,39,46,47,48],"killed_by":"Shield and Spear","ascension_level":11}