{"gold_per_floor":[110,123,123,138,138,138,103,103,126,161,311,26,26,58,58,58],"floor_reached":16,"playtime":1109,"items_purged":[],"score":212,"play_id":"Baalorlord-a6d9e104","local_time":"20190818174112","is_ascension_mode":true,"campfire_choices":[{"data":"Flechettes","floor":6,"key":"SMITH"},{"data":"Dagger Throw","floor":8,"key":"SMITH"},{"data":"Noxious Fumes","floor":15,"key":"SMITH"}],"neow_cost":"PERCENT_DAMAGE","seed_source_timestamp":198880967822400,"circlet_count":0,"master_deck":["AscendersBane","Strike_G","Strike_G","Strike_G","Strike_G","Defend_G","Defend_G","Defend_G","Defend_G","Defend_G","Survivor","Neutralize","Leg Sweep","Flechettes+1","Dagger Throw+1","Noxious Fumes+1","Doubt","Crippling Poison+1"],"relics":["Ring of the Snake","Blood Vial","Ancient Tea Set","Toxic Egg 2","Regal Pillow","Pantograph"],"potions_floor_usage":[10],"damage_taken":[{"damage":2,"enemies":"2 Louse","floor":1,"turns":4},{"damage":4,"enemies":"Cultist","floor":2,"turns":6},{"damage":3,"enemies":"Jaw Worm","floor":4,"turns":4},{"damage":15,"enemies":"3 Sentries","floor":10,"turns":10},{"damage":27,"enemies":"Lagavulin","floor":14,"turns":10},{"damage":60,"enemies":"Slime Boss","floor":16,"turns":8}],"seed_played":"-5358808513556374444","potions_obtained":[{"floor":1,"key":"Explosive Potion"},{"floor":2,"key":"PowerPotion"}],"is_trial":false,"path_per_floor":["M","M","?","M","$","R","?","R","T","E","?","$","?","E","R","B"],"character_chosen":"THE_SILENT","items_purchased":["Toxic Egg 2"],"campfire_rested":0,"item_purchase_floors":[12],"current_hp_per_floor":[54,50,50,47,47,47,66,66,66,53,53,53,53,28,28,0],"gold":58,"neow_bonus":"TWENTY_PERCENT_HP_BONUS","is_prod":false,"is_daily":false,"chose_seed":false,"campfire_upgraded":3,"win_rate":0,"timestamp":1566164472,"path_taken":["M","M","?","M","?","R","?","R","T","E","?","$","?","E","R","BOSS"],"build_version":"2019-07-17","purchased_purges":0,"victory":false,"max_hp_per_floor":[78,78,78,78,78,78,78,78,78,78,78,78,78,78,78,78],"card_choices":[{"not_picked":["Concentrate","Infinite Blades"],"picked":"Leg Sweep","floor":1},{"not_picked":["Underhanded Strike","Backflip"],"picked":"Flechettes","floor":2},{"not_picked":["Bane","Slice"],"picked":"Dagger Throw","floor":4},{"not_picked":["Outmaneuver","Caltrops"],"picked":"Noxious Fumes","floor":10},{"not_picked":["Deflect+1","Deadly Poison+1"],"picked":"Crippling Poison+1","floor":14}],"player_experience":2395386,"relics_obtained":[{"floor":9,"key":"Blood Vial"},{"floor":10,"key":"Ancient Tea Set"},{"floor":14,"key":"Pantograph"}],"event_choices":[{"cards_removed":["Strike_G"],"damage_healed":0,"gold_gain":0,"player_choice":"Purged","damage_taken":0,"max_hp_gain":0,"max_hp_loss":0,"event_name":"Purifier","floor":3,"gold_loss":0},{"damage_healed":19,"gold_gain":0,"player_choice":"Healed","damage_taken":0,"max_hp_gain":0,"max_hp_loss":0,"event_name":"The Cleric","floor":7,"gold_loss":35},{"damage_healed":0,"gold_gain":150,"player_choice":"AGREE","damage_taken":0,"max_hp_gain":0,"max_hp_loss":0,"event_name":"Liars Game","floor":11,"gold_loss":0,"cards_obtained":["Doubt"]},{"damage_healed":0,"gold_gain":0,"player_choice":"Gave Potion","damage_taken":0,"relics_obtained":["Regal Pillow"],"max_hp_gain":0,"max_hp_loss":0,"event_name":"WeMeetAgain","floor":13,"gold_loss":0}],"is_beta":false,"boss_relics":[],"items_purged_floors":[],"is_endless":false,"potions_floor_spawned":[1,2],"killed_by":"Slime Boss","ascension_level":20}