{"gold_per_floor":[119,4,4,4,19,50,50,69,69,144,144,177,177],"floor_reached":13,"playtime":301,"items_purged":[],"score":91,"play_id":"b4fc9284-9021-4cbf-8f59-87ecd4159af4","local_time":"20190806190711","is_ascension_mode":false,"campfire_choices":[{"data":"True Grit","floor":7,"key":"SMITH"}],"neow_cost":"NONE","seed_source_timestamp":85388597666183,"circlet_count":0,"master_deck":["Strike_R","Strike_R","Strike_R","Strike_R","Strike_R","Defend_R","Defend_R","Defend_R","Defend_R","Bash","Thunderclap","Dropkick","Inflame","True Grit+1","Dual Wield","Demon Form","Dropkick"],"relics":["Burning Blood","Gremlin Horn","Juzu Bracelet","Regal Pillow"],"potions_floor_usage":[12,12],"damage_taken":[{"damage":3,"enemies":"Small Slimes","floor":1,"turns":3},{"damage":7,"enemies":"2 Louse","floor":5,"turns":2},{"damage":56,"enemies":"3 Sentries","floor":6,"turns":11},{"damage":1,"enemies":"Cultist","floor":8,"turns":5},{"damage":19,"enemies":"Gremlin Nob","floor":12,"turns":5},{"damage":26,"enemies":"Exordium Thugs","floor":13,"turns":4}],"seed_played":"3543400660455170309","potions_obtained":[{"floor":1,"key":"Explosive Potion"},{"floor":11,"key":"EssenceOfSteel"},{"floor":11,"key":"Poison Potion"}],"is_trial":false,"path_per_floor":["M","$","?","$","M","E","R","M","T","?","?","E","M"],"character_chosen":"IRONCLAD","items_purchased":["Dropkick","Inflame"],"campfire_rested":0,"item_purchase_floors":[2,2],"current_hp_per_floor":[88,88,93,93,92,42,42,47,47,36,36,23,0],"gold":177,"neow_bonus":"TEN_PERCENT_HP_BONUS","is_prod":false,"is_daily":false,"chose_seed":false,"campfire_upgraded":1,"win_rate":0,"timestamp":1565132831,"path_taken":["M","$","?","$","M","E","R","M","T","?","?","E","M"],"build_version":"2019-07-17","purchased_purges":0,"victory":false,"max_hp_per_floor":[88,88,93,93,93,93,93,93,93,93,93,93,93],"card_choices":[{"not_picked":["Blood for Blood","Intimidate"],"picked":"Thunderclap","floor":1},{"not_picked":["Fire Breathing","Ghostly Armor"],"picked":"True Grit","floor":5},{"not_picked":["Twin Strike","Pommel Strike"],"picked":"Dual Wield","floor":6},{"not_picked":["Shrug It Off","Power Through"],"picked":"Demon Form","floor":8},{"not_picked":["Inflame","Reckless Charge"],"picked":"Dropkick","floor":12}],"player_experience":748424,"relics_obtained":[{"floor":6,"key":"Gremlin Horn"},{"floor":9,"key":"Juzu Bracelet"},{"floor":12,"key":"Regal Pillow"}],"event_choices":[{"damage_healed":0,"gold_gain":0,"player_choice":"Donut","damage_taken":0,"max_hp_gain":5,"max_hp_loss":0,"event_name":"Big Fish","floor":3,"gold_loss":0},{"damage_healed":0,"gold_gain":75,"player_choice":"Gather Gold","damage_taken":11,"max_hp_gain":0,"max_hp_loss":0,"event_name":"World of Goop","floor":10,"gold_loss":0},{"damage_healed":0,"gold_gain":0,"player_choice":"Got Potions","damage_taken":0,"max_hp_gain":0,"max_hp_loss":0,"event_name":"Lab","floor":11,"gold_loss":0}],"is_beta":false,"boss_relics":[],"items_purged_floors":[],"is_endless":false,"potions_floor_spawned":[1],"killed_by":"Exordium Thugs","ascension_level":0}