{"gold_per_floor":[411,336,611,623,55,85,85,112,112,112,62,73,105,124,124,197,197,211,225,4,31,51,80,30,46,46,75,75,95,95,130,130,208,208,228,240,240,240,32,32,63,63,63,13,48,67,87,103,103,103,103],"floor_reached":51,"playtime":3774,"items_purged":["Regret","Strike_G","Strike_G","Defend_G","Defend_G"],"score":1541,"play_id":"96a02186-5eb0-4286-bea5-ba6c080ea3c1","local_time":"20190819065944","is_ascension_mode":true,"campfire_choices":[{"floor":7.0,"key":"REST"},{"floor":10.0,"key":"REST"},{"floor":15.0,"key":"REST"},{"floor":28.0,"key":"REST"},{"data":"A Thousand Cuts","floor":32.0,"key":"SMITH"},{"data":"Defend_G","floor":40.0,"key":"PURGE"},{"floor":49.0,"key":"RECALL"}],"neow_cost":"TEN_PERCENT_HP_LOSS","seed_source_timestamp":160538321539500,"circlet_count":0,"master_deck":["AscendersBane","Defend_G+1","Defend_G+1","Survivor","Neutralize","Escape Plan","Flechettes","Well Laid Plans","Quick Slash","Blade Dance+1","Terror+1","Venomology+1","Blade Dance+1","Cloak And Dagger+1","A Thousand Cuts+1","Backflip+1","Escape Plan+1","Accuracy","Distraction+1","PiercingWail+1","PiercingWail+1","Wraith Form v2","Cloak And Dagger+1","Finesse+1","Finesse+1","Magnetism","Madness+1","Madness+1","Panache","Finisher","Blur+1"],"special_seed":0,"relics":["Ring of the Snake","Old Coin","Bronze Scales","Regal Pillow","Toxic Egg 2","Centennial Puzzle","Smiling Mask","Peace Pipe","Empty Cage","Blood Vial","War Paint","Bottled Lightning","Art of War","Vajra","Philosopher\u0027s Stone","PreservedInsect","Mango","Omamori"],"potions_floor_usage":[51],"damage_taken":[{"damage":1.0,"enemies":"Jaw Worm","floor":1.0,"turns":5.0},{"damage":8.0,"enemies":"2 Louse","floor":4.0,"turns":5.0},{"damage":26.0,"enemies":"Gremlin Nob","floor":6.0,"turns":5.0},{"damage":43.0,"enemies":"Lagavulin","floor":8.0,"turns":8.0},{"damage":0.0,"enemies":"Cultist","floor":12.0,"turns":2.0},{"damage":22.0,"enemies":"3 Sentries","floor":13.0,"turns":9.0},{"damage":0.0,"enemies":"Blue Slaver","floor":14.0,"turns":1.0},{"damage":27.0,"enemies":"The Guardian","floor":16.0,"turns":12.0},{"damage":3.0,"enemies":"Spheric Guardian","floor":18.0,"turns":4.0},{"damage":8.0,"enemies":"Shell Parasite","floor":19.0,"turns":4.0},{"damage":1.0,"enemies":"Shelled Parasite and Fungi","floor":22.0,"turns":5.0},{"damage":19.0,"enemies":"Book of Stabbing","floor":23.0,"turns":4.0},{"damage":3.0,"enemies":"Centurion and Healer","floor":25.0,"turns":5.0},{"damage":18.0,"enemies":"Slavers","floor":27.0,"turns":6.0},{"damage":12.0,"enemies":"Snecko","floor":29.0,"turns":4.0},{"damage":7.0,"enemies":"Gremlin Leader","floor":31.0,"turns":4.0},{"damage":13.0,"enemies":"Collector","floor":33.0,"turns":5.0},{"damage":0.0,"enemies":"3 Shapes","floor":35.0,"turns":7.0},{"damage":0.0,"enemies":"Orb Walker","floor":36.0,"turns":3.0},{"damage":20.0,"enemies":"Nemesis","floor":41.0,"turns":5.0},{"damage":12.0,"enemies":"Reptomancer","floor":45.0,"turns":4.0},{"damage":0.0,"enemies":"Spire Growth","floor":46.0,"turns":5.0},{"damage":6.0,"enemies":"4 Shapes","floor":47.0,"turns":4.0},{"damage":0.0,"enemies":"Transient","floor":48.0,"turns":6.0},{"damage":31.0,"enemies":"Awakened One","floor":50.0,"turns":7.0},{"damage":43,"enemies":"Donu and Deca","floor":51,"turns":4}],"seed_played":"-4894428269859041522","potions_obtained":[{"floor":4.0,"key":"Energy Potion"},{"floor":6.0,"key":"EssenceOfSteel"},{"floor":18.0,"key":"EntropicBrew"},{"floor":25.0,"key":"SteroidPotion"},{"floor":29.0,"key":"SmokeBomb"},{"floor":41.0,"key":"LiquidBronze"},{"floor":46.0,"key":"Strength Potion"},{"floor":48.0,"key":"Energy Potion"}],"is_trial":false,"path_per_floor":["M","?","?","M","$","E","R","E","T","R","$","M","E","M","R","B",null,"M","M","$","T","M","E","$","M","T","E","R","M","?","E","R","B",null,"M","M","?","?","$","R","E","T","T","$","E","M","M","M","R","B","B"],"character_chosen":"THE_SILENT","items_purchased":["Bronze Scales","Regal Pillow","Well Laid Plans","GhostInAJar","Quick Slash","Accuracy","Distraction+1","Panache"],"campfire_rested":4,"item_purchase_floors":[5,5,5,5,5,20,20,39],"current_hp_per_floor":[58,58,58,50,50,24,57,14,14,47,47,47,25,25,58,31,53,50,42,42,42,43,26,26,25,25,24,57,47,60,53,53,42,56,58,60,50,39,39,39,35,49,49,49,39,41,49,51,51,37,0],"gold":103,"neow_bonus":"ONE_RARE_RELIC","is_prod":false,"is_daily":false,"chose_seed":false,"campfire_upgraded":1,"win_rate":0,"timestamp":1566190784,"path_taken":["M","?","?","M","$","E","R","E","T","R","$","M","E","M","R","BOSS","M","M","$","?","M","E","$","M","T","E","R","M","?","E","R","BOSS","M","?","?","?","?","R","E","?","T","$","E","M","M","M","R","BOSS","BOSS"],"build_version":"2019-07-17","purchased_purges":5,"victory":false,"max_hp_per_floor":[60,60,60,60,60,60,60,60,60,60,60,60,60,60,60,60,60,60,60,60,60,60,60,60,60,60,60,60,60,60,60,60,60,60,60,60,60,60,60,60,60,74,74,74,74,74,74,74,74,74,74],"card_choices":[{"not_picked":["Flying Knee","Slice"],"picked":"Escape Plan","floor":1.0},{"not_picked":["Riddle With Holes","Underhanded Strike"],"picked":"Flechettes","floor":4.0},{"not_picked":["Predator","Deflect"],"picked":"Blade Dance","floor":6.0},{"not_picked":["Prepared+1","Backflip+1"],"picked":"Terror+1","floor":8.0},{"not_picked":["Endless Agony","Sucker Punch"],"picked":"Venomology+1","floor":12.0},{"not_picked":["All Out Attack","Poisoned Stab"],"picked":"Blade Dance+1","floor":13.0},{"not_picked":["Dash","Poisoned Stab"],"picked":"Cloak And Dagger+1","floor":14.0},{"not_picked":["Venomology+1","Die Die Die"],"picked":"A Thousand Cuts","floor":16.0},{"not_picked":["Terror+1","Sucker Punch"],"picked":"Backflip+1","floor":18.0},{"not_picked":["Poisoned Stab","Dagger Throw"],"picked":"Escape Plan+1","floor":19.0},{"not_picked":["Sucker Punch","Acrobatics+1","Masterful Stab+1"],"picked":"SKIP","floor":22.0},{"not_picked":["Poisoned Stab+1","Flying Knee","Dash"],"picked":"SKIP","floor":23.0},{"not_picked":["Sucker Punch","Glass Knife","Catalyst+1"],"picked":"SKIP","floor":25.0},{"not_picked":["Caltrops","Dodge and Roll+1"],"picked":"PiercingWail+1","floor":27.0},{"not_picked":["Reflex+1","Masterful Stab+1"],"picked":"Infinite Blades","floor":29.0},{"not_picked":["Skewer","Sucker Punch"],"picked":"PiercingWail+1","floor":31.0},{"not_picked":["Grand Finale","Storm of Steel+1"],"picked":"Wraith Form v2","floor":33.0},{"not_picked":["Bane","Escape Plan+1"],"picked":"Cloak And Dagger+1","floor":35.0},{"not_picked":["Bane","Deflect+1","Slice+1"],"picked":"SKIP","floor":36.0},{"not_picked":["Dramatic Entrance","Magnetism"],"picked":"Finesse+1","floor":37.0},{"not_picked":["PanicButton+1","Good Instincts+1"],"picked":"Finesse+1","floor":37.0},{"not_picked":["Deep Breath+1","Forethought+1"],"picked":"Magnetism","floor":37.0},{"not_picked":["Blade Dance+1","Deadly Poison+1"],"picked":"Finisher","floor":41.0},{"not_picked":["Infinite Blades","Choke","Bane"],"picked":"SKIP","floor":45.0},{"not_picked":["Sucker Punch","Underhanded Strike","Dagger Spray"],"picked":"SKIP","floor":46.0},{"not_picked":["Bane","Underhanded Strike","Dash"],"picked":"SKIP","floor":47.0},{"not_picked":["Acrobatics+1","Dagger Spray"],"picked":"Blur+1","floor":48.0}],"player_experience":1141769,"relics_obtained":[{"floor":6.0,"key":"Toxic Egg 2"},{"floor":8.0,"key":"Centennial Puzzle"},{"floor":9.0,"key":"Smiling Mask"},{"floor":13.0,"key":"Peace Pipe"},{"floor":21.0,"key":"Blood Vial"},{"floor":23.0,"key":"War Paint"},{"floor":26.0,"key":"Bottled Lightning"},{"floor":27.0,"key":"Art of War"},{"floor":31.0,"key":"Vajra"},{"floor":41.0,"key":"PreservedInsect"},{"floor":42.0,"key":"Mango"},{"floor":45.0,"key":"Omamori"}],"event_choices":[{"cards_removed":["Strike_G"],"damage_healed":0.0,"max_hp_gain":0.0,"max_hp_loss":0.0,"gold_gain":0.0,"event_name":"The Cleric","player_choice":"Card Removal","floor":2.0,"gold_loss":75.0,"damage_taken":0.0},{"damage_healed":0.0,"max_hp_gain":0.0,"max_hp_loss":0.0,"gold_gain":275.0,"event_name":"Golden Shrine","player_choice":"Desecrate","floor":3.0,"gold_loss":0.0,"damage_taken":0.0,"cards_obtained":["Regret"]},{"cards_removed":["Infinite Blades"],"damage_healed":13.0,"max_hp_gain":0.0,"max_hp_loss":0.0,"gold_gain":0.0,"event_name":"Bonfire Elementals","player_choice":"Offered Uncommon","floor":30.0,"gold_loss":0.0,"damage_taken":0.0},{"damage_healed":0.0,"max_hp_gain":0.0,"max_hp_loss":0.0,"gold_gain":0.0,"event_name":"SensoryStone","player_choice":"Memory 3","floor":37.0,"gold_loss":0.0,"damage_taken":10.0},{"damage_healed":0.0,"max_hp_gain":0.0,"max_hp_loss":0.0,"gold_gain":0.0,"event_name":"Winding Halls","player_choice":"Embrace Madness","floor":38.0,"gold_loss":0.0,"damage_taken":11.0,"cards_obtained":["Madness","Madness"]}],"is_beta":false,"boss_relics":[{"not_picked":["Ectoplasm","Coffee Dripper"],"picked":"Empty Cage"},{"not_picked":["Velvet Choker","Tiny House"],"picked":"Philosopher\u0027s Stone"}],"items_purged_floors":[5,11,20,24,44],"is_endless":false,"potions_floor_spawned":[4,6,13,16,18,19,25,29,41,46,48],"killed_by":"Donu and Deca","ascension_level":20}