{"gold_per_floor":[115,115,131,56,28,56,68,68,98,124,135,154,154,186,186,264,264,281,281,300,300,314,314],"floor_reached":23,"playtime":1014,"items_purged":[],"score":452,"play_id":"3e5f14f4-2f54-40f6-83dc-2fb043f9e3bd","local_time":"20190816103127","is_ascension_mode":true,"campfire_choices":[{"data":"Noxious Fumes","floor":13.0,"key":"SMITH"},{"data":"Noxious Fumes","floor":15.0,"key":"SMITH"}],"neow_cost":"NONE","seed_source_timestamp":92925924390600,"circlet_count":0,"master_deck":["AscendersBane","Strike_G","Strike_G","Strike_G","Strike_G+1","Defend_G","Defend_G","Defend_G","Defend_G","Defend_G","Survivor+1","Neutralize","Cloak And Dagger","Noxious Fumes+1","Flying Knee","Skewer","Deadly Poison","Deadly Poison","Noxious Fumes+1","PiercingWail","A Thousand Cuts","Caltrops","Writhe","Shame"],"special_seed":0,"relics":["Ring of the Snake","NeowsBlessing","Ninja Scroll","Tiny Chest","Bag of Preparation","Orichalcum","Cursed Key","Pen Nib","Pear"],"potions_floor_usage":[],"damage_taken":[{"damage":0.0,"enemies":"2 Louse","floor":1.0,"turns":1.0},{"damage":0.0,"enemies":"Cultist","floor":3.0,"turns":1.0},{"damage":0.0,"enemies":"Gremlin Nob","floor":6.0,"turns":1.0},{"damage":0.0,"enemies":"Small Slimes","floor":7.0,"turns":3.0},{"damage":2.0,"enemies":"Blue Slaver","floor":11.0,"turns":4.0},{"damage":5.0,"enemies":"Exordium Wildlife","floor":12.0,"turns":4.0},{"damage":11.0,"enemies":"3 Sentries","floor":14.0,"turns":6.0},{"damage":5.0,"enemies":"The Guardian","floor":16.0,"turns":8.0},{"damage":18.0,"enemies":"2 Thieves","floor":18.0,"turns":4.0},{"damage":6.0,"enemies":"Spheric Guardian","floor":20.0,"turns":3.0},{"damage":6.0,"enemies":"Shelled Parasite and Fungi","floor":22.0,"turns":4.0},{"damage":37,"enemies":"Book of Stabbing","floor":23,"turns":3}],"seed_played":"-3291078623321935642","potions_obtained":[{"floor":1.0,"key":"Block Potion"},{"floor":2.0,"key":"Swift Potion"},{"floor":11.0,"key":"Fire Potion"},{"floor":14.0,"key":"Swift Potion"},{"floor":16.0,"key":"GhostInAJar"},{"floor":18.0,"key":"Swift Potion"}],"is_trial":false,"path_per_floor":["M","?","M","?","$","E","M","?","T","T","M","M","R","E","R","B",null,"M","?","M","T","M","E"],"character_chosen":"THE_SILENT","items_purchased":["Flying Knee"],"campfire_rested":0,"item_purchase_floors":[5],"current_hp_per_floor":[59,59,59,59,59,59,59,39,39,39,37,32,32,21,21,16,54,36,36,30,40,34,0],"gold":314,"neow_bonus":"THREE_ENEMY_KILL","is_prod":false,"is_daily":false,"chose_seed":false,"campfire_upgraded":2,"win_rate":0,"timestamp":1565944287,"path_taken":["M","?","?","?","$","E","M","?","T","?","?","M","R","E","R","BOSS","M","?","M","?","M","E"],"build_version":"2019-07-17","purchased_purges":0,"victory":false,"max_hp_per_floor":[66,66,66,66,66,66,66,66,66,66,66,66,66,66,66,66,66,66,66,66,76,76,76],"card_choices":[{"not_picked":["Accuracy","Distraction"],"picked":"Cloak And Dagger","floor":1.0},{"not_picked":["Bane","All Out Attack"],"picked":"Noxious Fumes","floor":3.0},{"not_picked":["Poisoned Stab","Expertise"],"picked":"Skewer","floor":6.0},{"not_picked":["Dodge and Roll","Malaise"],"picked":"Deadly Poison","floor":7.0},{"not_picked":["Predator","Expertise"],"picked":"Deadly Poison","floor":11.0},{"not_picked":["Outmaneuver","Sucker Punch"],"picked":"Noxious Fumes","floor":12.0},{"not_picked":["Backstab","Bouncing Flask"],"picked":"PiercingWail","floor":14.0},{"not_picked":["Phantasmal Killer","Grand Finale"],"picked":"A Thousand Cuts","floor":16.0},{"not_picked":["Quick Slash","Choke"],"picked":"Caltrops","floor":18.0},{"not_picked":["Dagger Throw","Backstab","Blade Dance+1"],"picked":"SKIP","floor":20.0},{"not_picked":["Masterful Stab","Cloak And Dagger","Terror"],"picked":"SKIP","floor":22.0}],"player_experience":1052018,"relics_obtained":[{"floor":6.0,"key":"Ninja Scroll"},{"floor":9.0,"key":"Tiny Chest"},{"floor":10.0,"key":"Bag of Preparation"},{"floor":14.0,"key":"Orichalcum"},{"floor":21.0,"key":"Pear"}],"event_choices":[{"damage_healed":0.0,"max_hp_gain":0.0,"max_hp_loss":0.0,"gold_gain":0.0,"event_name":"Lab","player_choice":"Got Potions","floor":2.0,"gold_loss":0.0,"damage_taken":0.0},{"cards_removed":["Strike_G"],"damage_healed":0.0,"max_hp_gain":0.0,"max_hp_loss":0.0,"gold_gain":0.0,"event_name":"The Cleric","player_choice":"Card Removal","floor":4.0,"gold_loss":75.0,"damage_taken":0.0},{"damage_healed":0.0,"max_hp_gain":0.0,"max_hp_loss":0.0,"gold_gain":0.0,"event_name":"Shining Light","player_choice":"Entered Light","floor":8.0,"gold_loss":0.0,"damage_taken":20.0,"cards_upgraded":["Survivor","Strike_G"]},{"damage_healed":0.0,"max_hp_gain":0.0,"max_hp_loss":0.0,"gold_gain":0.0,"event_name":"The Mausoleum","player_choice":"Opened","floor":19.0,"gold_loss":0.0,"damage_taken":0.0,"relics_obtained":["Pen Nib"],"cards_obtained":["Writhe"]}],"is_beta":false,"boss_relics":[{"not_picked":["Calling Bell","Velvet Choker"],"picked":"Cursed Key"}],"items_purged_floors":[],"is_endless":false,"potions_floor_spawned":[1,7,11,14,16,18],"killed_by":"Book of Stabbing","ascension_level":20}