{"gold_per_floor":[13,28,46,46,46,80,80,99,99,99,114,114,129,155,155,232,232,243,259,270,270,289,289,124,124,124,149,163,194,194,221,221,299,299,310,330,6,26,26,51,51,51,125,125,144,26,26,57,57,57,57,57,57,57,83,83],"floor_reached":57,"playtime":4741,"items_purged":["Strike_R"],"score":2810,"play_id":"8f04c8db-1d45-4300-9a08-e36cee2117f4","local_time":"20190622163446","is_ascension_mode":true,"campfire_choices":[{"data":"Inflame","floor":7,"key":"SMITH"},{"data":"Bash","floor":10,"key":"SMITH"},{"data":"True Grit","floor":12,"key":"SMITH"},{"data":"Limit Break","floor":15,"key":"SMITH"},{"data":"Feed","floor":23,"key":"SMITH"},{"data":"Combust","floor":25,"key":"SMITH"},{"floor":30,"key":"REST"},{"data":"Shockwave","floor":32,"key":"SMITH"},{"floor":41,"key":"RECALL"},{"data":"Disarm","floor":49,"key":"SMITH"},{"data":"Uppercut","floor":53,"key":"SMITH"}],"neow_cost":"NO_GOLD","seed_source_timestamp":334604176647900,"circlet_count":0,"master_deck":["AscendersBane","Strike_R","Strike_R","Strike_R","Strike_R","Defend_R","Defend_R","Defend_R","Defend_R","Bash+1","Inflame+1","Pommel Strike","Twin Strike","Twin Strike","True Grit+1","Uppercut+1","Limit Break+1","Feed+1","Combust+1","Spot Weakness","Clothesline","Pain","Headbutt","Shockwave+1","Offering","Reaper","Rupture","Disarm+1","Blood for Blood","Power Through","Second Wind","Disarm"],"relics":["Burning Blood","Mango","Vajra","Happy Flower","Self Forming Clay","Snecko Eye","WarpedTongs","Bird Faced Urn","Dead Branch","Red Skull","Mercury Hourglass","Runic Cube","Centennial Puzzle","Sundial","Blood Vial","Pear"],"potions_floor_usage":[5,6,14,19,20,27,35,56,56],"damage_taken":[{"damage":1,"enemies":"Cultist","floor":1,"turns":3},{"damage":9,"enemies":"Small Slimes","floor":2,"turns":4},{"damage":16,"enemies":"Jaw Worm","floor":3,"turns":5},{"damage":8,"enemies":"Gremlin Nob","floor":6,"turns":3},{"damage":20,"enemies":"Red Slaver","floor":8,"turns":4},{"damage":2,"enemies":"Looter","floor":11,"turns":3},{"damage":8,"enemies":"Blue Slaver","floor":13,"turns":3},{"damage":8,"enemies":"Lagavulin","floor":14,"turns":7},{"damage":15,"enemies":"Slime Boss","floor":16,"turns":8},{"damage":15,"enemies":"3 Byrds","floor":18,"turns":6},{"damage":20,"enemies":"Shell Parasite","floor":19,"turns":4},{"damage":2,"enemies":"Sentry and Sphere","floor":20,"turns":3},{"damage":10,"enemies":"Snecko","floor":22,"turns":6},{"damage":32,"enemies":"Book of Stabbing","floor":27,"turns":4},{"damage":7,"enemies":"Shelled Parasite and Fungi","floor":28,"turns":4},{"damage":36,"enemies":"Gremlin Leader","floor":29,"turns":6},{"damage":20,"enemies":"Book of Stabbing","floor":31,"turns":5},{"damage":64,"enemies":"Automaton","floor":33,"turns":7},{"damage":47,"enemies":"3 Darklings","floor":35,"turns":4},{"damage":11,"enemies":"Orb Walker","floor":36,"turns":3},{"damage":13,"enemies":"Spire Growth","floor":38,"turns":2},{"damage":70,"enemies":"Giant Head","floor":40,"turns":7},{"damage":10,"enemies":"Jaw Worm Horde","floor":45,"turns":2},{"damage":75,"enemies":"Nemesis","floor":48,"turns":9},{"damage":59,"enemies":"Awakened One","floor":50,"turns":16},{"damage":48,"enemies":"Donu and Deca","floor":51,"turns":6},{"damage":41,"enemies":"Shield and Spear","floor":55,"turns":8},{"damage":74,"enemies":"The Heart","floor":56,"turns":5}],"seed_played":"-178425791953364417","potions_obtained":[{"floor":3,"key":"AttackPotion"},{"floor":5,"key":"Fruit Juice"},{"floor":5,"key":"Dexterity Potion"},{"floor":13,"key":"Regen Potion"},{"floor":14,"key":"GamblersBrew"},{"floor":19,"key":"GamblersBrew"},{"floor":20,"key":"SpeedPotion"},{"floor":31,"key":"Poison Potion"},{"floor":38,"key":"PowerPotion"},{"floor":40,"key":"PowerPotion"}],"is_trial":false,"path_per_floor":["M","M","M","$","?","E","R","M","T","R","M","R","M","E","R","B",null,"M","M","M","?","M","R","$","R","T","E","M","E","R","E","R","B",null,"M","M","$","M","$","E","R","$","T","?","M","$","T","E","R","B","B",null,"R","$","E","B",null],"character_chosen":"IRONCLAD","items_purchased":["Uppercut","Reaper","Rupture","Disarm","Second Wind","Disarm"],"campfire_rested":1,"item_purchase_floors":[24,37,37,37,46,46],"current_hp_per_floor":[87,84,74,74,79,77,77,63,63,63,67,67,65,63,63,54,84,78,76,83,83,83,83,83,83,83,57,62,40,73,65,65,17,91,56,53,53,62,62,90,90,90,90,90,121,121,121,87,87,132,134,136,136,136,150,136],"gold":83,"neow_bonus":"ONE_RARE_RELIC","is_prod":false,"is_daily":false,"chose_seed":false,"campfire_upgraded":9,"win_rate":0,"timestamp":1561235686,"path_taken":["M","?","M","?","?","E","R","?","T","R","M","R","M","E","R","BOSS","M","M","M","?","M","R","$","R","T","E","?","E","R","E","R","BOSS","M","M","$","M","?","E","R","$","T","?","?","$","?","E","R","BOSS","BOSS","R","$","E","BOSS"],"build_version":"2019-01-23","purchased_purges":1,"victory":true,"max_hp_per_floor":[89,89,89,89,94,94,94,94,94,94,94,94,94,94,94,94,94,97,97,100,100,104,104,104,104,104,104,108,112,112,112,112,116,116,120,120,120,120,120,124,124,124,124,124,128,128,128,128,128,132,136,136,136,136,150,150],"card_choices":[{"not_picked":["Thunderclap","True Grit"],"picked":"Inflame","floor":1},{"not_picked":["Flex","Power Through"],"picked":"Pommel Strike","floor":2},{"not_picked":["Warcry","Corruption"],"picked":"Twin Strike","floor":3},{"not_picked":["Warcry","Second Wind"],"picked":"Twin Strike","floor":6},{"not_picked":["Twin Strike","Sever Soul","Havoc"],"picked":"SKIP","floor":8},{"not_picked":["Dropkick","Barricade"],"picked":"True Grit","floor":11},{"not_picked":["Power Through","Armaments"],"picked":"Uppercut","floor":13},{"not_picked":["Thunderclap","Cleave"],"picked":"Limit Break","floor":14},{"not_picked":["Fiend Fire","Demon Form"],"picked":"Feed","floor":16},{"not_picked":["Entrench","Burning Pact"],"picked":"Combust","floor":18},{"not_picked":["Heavy Blade","Pommel Strike"],"picked":"Spot Weakness","floor":19},{"not_picked":["Cleave","Clash"],"picked":"Clothesline","floor":20},{"not_picked":["Hemokinesis","Spot Weakness"],"picked":"Headbutt","floor":22},{"not_picked":["Armaments","Sword Boomerang","Clash"],"picked":"SKIP","floor":27},{"not_picked":["Sever Soul+1","Twin Strike+1"],"picked":"Shockwave","floor":28},{"not_picked":["Intimidate","Body Slam","Cleave"],"picked":"SKIP","floor":29},{"not_picked":["Intimidate","Body Slam","Cleave"],"picked":"SKIP","floor":29},{"not_picked":["Flex+1","Headbutt","Evolve"],"picked":"SKIP","floor":31},{"not_picked":["Double Tap","Brutality"],"picked":"Offering","floor":33},{"not_picked":["Combust","Fire Breathing","Havoc+1"],"picked":"SKIP","floor":35},{"not_picked":["Warcry","Headbutt+1","Havoc"],"picked":"SKIP","floor":36},{"not_picked":["Seeing Red","Flex+1","Iron Wave"],"picked":"SKIP","floor":38},{"not_picked":["Havoc","Pommel Strike"],"picked":"Blood for Blood","floor":40},{"not_picked":["Immolate","Wild Strike+1"],"picked":"Power Through","floor":45},{"not_picked":["Sword Boomerang","Metallicize","Battle Trance"],"picked":"SKIP","floor":48},{"not_picked":["Whirlwind+1","Armaments","Uppercut"],"picked":"SKIP","floor":55}],"player_experience":2149647,"relics_obtained":[{"floor":6,"key":"Vajra"},{"floor":9,"key":"Happy Flower"},{"floor":14,"key":"Self Forming Clay"},{"floor":26,"key":"Bird Faced Urn"},{"floor":27,"key":"Dead Branch"},{"floor":29,"key":"Red Skull"},{"floor":31,"key":"Mercury Hourglass"},{"floor":40,"key":"Centennial Puzzle"},{"floor":47,"key":"Sundial"},{"floor":48,"key":"Blood Vial"},{"floor":55,"key":"Pear"}],"event_choices":[{"damage_healed":0,"gold_gain":0,"player_choice":"Got Potions","damage_taken":0,"max_hp_gain":0,"max_hp_loss":0,"event_name":"Lab","floor":5,"gold_loss":0},{"damage_healed":0,"gold_gain":0,"player_choice":"Rummage","damage_taken":0,"relics_obtained":["WarpedTongs"],"max_hp_gain":0,"max_hp_loss":0,"event_name":"Accursed Blacksmith","floor":21,"gold_loss":0,"cards_obtained":["Pain"]},{"cards_removed":["Uppercut"],"damage_healed":0,"gold_gain":0,"player_choice":"Removed Attack","damage_taken":0,"max_hp_gain":0,"max_hp_loss":0,"event_name":"Falling","floor":44,"gold_loss":0}],"is_beta":false,"boss_relics":[{"not_picked":["Busted Crown","Runic Dome"],"picked":"Snecko Eye"},{"not_picked":["Black Blood","Empty Cage"],"picked":"Runic Cube"}],"items_purged_floors":[24],"is_endless":false,"potions_floor_spawned":[3,13,14,16,19,20,31,38,40],"ascension_level":20}