{"gold_per_floor":[11,24,24,37,112,143,153,153,153,46,59,71,246,262,262,360,360,334,259,259,3,20,20],"floor_reached":23,"playtime":1832,"items_purged":[],"score":203,"play_id":"0a019dbf-e18c-451c-8639-287650f6cffb","local_time":"20190724193829","is_ascension_mode":true,"campfire_choices":[{"floor":8,"key":"REST"},{"floor":15,"key":"REST"}],"neow_cost":"NO_GOLD","seed_source_timestamp":108853899814474,"circlet_count":0,"master_deck":["Strike_G","Strike_G","Strike_G","Strike_G","Strike_G","Defend_G","Defend_G","Defend_G","Defend_G","Survivor","Neutralize","Bullet Time","Blur","Escape Plan","Regret","Well Laid Plans","Footwork","Crippling Poison","Bouncing Flask","Deadly Poison","Backflip","All Out Attack+1","Doubt","Backstab+1","Glass Knife+1","Dagger Throw+1","Adrenaline"],"relics":["Ring of the Snake","Molten Egg 2","StoneCalendar","Peace Pipe","Fusion Hammer","MutagenicStrength","Shuriken"],"potions_floor_usage":[6,6,14,16],"damage_taken":[{"damage":0,"enemies":"Cultist","floor":1,"turns":5},{"damage":0,"enemies":"Jaw Worm","floor":2,"turns":5},{"damage":15,"enemies":"Small Slimes","floor":4,"turns":7},{"damage":24,"enemies":"3 Sentries","floor":6,"turns":9},{"damage":7,"enemies":"3 Louse","floor":7,"turns":7},{"damage":3,"enemies":"Blue Slaver","floor":11,"turns":5},{"damage":16,"enemies":"Looter","floor":12,"turns":4},{"damage":9,"enemies":"Gremlin Gang","floor":14,"turns":3},{"damage":10,"enemies":"Hexaghost","floor":16,"turns":9},{"damage":24,"enemies":"2 Thieves","floor":18,"turns":5},{"damage":10,"enemies":"3 Byrds","floor":22,"turns":4},{"damage":40,"enemies":"Gremlin Leader","floor":23,"turns":4}],"seed_played":"3465430356829637981","potions_obtained":[{"floor":1,"key":"LiquidBronze"},{"floor":2,"key":"AttackPotion"},{"floor":6,"key":"SteroidPotion"},{"floor":14,"key":"SteroidPotion"},{"floor":16,"key":"Ancient Potion"}],"is_trial":false,"path_per_floor":["M","M","?","M","?","E","M","R","T","$","M","M","?","M","R","B",null,"M","?","?","$","M","E"],"character_chosen":"THE_SILENT","items_purchased":["Bouncing Flask","Deadly Poison","Shuriken"],"campfire_rested":2,"item_purchase_floors":[10,10,21],"current_hp_per_floor":[70,70,70,55,44,20,13,34,34,34,31,15,15,6,27,17,70,46,46,46,46,36,0],"gold":20,"neow_bonus":"THREE_RARE_CARDS","is_prod":false,"is_daily":false,"chose_seed":false,"campfire_upgraded":0,"win_rate":0,"timestamp":1564015109,"path_taken":["M","?","?","M","?","E","M","R","T","$","M","M","?","M","R","BOSS","M","?","?","$","M","E"],"build_version":"2019-07-17","purchased_purges":0,"victory":false,"max_hp_per_floor":[70,70,70,70,70,70,70,70,70,70,70,70,70,70,70,70,70,70,70,70,70,70,70],"card_choices":[{"not_picked":["Storm of Steel","Malaise"],"picked":"Bullet Time","floor":0},{"not_picked":["Noxious Fumes","Sucker Punch"],"picked":"Blur","floor":1},{"not_picked":["Deflect","Crippling Poison"],"picked":"Escape Plan","floor":2},{"not_picked":["Finisher+1","Bane+1"],"picked":"Well Laid Plans","floor":4},{"not_picked":["Dagger Spray+1","Deflect"],"picked":"Footwork","floor":6},{"not_picked":["PiercingWail","Expertise"],"picked":"Crippling Poison","floor":7},{"not_picked":["Quick Slash+1","Backstab+1"],"picked":"Backflip","floor":11},{"not_picked":["Flying Knee+1","Acrobatics"],"picked":"All Out Attack+1","floor":12},{"not_picked":["Slice+1","Leg Sweep"],"picked":"Backstab+1","floor":14},{"not_picked":["Tools of the Trade","Malaise"],"picked":"Glass Knife+1","floor":16},{"not_picked":["Cloak And Dagger","Deadly Poison"],"picked":"Dagger Throw+1","floor":18},{"not_picked":["Flying Knee+1","Eviscerate+1"],"picked":"Adrenaline","floor":22}],"player_experience":91354,"relics_obtained":[{"floor":6,"key":"StoneCalendar"},{"floor":9,"key":"Peace Pipe"}],"event_choices":[{"damage_healed":0,"gold_gain":0,"player_choice":"Box","damage_taken":0,"relics_obtained":["Molten Egg 2"],"max_hp_gain":0,"max_hp_loss":0,"event_name":"Big Fish","floor":3,"gold_loss":0,"cards_obtained":["Regret"]},{"damage_healed":0,"gold_gain":75,"player_choice":"Gather Gold","damage_taken":11,"max_hp_gain":0,"max_hp_loss":0,"event_name":"World of Goop","floor":5,"gold_loss":0},{"damage_healed":0,"gold_gain":175,"player_choice":"AGREE","damage_taken":0,"max_hp_gain":0,"max_hp_loss":0,"event_name":"Liars Game","floor":13,"gold_loss":0,"cards_obtained":["Doubt"]},{"cards_removed":["Defend_G"],"damage_healed":0,"gold_gain":0,"player_choice":"Gave Gold","damage_taken":0,"max_hp_gain":0,"max_hp_loss":0,"event_name":"Beggar","floor":19,"gold_loss":75},{"damage_healed":0,"gold_gain":0,"player_choice":"Inject Mutagens","damage_taken":0,"relics_obtained":["MutagenicStrength"],"max_hp_gain":0,"max_hp_loss":0,"event_name":"Drug Dealer","floor":20,"gold_loss":0}],"is_beta":false,"boss_relics":[{"not_picked":["Eternal Feather","Astrolabe"],"picked":"Fusion Hammer"}],"items_purged_floors":[],"is_endless":false,"potions_floor_spawned":[1,2,6,14,16],"killed_by":"Gremlin Leader","ascension_level":1}