{"gold_per_floor":[114,129,140,51,69,103,103,137,161,161],"floor_reached":10,"playtime":786,"items_purged":[],"score":156,"play_id":"434ac0b9-bfb8-4de6-9c61-a2853ed3438e","local_time":"20190814213700","is_ascension_mode":true,"campfire_choices":[{"floor":7.0,"key":"REST"}],"neow_cost":"TEN_PERCENT_HP_LOSS","seed_source_timestamp":12282965764800,"circlet_count":0,"master_deck":["AscendersBane","Strike_G","Strike_G","Strike_G","Defend_G","Defend_G","Defend_G","Defend_G","Defend_G","Survivor","Neutralize","Flying Knee","Crippling Poison","Deadly Poison","Dodge and Roll","Bane","Adrenaline","Caltrops","Noxious Fumes"],"special_seed":0,"relics":["Ring of the Snake","Pear","Centennial Puzzle","Snake Skull"],"potions_floor_usage":[10],"damage_taken":[{"damage":1.0,"enemies":"Cultist","floor":1.0,"turns":5.0},{"damage":3.0,"enemies":"Small Slimes","floor":2.0,"turns":4.0},{"damage":0.0,"enemies":"2 Louse","floor":3.0,"turns":3.0},{"damage":10.0,"enemies":"Gremlin Gang","floor":5.0,"turns":4.0},{"damage":15.0,"enemies":"3 Sentries","floor":6.0,"turns":12.0},{"damage":60.0,"enemies":"Gremlin Nob","floor":8.0,"turns":5.0},{"damage":0,"enemies":"3 Sentries","floor":10,"turns":2}],"seed_played":"2182170684622065223","potions_obtained":[{"floor":3.0,"key":"AttackPotion"},{"floor":6.0,"key":"SpeedPotion"},{"floor":8.0,"key":"EssenceOfSteel"}],"is_trial":false,"path_per_floor":["M","M","M","$","M","E","R","E","T","E"],"character_chosen":"THE_SILENT","items_purchased":["Adrenaline"],"campfire_rested":1,"item_purchase_floors":[4],"current_hp_per_floor":[58,55,55,55,45,40,61,1,1,1],"gold":161,"neow_bonus":"TRANSFORM_TWO_CARDS","is_prod":false,"is_daily":false,"chose_seed":false,"campfire_upgraded":0,"win_rate":0,"timestamp":1565811420,"path_taken":["M","M","?","$","M","E","R","E","T","E"],"build_version":"2019-07-17","purchased_purges":0,"victory":false,"max_hp_per_floor":[60,60,60,60,60,70,70,70,70,70],"card_choices":[{"not_picked":["PiercingWail","Deflect"],"picked":"Deadly Poison","floor":1.0},{"not_picked":["Poisoned Stab","Sucker Punch"],"picked":"Dodge and Roll","floor":2.0},{"not_picked":["Acrobatics","Prepared"],"picked":"Bane","floor":3.0},{"not_picked":["Setup","Finisher","Masterful Stab"],"picked":"SKIP","floor":5.0},{"not_picked":["Endless Agony","Venomology"],"picked":"Caltrops","floor":6.0},{"not_picked":["Dagger Spray","Underhanded Strike"],"picked":"Noxious Fumes","floor":8.0}],"player_experience":990238,"relics_obtained":[{"floor":6.0,"key":"Pear"},{"floor":8.0,"key":"Centennial Puzzle"},{"floor":9.0,"key":"Snake Skull"}],"event_choices":[],"is_beta":false,"boss_relics":[],"items_purged_floors":[],"is_endless":false,"potions_floor_spawned":[3,6,8],"killed_by":"3 Sentries","ascension_level":20}