{"gold_per_floor":[113,113,129,145,145,170,170,197,265,265,294,313,333,93,93,93],"floor_reached":16,"playtime":842,"items_purged":["Strike_B"],"score":181,"play_id":"6757c544-a1e4-4838-b85e-379d5a0c8772","local_time":"20190404231812","is_ascension_mode":true,"campfire_choices":[{"data":"Zap","floor":10.0,"key":"SMITH"},{"data":"Seek","floor":15.0,"key":"SMITH"}],"neow_cost":"NONE","seed_source_timestamp":1028553627308848,"circlet_count":0,"master_deck":["Strike_B","Strike_B","Defend_B","Defend_B","Defend_B","Defend_B","Zap+1","Dualcast","Leap","Seek+1","Impatience","Conserve Battery","Chill","Glacier","Auto Shields","Electrodynamics","Coolheaded","Loop","Dark Shackles"],"special_seed":0,"relics":["Cracked Core","NeowsBlessing","Unceasing Top","Art of War","Mercury Hourglass","Singing Bowl"],"potions_floor_usage":[16,16],"damage_taken":[{"damage":0.0,"enemies":"Small Slimes","floor":1.0,"turns":1.0},{"damage":0.0,"enemies":"Cultist","floor":3.0,"turns":1.0},{"damage":0.0,"enemies":"Jaw Worm","floor":4.0,"turns":1.0},{"damage":24.0,"enemies":"3 Sentries","floor":6.0,"turns":11.0},{"damage":0.0,"enemies":"Lagavulin","floor":8.0,"turns":7.0},{"damage":2.0,"enemies":"3 Sentries","floor":11.0,"turns":6.0},{"damage":0.0,"enemies":"Gremlin Gang","floor":12.0,"turns":2.0},{"damage":0.0,"enemies":"Blue Slaver","floor":13.0,"turns":3.0},{"damage":47,"enemies":"Hexaghost","floor":16,"turns":16}],"seed_played":"6841737373871798551","potions_obtained":[{"floor":3.0,"key":"AttackPotion"},{"floor":4.0,"key":"LiquidBronze"},{"floor":6.0,"key":"Ancient Potion"},{"floor":7.0,"key":"EntropicBrew"}],"is_trial":false,"path_per_floor":["M","?","M","M","?","E","?","E","T","R","E","M","M","$","R","B"],"character_chosen":"DEFECT","items_purchased":["Loop","Dark Shackles"],"campfire_rested":0,"item_purchase_floors":[14,14],"current_hp_per_floor":[75,75,75,75,68,44,44,44,44,44,42,44,44,44,44,0],"gold":93,"neow_bonus":"THREE_ENEMY_KILL","is_prod":false,"is_daily":false,"chose_seed":false,"campfire_upgraded":2,"win_rate":0,"timestamp":1554434292,"path_taken":["M","?","?","M","?","E","?","E","T","R","E","M","?","$","R","BOSS"],"build_version":"2019-01-23","purchased_purges":1,"victory":false,"max_hp_per_floor":[75,75,75,75,75,75,75,75,75,75,75,77,77,77,77,77],"card_choices":[{"not_picked":["Streamline","Skim"],"picked":"Leap","floor":1.0},{"not_picked":["Compile Driver","Hologram"],"picked":"Conserve Battery","floor":3.0},{"not_picked":["Redo","Compile Driver"],"picked":"Chill","floor":4.0},{"not_picked":["Conserve Battery","Compile Driver"],"picked":"Glacier","floor":6.0},{"not_picked":["Turbo","Redo"],"picked":"Auto Shields","floor":8.0},{"not_picked":["Beam Cell","Tempest"],"picked":"Electrodynamics","floor":11.0},{"not_picked":["Turbo","Chill","Conserve Battery"],"picked":"Singing Bowl","floor":12.0},{"not_picked":["FTL","Hologram"],"picked":"Coolheaded","floor":13.0}],"player_experience":371047,"relics_obtained":[{"floor":6.0,"key":"Unceasing Top"},{"floor":8.0,"key":"Art of War"},{"floor":9.0,"key":"Mercury Hourglass"},{"floor":11.0,"key":"Singing Bowl"}],"event_choices":[{"damage_healed":0.0,"max_hp_gain":0.0,"max_hp_loss":0.0,"gold_gain":0.0,"event_name":"Match and Keep!","player_choice":"2 cards matched","floor":2.0,"gold_loss":0.0,"damage_taken":0.0,"cards_obtained":["Seek","Impatience"]},{"cards_removed":["Strike_B"],"damage_healed":0.0,"max_hp_gain":0.0,"max_hp_loss":0.0,"gold_gain":0.0,"event_name":"Golden Wing","player_choice":"Card Removal","floor":5.0,"gold_loss":0.0,"damage_taken":7.0},{"damage_healed":0.0,"max_hp_gain":0.0,"max_hp_loss":0.0,"gold_gain":0.0,"event_name":"Lab","player_choice":"Got Potions","floor":7.0,"gold_loss":0.0,"damage_taken":0.0}],"is_beta":false,"boss_relics":[],"items_purged_floors":[14],"is_endless":false,"potions_floor_spawned":[3,4,6],"killed_by":"Hexaghost","ascension_level":5}