{"gold_per_floor":[110,110,122,142,155,189,189,189,189,216,95,77,77,102,102,102],"floor_reached":16,"playtime":701,"items_purged":["Strike_B"],"score":168,"play_id":"675972b1-272b-4e72-bb3d-bf63e6c43ff3","local_time":"20190608172528","is_ascension_mode":true,"campfire_choices":[{"floor":8,"key":"REST"},{"floor":13,"key":"REST"},{"floor":15,"key":"REST"}],"neow_cost":"NONE","seed_source_timestamp":202248182726994,"circlet_count":0,"master_deck":["Strike_B","Strike_B+1","Strike_B+1","Defend_B","Defend_B","Defend_B","Defend_B","Zap","Dualcast","Undo","Darkness","Coolheaded","Hologram","Static Discharge"],"relics":["Cracked Core","Whetstone","WingedGreaves","Kunai","Smiling Mask","Dodecahedron","Bag of Marbles"],"potions_floor_usage":[12,16,16],"damage_taken":[{"damage":10,"enemies":"Small Slimes","floor":1,"turns":3},{"damage":8,"enemies":"Jaw Worm","floor":3,"turns":4},{"damage":1,"enemies":"Cultist","floor":4,"turns":3},{"damage":5,"enemies":"Red Slaver","floor":5,"turns":4},{"damage":36,"enemies":"Gremlin Nob","floor":6,"turns":4},{"damage":13,"enemies":"Lagavulin","floor":10,"turns":6},{"damage":20,"enemies":"Exordium Thugs","floor":12,"turns":4},{"damage":30,"enemies":"Gremlin Nob","floor":14,"turns":5},{"damage":29,"enemies":"Hexaghost","floor":16,"turns":10}],"seed_played":"1020763807069004261","potions_obtained":[{"floor":1,"key":"GamblersBrew"},{"floor":3,"key":"FocusPotion"},{"floor":6,"key":"Regen Potion"}],"is_trial":false,"path_per_floor":["M","?","M","M","M","E","T","R","T","E","$","M","R","E","R","B"],"character_chosen":"DEFECT","items_purchased":["Static Discharge"],"campfire_rested":3,"item_purchase_floors":[11],"current_hp_per_floor":[58,58,50,49,44,8,8,30,30,17,17,9,31,1,23,0],"gold":102,"neow_bonus":"RANDOM_COMMON_RELIC","is_prod":false,"is_daily":false,"chose_seed":false,"campfire_upgraded":0,"win_rate":0,"timestamp":1560029128,"path_taken":["M","?","M","M","M","E","?","R","T","E","$","M","R","E","R","BOSS"],"build_version":"2019-01-23","purchased_purges":1,"victory":false,"max_hp_per_floor":[75,75,75,75,75,75,75,75,75,75,75,75,75,75,75,75],"card_choices":[{"not_picked":["Reinforced Body","Aggregate"],"picked":"Undo","floor":1},{"not_picked":["Gash","Steam","Rebound"],"picked":"SKIP","floor":3},{"not_picked":["Force Field","Compile Driver"],"picked":"Darkness","floor":4},{"not_picked":["Stack","Reprogram"],"picked":"Coolheaded","floor":5},{"not_picked":["Rebound","Ball Lightning"],"picked":"Hologram","floor":6},{"not_picked":["Multi-Cast","Auto Shields","Stack"],"picked":"SKIP","floor":10},{"not_picked":["Tempest","Beam Cell","Compile Driver"],"picked":"SKIP","floor":12},{"not_picked":["Lockon","Recycle","Hologram"],"picked":"SKIP","floor":14}],"player_experience":597249,"relics_obtained":[{"floor":6,"key":"WingedGreaves"},{"floor":7,"key":"Kunai"},{"floor":9,"key":"Smiling Mask"},{"floor":10,"key":"Dodecahedron"},{"floor":14,"key":"Bag of Marbles"}],"event_choices":[{"damage_healed":0,"gold_gain":0,"player_choice":"Ignored","damage_taken":0,"max_hp_gain":0,"max_hp_loss":0,"event_name":"Liars Game","floor":2,"gold_loss":0}],"is_beta":false,"boss_relics":[],"items_purged_floors":[11],"is_endless":false,"potions_floor_spawned":[1,3,6],"killed_by":"Hexaghost","ascension_level":8}