{"gold_per_floor":[115,115,115,40,56,56,71,71,71,71,54,69,69,80,80,80],"floor_reached":16,"playtime":226,"items_purged":["Strike_R"],"score":92,"play_id":"ee4825bd-8be2-49be-ae88-3d5bfc153370","local_time":"20190807224336","is_ascension_mode":false,"campfire_choices":[{"data":"Bash","floor":6,"key":"SMITH"},{"data":"Defend_R","floor":10,"key":"SMITH"},{"floor":15,"key":"REST"}],"neow_cost":"NONE","seed_source_timestamp":184848228081362,"circlet_count":0,"master_deck":["Strike_R","Strike_R","Strike_R","Strike_R","Defend_R+1","Defend_R","Defend_R","Defend_R","Bash+1"],"relics":["Burning Blood","Darkstone Periapt"],"potions_floor_usage":[],"damage_taken":[{"damage":6,"enemies":"Jaw Worm","floor":1,"turns":3},{"damage":2,"enemies":"Small Slimes","floor":5,"turns":4},{"damage":6,"enemies":"Cultist","floor":7,"turns":3},{"damage":12,"enemies":"Exordium Thugs","floor":11,"turns":4},{"damage":12,"enemies":"Looter","floor":12,"turns":3},{"damage":31,"enemies":"Lots of Slimes","floor":14,"turns":6},{"damage":0,"enemies":"The Guardian","floor":16,"turns":1}],"seed_played":"7791322205027316187","potions_obtained":[{"floor":0,"key":"GamblersBrew"},{"floor":0,"key":"Regen Potion"},{"floor":0,"key":"Regen Potion"}],"is_trial":false,"path_per_floor":["M","?","?","$","M","R","M","$","T","R","M","M","$","M","R","B"],"character_chosen":"IRONCLAD","items_purchased":[],"campfire_rested":1,"item_purchase_floors":[],"current_hp_per_floor":[80,85,85,85,85,85,85,85,85,85,79,73,73,48,73,73],"gold":80,"neow_bonus":"THREE_SMALL_POTIONS","is_prod":false,"is_daily":false,"chose_seed":false,"campfire_upgraded":2,"win_rate":0,"timestamp":1565232216,"path_taken":["M","?","?","$","M","R","M","?","T","R","M","M","$","M","R","BOSS"],"build_version":"2019-07-17","purchased_purges":1,"victory":false,"max_hp_per_floor":[80,85,85,85,85,85,85,85,85,85,85,85,85,85,85,85],"card_choices":[{"not_picked":["Bloodletting","Shrug It Off","Ghostly Armor"],"picked":"SKIP","floor":1},{"not_picked":["Spot Weakness","Metallicize","Iron Wave"],"picked":"SKIP","floor":5},{"not_picked":["Flex","Flame Barrier","Twin Strike"],"picked":"SKIP","floor":7},{"not_picked":["Immolate","Warcry","Second Wind"],"picked":"SKIP","floor":11},{"not_picked":["Seeing Red","Armaments","Cleave"],"picked":"SKIP","floor":12},{"not_picked":["Uppercut","Spot Weakness","Rage"],"picked":"SKIP","floor":14}],"player_experience":762456,"relics_obtained":[{"floor":9,"key":"Darkstone Periapt"}],"event_choices":[{"damage_healed":0,"gold_gain":0,"player_choice":"Donut","damage_taken":0,"max_hp_gain":5,"max_hp_loss":0,"event_name":"Big Fish","floor":2,"gold_loss":0},{"damage_healed":0,"gold_gain":0,"player_choice":"Ignored","damage_taken":0,"max_hp_gain":0,"max_hp_loss":0,"event_name":"Liars Game","floor":3,"gold_loss":0}],"is_beta":false,"boss_relics":[],"items_purged_floors":[4],"is_endless":false,"potions_floor_spawned":[5,14],"killed_by":"The Guardian","ascension_level":0}