{"gold_per_floor":[116,132,146,71,88,422,434,444,444,462,462,462],"floor_reached":12,"playtime":1155,"items_purged":["Strike_R"],"score":84,"play_id":"91efacfa-326a-4b81-90e8-47b412583ba6","local_time":"20181122135140","is_ascension_mode":false,"campfire_choices":[{"data":"Armaments","floor":11,"key":"SMITH"}],"neow_cost":"NONE","seed_source_timestamp":2312841020490153,"circlet_count":0,"master_deck":["Strike_R","Strike_R","Strike_R","Strike_R","Defend_R+1","Defend_R","Defend_R+1","Defend_R","Bash","Twin Strike","Armaments+1","Shrug It Off","Sword Boomerang","Inflame","Clothesline","True Grit"],"relics":["Burning Blood","Old Coin","War Paint"],"potions_floor_usage":[1],"damage_taken":[{"damage":1,"enemies":"Cultist","floor":1,"turns":3},{"damage":2,"enemies":"2 Louse","floor":2,"turns":3},{"damage":8,"enemies":"Small Slimes","floor":3,"turns":3},{"damage":10,"enemies":"Red Slaver","floor":5,"turns":5},{"damage":53,"enemies":"Lagavulin","floor":6,"turns":9},{"damage":4,"enemies":"Blue Slaver","floor":7,"turns":4},{"damage":8,"enemies":"2 Fungi Beasts","floor":8,"turns":4},{"damage":0,"enemies":"Large Slime","floor":10,"turns":3},{"damage":39,"enemies":"Gremlin Gang","floor":12,"turns":5}],"seed_played":"3446490254281721329","potions_obtained":[{"floor":0,"key":"Fruit Juice"},{"floor":0,"key":"EntropicBrew"},{"floor":0,"key":"SmokeBomb"},{"floor":5,"key":"Explosive Potion"},{"floor":6,"key":"Regen Potion"}],"is_trial":false,"path_per_floor":["M","M","M","$","M","E","M","M","T","M","R","M"],"character_chosen":"IRONCLAD","items_purchased":[],"campfire_rested":0,"item_purchase_floors":[],"current_hp_per_floor":[85,85,83,83,79,32,34,32,32,38,38,0],"gold":462,"neow_bonus":"THREE_SMALL_POTIONS","is_prod":false,"is_daily":false,"chose_seed":false,"campfire_upgraded":1,"win_rate":0.0,"timestamp":1542873100,"path_taken":["M","M","?","$","?","E","M","M","T","M","R","M"],"build_version":"2018-11-15","purchased_purges":1,"victory":false,"max_hp_per_floor":[85,85,85,85,85,85,85,85,85,85,85,85],"card_choices":[{"not_picked":["Warcry","Headbutt"],"picked":"Twin Strike","floor":1},{"not_picked":["Rupture","Body Slam"],"picked":"Armaments","floor":2},{"not_picked":["Thunderclap","Infernal Blade"],"picked":"Shrug It Off","floor":3},{"not_picked":["Body Slam","Shrug It Off"],"picked":"Sword Boomerang","floor":5},{"not_picked":["Battle Trance","Double Tap"],"picked":"Inflame","floor":6},{"not_picked":["Corruption","Pommel Strike"],"picked":"Clothesline","floor":7},{"not_picked":["Dual Wield","Armaments","Clothesline"],"picked":"SKIP","floor":8},{"not_picked":["Flame Barrier","Thunderclap"],"picked":"True Grit","floor":10}],"player_experience":1525,"relics_obtained":[{"floor":6,"key":"Old Coin"},{"floor":9,"key":"War Paint"}],"event_choices":[],"is_beta":false,"boss_relics":[],"items_purged_floors":[4],"is_endless":false,"potions_floor_spawned":[5,6,7,8],"killed_by":"Gremlin Gang","ascension_level":0}