{"gold_per_floor":[115,135,149,37,112,112,142,162,185,185,260,273,273,303,303,303],"floor_reached":16,"playtime":728,"items_purged":["Strike_R"],"score":105,"play_id":"1ac08e40-ca13-40c7-8177-48ef082f0d8b","local_time":"20190101212044","is_ascension_mode":true,"campfire_choices":[{"data":"Bash","floor":6,"key":"SMITH"},{"floor":13,"key":"REST"},{"floor":15,"key":"REST"}],"neow_cost":"TEN_PERCENT_HP_LOSS","seed_source_timestamp":905629997999112,"circlet_count":0,"master_deck":["Strike_R","Strike_R","Strike_R","Strike_R","Defend_R","Defend_R","Defend_R","Defend_R","Bash+1","Shrug It Off","True Grit","True Grit","Feel No Pain","Body Slam"],"relics":["Burning Blood","StoneCalendar","Oddly Smooth Stone","Gremlin Horn","Anchor"],"potions_floor_usage":[16,16,16],"damage_taken":[{"damage":1,"enemies":"Cultist","floor":1,"turns":3},{"damage":7,"enemies":"2 Louse","floor":2,"turns":3},{"damage":19,"enemies":"Jaw Worm","floor":3,"turns":5},{"damage":12,"enemies":"2 Fungi Beasts","floor":8,"turns":5},{"damage":13,"enemies":"Red Slaver","floor":12,"turns":4},{"damage":17,"enemies":"Lagavulin","floor":14,"turns":7},{"damage":67,"enemies":"The Guardian","floor":16,"turns":12}],"seed_played":"-471402658530351974","potions_obtained":[{"floor":2,"key":"BloodPotion"},{"floor":3,"key":"PowerPotion"},{"floor":12,"key":"FearPotion"}],"is_trial":false,"path_per_floor":["M","M","M","$","?","R","?","M","T","T","?","M","R","E","R","B"],"character_chosen":"IRONCLAD","items_purchased":["Feel No Pain"],"campfire_rested":2,"item_purchase_floors":[4],"current_hp_per_floor":[72,71,58,58,47,47,47,41,41,41,34,27,48,37,58,0],"gold":303,"neow_bonus":"ONE_RARE_RELIC","is_prod":false,"is_daily":false,"chose_seed":false,"campfire_upgraded":1,"win_rate":0,"timestamp":1546395644,"path_taken":["M","?","?","$","?","R","?","M","T","?","?","M","R","E","R","BOSS"],"build_version":"2018-12-20","purchased_purges":1,"victory":false,"max_hp_per_floor":[72,72,72,72,72,72,72,72,72,72,72,72,72,72,72,72],"card_choices":[{"not_picked":["Twin Strike","Hemokinesis"],"picked":"Shrug It Off","floor":1},{"not_picked":["Havoc","Burning Pact"],"picked":"True Grit","floor":2},{"not_picked":["Blood for Blood","Inflame"],"picked":"True Grit","floor":3},{"not_picked":["Feed","Clash","Sword Boomerang"],"picked":"SKIP","floor":8},{"not_picked":["Carnage","Cleave","Perfected Strike"],"picked":"SKIP","floor":12},{"not_picked":["Sword Boomerang","Twin Strike"],"picked":"Body Slam","floor":14}],"player_experience":207218,"relics_obtained":[{"floor":9,"key":"Oddly Smooth Stone"},{"floor":10,"key":"Gremlin Horn"},{"floor":14,"key":"Anchor"}],"event_choices":[{"damage_healed":0,"gold_gain":75,"player_choice":"Gather Gold","damage_taken":11,"max_hp_gain":0,"max_hp_loss":0,"event_name":"World of Goop","floor":5,"gold_loss":0},{"damage_healed":0,"gold_gain":30,"player_choice":"Searched \u00271\u0027 times","damage_taken":0,"max_hp_gain":0,"max_hp_loss":0,"event_name":"Dead Adventurer","floor":7,"gold_loss":0},{"damage_healed":0,"gold_gain":75,"player_choice":"Touch","damage_taken":7,"max_hp_gain":0,"max_hp_loss":0,"event_name":"FaceTrader","floor":11,"gold_loss":0}],"is_beta":false,"boss_relics":[],"items_purged_floors":[4],"is_endless":false,"potions_floor_spawned":[2,3,12,14],"killed_by":"The Guardian","ascension_level":1}