{"gold_per_floor":[110,120,136,150,170,200,57,70,70,70,89,118,118,131,131,236,236,255,275,292,292],"floor_reached":21,"playtime":2618,"items_purged":["Strike_G"],"score":222,"play_id":"ae255ce7-7c25-4572-b5a4-37a735013d14","local_time":"20190817181005","is_ascension_mode":false,"campfire_choices":[{"floor":10,"key":"REST"},{"floor":13,"key":"REST"},{"floor":15,"key":"REST"}],"neow_cost":"NONE","seed_source_timestamp":144703939596500,"circlet_count":0,"master_deck":["Strike_G","Strike_G","Strike_G","Strike_G","Defend_G","Defend_G","Defend_G","Defend_G","Defend_G","Survivor","Neutralize","Backflip","Deflect","Dodge and Roll","Quick Slash","Bouncing Flask","Bouncing Flask","Deflect","Footwork","Deflect","Acrobatics","Malaise","Deflect","Prepared","Deflect","Prepared","Noxious Fumes","Adrenaline","Calculated Gamble"],"relics":["Ring of the Snake","NeowsBlessing","Juzu Bracelet","Unceasing Top","Vajra","Orrery"],"potions_floor_usage":[5,6,16,16,16],"damage_taken":[{"damage":0,"enemies":"Cultist","floor":1,"turns":1},{"damage":0,"enemies":"2 Louse","floor":2,"turns":1},{"damage":0,"enemies":"Jaw Worm","floor":3,"turns":1},{"damage":0,"enemies":"3 Louse","floor":4,"turns":5},{"damage":9,"enemies":"Exordium Thugs","floor":5,"turns":7},{"damage":36,"enemies":"Gremlin Nob","floor":6,"turns":6},{"damage":1,"enemies":"Looter","floor":8,"turns":3},{"damage":25,"enemies":"Gremlin Gang","floor":11,"turns":8},{"damage":12,"enemies":"3 Sentries","floor":12,"turns":14},{"damage":0,"enemies":"Blue Slaver","floor":14,"turns":6},{"damage":54,"enemies":"Slime Boss","floor":16,"turns":23},{"damage":41,"enemies":"Chosen","floor":18,"turns":9},{"damage":4,"enemies":"Shell Parasite","floor":19,"turns":6},{"damage":8,"enemies":"Snake Plant","floor":20,"turns":8},{"damage":17,"enemies":"Masked Bandits","floor":21,"turns":2}],"seed_played":"-166822002853949335","potions_obtained":[{"floor":1,"key":"Ancient Potion"},{"floor":2,"key":"Poison Potion"},{"floor":4,"key":"Block Potion"},{"floor":11,"key":"LiquidBronze"},{"floor":14,"key":"Regen Potion"},{"floor":16,"key":"Swift Potion"}],"is_trial":false,"path_per_floor":["M","M","M","M","M","E","$","M","T","R","M","E","R","M","R","B",null,"M","M","M","?"],"character_chosen":"THE_SILENT","items_purchased":["Bouncing Flask"],"campfire_rested":3,"item_purchase_floors":[7],"current_hp_per_floor":[70,70,70,70,61,25,25,24,24,45,20,8,29,29,50,11,70,29,25,17,0],"gold":292,"neow_bonus":"THREE_ENEMY_KILL","is_prod":false,"is_daily":false,"chose_seed":false,"campfire_upgraded":0,"win_rate":0.0,"timestamp":1566090605,"path_taken":["M","?","M","M","?","E","$","M","T","R","M","E","R","M","R","BOSS","M","M","M","?"],"build_version":"2019-07-17","purchased_purges":1,"victory":false,"max_hp_per_floor":[70,70,70,70,70,70,70,70,70,70,70,70,70,70,70,70,70,70,70,70,70],"card_choices":[{"not_picked":["Outmaneuver","Tactician"],"picked":"Backflip","floor":1},{"not_picked":["Flechettes","Tactician"],"picked":"Deflect","floor":2},{"not_picked":["Backflip","Blade Dance","Dagger Throw"],"picked":"SKIP","floor":3},{"not_picked":["Deadly Poison","Sucker Punch"],"picked":"Dodge and Roll","floor":4},{"not_picked":["A Thousand Cuts","Eviscerate"],"picked":"Quick Slash","floor":5},{"not_picked":["Unload","Outmaneuver"],"picked":"Bouncing Flask","floor":6},{"not_picked":["Flechettes","Backflip"],"picked":"Deflect","floor":8},{"not_picked":["Quick Slash","Blade Dance"],"picked":"Footwork","floor":11},{"not_picked":["Deadly Poison","Slice"],"picked":"Deflect","floor":12},{"not_picked":["Predator","Underhanded Strike"],"picked":"Acrobatics","floor":14},{"not_picked":["Tools of the Trade","Glass Knife"],"picked":"Malaise","floor":16},{"not_picked":["Heel Hook","PiercingWail"],"picked":"Deflect","floor":17},{"not_picked":["Backflip","Tactician"],"picked":"Prepared","floor":17},{"not_picked":["Crippling Poison","Skewer"],"picked":"Deflect","floor":17},{"not_picked":["Quick Slash","Deadly Poison"],"picked":"Prepared","floor":17},{"not_picked":["Bouncing Flask","Well Laid Plans"],"picked":"Noxious Fumes","floor":18},{"not_picked":["Dodge and Roll","Quick Slash"],"picked":"Adrenaline","floor":19},{"not_picked":["Choke","Distraction"],"picked":"Calculated Gamble","floor":20}],"player_experience":174931,"relics_obtained":[{"floor":6,"key":"Juzu Bracelet"},{"floor":9,"key":"Unceasing Top"},{"floor":12,"key":"Vajra"}],"event_choices":[{"damage_healed":0,"gold_gain":0,"player_choice":"Fought Bandits","damage_taken":0,"max_hp_gain":0,"max_hp_loss":0,"event_name":"Masked Bandits","floor":21,"gold_loss":0}],"is_beta":false,"boss_relics":[{"not_picked":["Tiny House","Busted Crown"],"picked":"Orrery"}],"items_purged_floors":[7],"is_endless":false,"potions_floor_spawned":[1,2,4,11,14,16],"killed_by":"Masked Bandits","ascension_level":0}