{"gold_per_floor":[118,136,60,60,60,60,77,112,112,112,124,139,169,169,169,244,244,256,271,31,31,31,31,31],"floor_reached":24,"playtime":722,"items_purged":[],"score":388,"play_id":"69cc0d0b-8b87-4364-9c58-e25409b8e902","local_time":"20190817145031","is_ascension_mode":true,"campfire_choices":[{"data":"Go for the Eyes","floor":6,"key":"SMITH"},{"data":"Streamline","floor":10,"key":"SMITH"},{"data":"Loop","floor":15,"key":"SMITH"},{"floor":23,"key":"REST"}],"neow_cost":"NONE","seed_source_timestamp":314748678843586,"circlet_count":0,"master_deck":["AscendersBane","Strike_B","Strike_B","Defend_B","Defend_B","Defend_B","Defend_B","Zap+1","Dualcast","Go for the Eyes+1","Lockon","Loop+1","Streamline+1","Echo Form","Cold Snap","Consume","Seek","Compile Driver","Core Surge","Self Repair","Ghostly","Ghostly","Ghostly"],"relics":["Cracked Core","DataDisk","Dodecahedron","Mercury Hourglass","Gremlin Horn","Black Star","Lantern"],"potions_floor_usage":[8,13],"damage_taken":[{"damage":4,"enemies":"Small Slimes","floor":1,"turns":3},{"damage":0,"enemies":"2 Louse","floor":2,"turns":3},{"damage":0,"enemies":"Cultist","floor":7,"turns":2},{"damage":20,"enemies":"3 Sentries","floor":8,"turns":7},{"damage":8,"enemies":"Large Slime","floor":11,"turns":4},{"damage":7,"enemies":"Lots of Slimes","floor":12,"turns":2},{"damage":8,"enemies":"Gremlin Nob","floor":13,"turns":3},{"damage":12,"enemies":"Hexaghost","floor":16,"turns":8},{"damage":27,"enemies":"Shell Parasite","floor":18,"turns":5},{"damage":19,"enemies":"Chosen","floor":19,"turns":4},{"damage":19,"enemies":"Snake Plant","floor":24,"turns":1}],"seed_played":"2009660472398561189","potions_obtained":[{"floor":1,"key":"Swift Potion"},{"floor":7,"key":"Block Potion"},{"floor":8,"key":"Fire Potion"},{"floor":16,"key":"LiquidBronze"}],"is_trial":false,"path_per_floor":["M","M","$","?","?","R","M","E","T","R","M","M","E","?","R","B",null,"M","M","$","?","$","R","M"],"character_chosen":"DEFECT","items_purchased":["Loop","Self Repair","Lantern"],"campfire_rested":1,"item_purchase_floors":[3,20,20],"current_hp_per_floor":[60,60,60,60,60,60,60,40,40,40,32,25,17,17,17,5,55,28,9,9,9,9,19,0],"gold":31,"neow_bonus":"RANDOM_COMMON_RELIC","is_prod":false,"is_daily":false,"chose_seed":false,"campfire_upgraded":3,"win_rate":0,"timestamp":1566071431,"path_taken":["M","M","$","?","?","R","M","E","T","R","?","M","E","?","R","BOSS","M","M","?","?","?","R","M"],"build_version":"2019-07-17","purchased_purges":0,"victory":false,"max_hp_per_floor":[71,71,71,71,71,71,71,71,71,71,71,71,71,71,71,71,71,71,71,71,35,35,35,35],"card_choices":[{"not_picked":["Self Repair","Coolheaded"],"picked":"Go for the Eyes","floor":1},{"not_picked":["Barrage","Consume"],"picked":"Lockon","floor":2},{"not_picked":["Beam Cell","Aggregate"],"picked":"Streamline","floor":7},{"not_picked":["Conserve Battery","Undo"],"picked":"Echo Form","floor":8},{"not_picked":["Barrage","Storm"],"picked":"Cold Snap","floor":11},{"not_picked":["Beam Cell","Hologram","Scrape"],"picked":"SKIP","floor":12},{"not_picked":["Rip and Tear","Go for the Eyes"],"picked":"Consume","floor":13},{"not_picked":["Buffer","All For One"],"picked":"Seek","floor":16},{"not_picked":["Steam","Gash"],"picked":"Compile Driver","floor":18},{"not_picked":["Streamline","Ball Lightning"],"picked":"Core Surge","floor":19}],"player_experience":433056,"relics_obtained":[{"floor":8,"key":"Dodecahedron"},{"floor":9,"key":"Mercury Hourglass"},{"floor":13,"key":"Gremlin Horn"}],"event_choices":[{"damage_healed":0,"gold_gain":0,"player_choice":"Grow","damage_taken":0,"max_hp_gain":0,"max_hp_loss":0,"event_name":"Living Wall","floor":4,"gold_loss":0,"cards_upgraded":["Zap"]},{"cards_removed":["Strike_B"],"damage_healed":0,"gold_gain":0,"player_choice":"Purged","damage_taken":0,"max_hp_gain":0,"max_hp_loss":0,"event_name":"Purifier","floor":5,"gold_loss":0},{"cards_removed":["Strike_B"],"damage_healed":0,"gold_gain":0,"player_choice":"Offered Basic","damage_taken":0,"max_hp_gain":0,"max_hp_loss":0,"event_name":"Bonfire Elementals","floor":14,"gold_loss":0},{"damage_healed":0,"gold_gain":0,"player_choice":"Became a Ghost","damage_taken":0,"max_hp_gain":0,"max_hp_loss":36,"event_name":"Ghosts","floor":21,"gold_loss":0,"cards_obtained":["Ghostly","Ghostly","Ghostly"]}],"is_beta":false,"boss_relics":[{"not_picked":["Coffee Dripper","Eternal Feather"],"picked":"Black Star"}],"items_purged_floors":[],"is_endless":false,"potions_floor_spawned":[1,7,8,16,19],"killed_by":"Snake Plant","ascension_level":18}