{"gold_per_floor":[365,384,559,559,189,216,231,231,231,264,264,38,38,38,38,143,143,163,173,193,193],"floor_reached":21,"playtime":767,"items_purged":["Doubt","Decay"],"score":252,"play_id":"72ce15f9-87d3-45d4-a4d1-b0931a5f3d73","local_time":"20190615180031","is_ascension_mode":true,"campfire_choices":[{"floor":8,"key":"REST"},{"floor":15,"key":"REST"}],"neow_cost":"CURSE","seed_source_timestamp":333920072561137,"circlet_count":0,"master_deck":["Strike_B","Strike_B","Defend_B","Defend_B","Defend_B","Defend_B","Zap","Dualcast","Rebound","Loop","Beam Cell","Creative AI","Darkness","Capacitor","Core Surge+1","Ball Lightning+1","Self Repair","Seek","Go for the Eyes+1","Leap","Capacitor"],"relics":["Cracked Core","Anchor","Turnip","Singing Bowl","Molten Egg 2","Mummified Hand","Velvet Choker"],"potions_floor_usage":[10,10,21],"damage_taken":[{"damage":7,"enemies":"Jaw Worm","floor":1,"turns":4},{"damage":5,"enemies":"2 Louse","floor":2,"turns":2},{"damage":22,"enemies":"Lagavulin","floor":6,"turns":7},{"damage":18,"enemies":"Cultist","floor":7,"turns":6},{"damage":42,"enemies":"Gremlin Nob","floor":10,"turns":5},{"damage":21,"enemies":"The Guardian","floor":16,"turns":9},{"damage":22,"enemies":"Shell Parasite","floor":18,"turns":5},{"damage":33,"enemies":"Chosen","floor":19,"turns":5},{"damage":17,"enemies":"Centurion and Healer","floor":20,"turns":8},{"damage":15,"enemies":"Chosen and Byrds","floor":21,"turns":4}],"seed_played":"-648390277645958036","potions_obtained":[{"floor":6,"key":"PowerPotion"},{"floor":7,"key":"Regen Potion"},{"floor":18,"key":"Fire Potion"}],"is_trial":false,"path_per_floor":["M","M","?","?","$","E","M","R","T","E","T","$","$","?","R","B",null,"M","M","M","M"],"character_chosen":"DEFECT","items_purchased":["Creative AI","Anchor","Ball Lightning+1","Self Repair"],"campfire_rested":2,"item_purchase_floors":[5,5,12,12],"current_hp_per_floor":[61,56,56,56,56,34,16,38,38,10,10,10,10,10,32,18,61,46,20,10,0],"gold":193,"neow_bonus":"TWO_FIFTY_GOLD","is_prod":false,"is_daily":false,"chose_seed":false,"campfire_upgraded":0,"win_rate":0,"timestamp":1560639631,"path_taken":["M","M","?","?","$","E","?","R","T","E","?","?","$","?","R","BOSS","M","M","?","?"],"build_version":"2019-01-23","purchased_purges":2,"victory":false,"max_hp_per_floor":[75,75,75,75,75,75,75,75,75,75,75,75,75,75,75,75,75,75,75,75,75],"card_choices":[{"not_picked":["Beam Cell","Hologram"],"picked":"Rebound","floor":1},{"not_picked":["Redo","Steam Power"],"picked":"Loop","floor":2},{"not_picked":["Hologram","Leap"],"picked":"Darkness","floor":6},{"not_picked":["Glacier","Compile Driver"],"picked":"Capacitor","floor":7},{"not_picked":["Lockon","Compile Driver"],"picked":"Core Surge","floor":10},{"not_picked":["Meteor Strike+1","Multi-Cast"],"picked":"Seek","floor":16},{"not_picked":["Redo","Ball Lightning+1"],"picked":"Go for the Eyes+1","floor":18},{"not_picked":["Rip and Tear+1","Consume"],"picked":"Leap","floor":19},{"not_picked":["Barrage+1","Go for the Eyes+1"],"picked":"Capacitor","floor":20}],"player_experience":194798,"relics_obtained":[{"floor":6,"key":"Turnip"},{"floor":9,"key":"Singing Bowl"},{"floor":10,"key":"Molten Egg 2"},{"floor":11,"key":"Mummified Hand"}],"event_choices":[{"damage_healed":0,"gold_gain":175,"player_choice":"AGREE","damage_taken":0,"max_hp_gain":0,"max_hp_loss":0,"event_name":"Liars Game","floor":3,"gold_loss":0,"cards_obtained":["Doubt"]},{"damage_healed":0,"gold_gain":0,"cards_transformed":["Strike_B"],"player_choice":"Transformed","damage_taken":0,"max_hp_gain":0,"max_hp_loss":0,"event_name":"Transmorgrifier","floor":4,"gold_loss":0,"cards_obtained":["Beam Cell"]},{"cards_removed":["Strike_B"],"damage_healed":0,"gold_gain":0,"player_choice":"Offered Basic","damage_taken":0,"max_hp_gain":0,"max_hp_loss":0,"event_name":"Bonfire Elementals","floor":14,"gold_loss":0}],"is_beta":false,"boss_relics":[{"not_picked":["Lizard Tail","Runic Dome"],"picked":"Velvet Choker"}],"items_purged_floors":[5,12],"is_endless":false,"potions_floor_spawned":[6,7,18],"killed_by":"Chosen and Byrds","ascension_level":7}