{"gold_per_floor":[116,116,132,149,179,179,256,289,312,337,189,89,114,125,125,225,225,242,59,59,77,88,88,100,128,154,154,154,165,182,208,208,208],"floor_reached":33,"playtime":1130,"items_purged":["Defend_R"],"score":314,"play_id":"2e86570b-8274-4344-a4fc-65f697d0dad7","local_time":"20190101135841","is_ascension_mode":true,"campfire_choices":[{"data":"Bash","floor":6,"key":"SMITH"},{"data":"Armaments","floor":15,"key":"SMITH"},{"data":"Rupture","floor":23,"key":"SMITH"},{"floor":27,"key":"REST"},{"floor":32,"key":"REST"}],"neow_cost":"NONE","seed_source_timestamp":878704519675584,"circlet_count":0,"master_deck":["Strike_R","Strike_R","Strike_R","Strike_R","Defend_R","Defend_R","Defend_R+1","Bash+1","Cleave","Perfected Strike","Rupture+1","Rampage","Armaments+1","Combust","Wild Strike","Pommel Strike","Wild Strike","Cleave","Offering","Blood for Blood","Cleave+1","Metallicize","Perfected Strike","Flex+1","Evolve","Pommel Strike+1","Flex+1","Metallicize","Pommel Strike","Armaments","Clothesline","Uppercut","Uppercut+1","Pommel Strike"],"relics":["Burning Blood","Anchor","Tiny Chest","Prayer Wheel","Red Skull","Gremlin Horn","Pen Nib","Velvet Choker","Lantern","The Courier","War Paint","PreservedInsect","Matryoshka","Dodecahedron","Dream Catcher"],"potions_floor_usage":[16,22,25,33],"damage_taken":[{"damage":0,"enemies":"Small Slimes","floor":1,"turns":3},{"damage":1,"enemies":"Cultist","floor":3,"turns":3},{"damage":0,"enemies":"2 Louse","floor":4,"turns":2},{"damage":36,"enemies":"Gremlin Nob","floor":8,"turns":5},{"damage":9,"enemies":"3 Sentries","floor":10,"turns":5},{"damage":0,"enemies":"Blue Slaver","floor":14,"turns":2},{"damage":44,"enemies":"The Guardian","floor":16,"turns":7},{"damage":23,"enemies":"3 Byrds","floor":18,"turns":4},{"damage":8,"enemies":"Spheric Guardian","floor":21,"turns":3},{"damage":21,"enemies":"Centurion and Healer","floor":22,"turns":3},{"damage":10,"enemies":"Chosen and Byrds","floor":24,"turns":3},{"damage":31,"enemies":"Gremlin Leader","floor":25,"turns":4},{"damage":16,"enemies":"Snake Plant","floor":29,"turns":3},{"damage":2,"enemies":"Sentry and Sphere","floor":30,"turns":3},{"damage":59,"enemies":"Champ","floor":33,"turns":7}],"seed_played":"-4951384293498221874","potions_obtained":[{"floor":3,"key":"Block Potion"},{"floor":8,"key":"FairyPotion"},{"floor":14,"key":"GamblersBrew"},{"floor":16,"key":"Strength Potion"},{"floor":22,"key":"PowerPotion"}],"is_trial":false,"path_per_floor":["M","?","M","M","?","R","?","E","T","E","$","$","T","M","R","B",null,"M","$","T","M","M","R","M","E","T","R","T","M","M","T","R","B"],"character_chosen":"IRONCLAD","items_purchased":["Combust","Wild Strike","Pommel Strike","Lantern","Metallicize"],"campfire_rested":2,"item_purchase_floors":[11,12,12,19,19],"current_hp_per_floor":[80,80,80,80,68,68,68,38,38,35,35,35,35,41,41,13,80,63,63,63,61,46,46,42,17,17,41,41,31,35,35,59,0],"gold":208,"neow_bonus":"RANDOM_COMMON_RELIC","is_prod":false,"is_daily":false,"chose_seed":false,"campfire_upgraded":3,"win_rate":0,"timestamp":1546369121,"path_taken":["M","?","?","M","?","R","?","E","T","E","?","$","?","M","R","BOSS","M","$","?","M","M","R","M","E","T","R","?","M","M","?","R","BOSS"],"build_version":"2018-12-20","purchased_purges":1,"victory":false,"max_hp_per_floor":[80,80,80,80,80,80,80,80,80,80,80,80,80,80,80,80,80,80,80,80,80,80,80,80,80,80,80,80,80,80,80,80,80],"card_choices":[{"not_picked":["Thunderclap","Iron Wave"],"picked":"Cleave","floor":1},{"not_picked":["Armaments","Entrench"],"picked":"Perfected Strike","floor":3},{"not_picked":["Spot Weakness","Shrug It Off"],"picked":"Rupture","floor":4},{"not_picked":["Ghostly Armor","Entrench"],"picked":"Rampage","floor":8},{"not_picked":["True Grit","Clothesline"],"picked":"Armaments","floor":10},{"not_picked":["Combust","True Grit"],"picked":"Wild Strike","floor":14},{"not_picked":["Fire Breathing","Clothesline"],"picked":"Cleave","floor":14},{"not_picked":["Fiend Fire","Immolate"],"picked":"Offering","floor":16},{"not_picked":["Evolve+1","Shrug It Off+1"],"picked":"Blood for Blood","floor":18},{"not_picked":["Headbutt+1","Carnage"],"picked":"Cleave+1","floor":18},{"not_picked":["Inflame","Metallicize+1"],"picked":"Perfected Strike","floor":21},{"not_picked":["Reckless Charge","Clash"],"picked":"Flex","floor":21},{"not_picked":["Immolate","Pummel"],"picked":"Evolve","floor":22},{"not_picked":["Headbutt+1","Sentinel"],"picked":"Pommel Strike+1","floor":22},{"not_picked":["Clash","Searing Blow"],"picked":"Flex+1","floor":24},{"not_picked":["Anger+1","Body Slam+1"],"picked":"Metallicize","floor":24},{"not_picked":["Anger+1","Shockwave"],"picked":"Pommel Strike","floor":25},{"not_picked":["Power Through","Sever Soul"],"picked":"Armaments","floor":29},{"not_picked":["Second Wind","Seeing Red+1"],"picked":"Clothesline","floor":29},{"not_picked":["Anger","Bloodletting"],"picked":"Uppercut","floor":30},{"not_picked":["Feed","Heavy Blade+1"],"picked":"Uppercut+1","floor":30},{"not_picked":["Intimidate","Wild Strike"],"picked":"Pommel Strike","floor":32}],"player_experience":205090,"relics_obtained":[{"floor":8,"key":"Prayer Wheel"},{"floor":9,"key":"Red Skull"},{"floor":10,"key":"Gremlin Horn"},{"floor":13,"key":"Pen Nib"},{"floor":20,"key":"The Courier"},{"floor":25,"key":"War Paint"},{"floor":26,"key":"PreservedInsect"},{"floor":28,"key":"Matryoshka"},{"floor":31,"key":"Dodecahedron"},{"floor":31,"key":"Dream Catcher"}],"event_choices":[{"cards_removed":["Strike_R"],"damage_healed":0,"gold_gain":0,"player_choice":"Offered Basic","damage_taken":0,"max_hp_gain":0,"max_hp_loss":0,"event_name":"Bonfire Elementals","floor":2,"gold_loss":0},{"damage_healed":0,"gold_gain":0,"player_choice":"Success","damage_taken":12,"relics_obtained":["Tiny Chest"],"max_hp_gain":0,"max_hp_loss":0,"event_name":"Scrap Ooze","floor":5,"gold_loss":0},{"damage_healed":0,"gold_gain":77,"player_choice":"Gained Gold","damage_taken":0,"max_hp_gain":0,"max_hp_loss":0,"event_name":"Golden Wing","floor":7,"gold_loss":0}],"is_beta":false,"boss_relics":[{"not_picked":["Black Star","Black Blood"],"picked":"Velvet Choker"}],"items_purged_floors":[11],"is_endless":false,"potions_floor_spawned":[3,8,14,16,22],"killed_by":"Champ","ascension_level":1}