{"gold_per_floor":[115,16,91,108,128,162,162,217,241,191,191,271,271],"floor_reached":13,"playtime":225,"items_purged":["Defend_B"],"score":96,"play_id":"a0b5e6f6-ddd1-43a2-99ab-a567b31332a1","local_time":"20190813125848","is_ascension_mode":true,"campfire_choices":[{"data":"Doom and Gloom","floor":7,"key":"SMITH"}],"neow_cost":"NONE","seed_source_timestamp":1125921014896202,"circlet_count":0,"master_deck":["Strike_B+1","Strike_B","Strike_B","Strike_B","Defend_B","Defend_B","Zap","Dualcast","Ball Lightning","Scrape+1","Doom and Gloom+1","BootSequence"],"relics":["Cracked Core","NeowsBlessing","Whetstone","Tiny Chest","Happy Flower","Golden Idol","Omamori"],"potions_floor_usage":[6],"damage_taken":[{"damage":0,"enemies":"Jaw Worm","floor":1,"turns":1},{"damage":0,"enemies":"2 Louse","floor":4,"turns":1},{"damage":0,"enemies":"Small Slimes","floor":5,"turns":1},{"damage":16,"enemies":"Gremlin Nob","floor":6,"turns":3},{"damage":21,"enemies":"Lagavulin","floor":8,"turns":4},{"damage":14,"enemies":"Gremlin Nob","floor":12,"turns":3},{"damage":13,"enemies":"3 Sentries","floor":13,"turns":2}],"seed_played":"7228414852511444081","potions_obtained":[{"floor":1,"key":"SpeedPotion"},{"floor":4,"key":"LiquidBronze"},{"floor":8,"key":"Fire Potion"},{"floor":12,"key":"Energy Potion"}],"is_trial":false,"path_per_floor":["M","$","?","M","M","E","R","E","T","?","?","?","E"],"character_chosen":"DEFECT","items_purchased":["Ball Lightning"],"campfire_rested":0,"item_purchase_floors":[2],"current_hp_per_floor":[75,75,64,64,64,48,48,27,27,27,27,13,0],"gold":271,"neow_bonus":"THREE_ENEMY_KILL","is_prod":false,"is_daily":false,"chose_seed":false,"campfire_upgraded":1,"win_rate":0,"timestamp":1565679528,"path_taken":["M","$","?","M","M","E","R","E","T","?","?","?","E"],"build_version":"2019-07-17","purchased_purges":1,"victory":false,"max_hp_per_floor":[75,75,75,75,75,75,75,75,75,75,69,69,69],"card_choices":[{"not_picked":["Auto Shields","Leap","Hologram"],"picked":"SKIP","floor":1},{"not_picked":["Skim","Steam","Redo"],"picked":"SKIP","floor":4},{"not_picked":["Conserve Battery","Beam Cell"],"picked":"Scrape","floor":5},{"not_picked":["Reboot","Glacier"],"picked":"Doom and Gloom","floor":6},{"not_picked":["Hello World","Stack","Streamline"],"picked":"SKIP","floor":8},{"not_picked":["Ball Lightning","Reinforced Body"],"picked":"BootSequence","floor":12}],"player_experience":1625825,"relics_obtained":[{"floor":6,"key":"Whetstone"},{"floor":8,"key":"Tiny Chest"},{"floor":9,"key":"Happy Flower"},{"floor":12,"key":"Omamori"}],"event_choices":[{"damage_healed":0,"gold_gain":75,"player_choice":"Gather Gold","damage_taken":11,"max_hp_gain":0,"max_hp_loss":0,"event_name":"World of Goop","floor":3,"gold_loss":0},{"cards_removed":["Defend_B"],"damage_healed":0,"gold_gain":0,"player_choice":"Card Removal","damage_taken":0,"max_hp_gain":0,"max_hp_loss":0,"event_name":"The Cleric","floor":10,"gold_loss":50},{"damage_healed":0,"gold_gain":0,"player_choice":"Lose Max HP","damage_taken":0,"relics_obtained":["Golden Idol"],"max_hp_gain":0,"max_hp_loss":6,"event_name":"Golden Idol","floor":11,"gold_loss":0},{"damage_healed":0,"gold_gain":0,"player_choice":"Searched \u00271\u0027 times","damage_taken":0,"max_hp_gain":0,"max_hp_loss":0,"event_name":"Dead Adventurer","floor":12,"gold_loss":0}],"is_beta":false,"boss_relics":[],"items_purged_floors":[2],"is_endless":false,"potions_floor_spawned":[1,4,8,12],"killed_by":"3 Sentries","ascension_level":1}