{"gold_per_floor":[113,113,113,126,138,138,153,153,153,186,30,86,86,102,102,203,203,223,223,0,0,0,27,27,127,154,167,244,292,320,332,332,432,432,452,1451,1451,1463,1145,1145,1180,1180,1207,1225,1251,1262,1282,537,537,537,537,537,0,35,35],"floor_reached":55,"playtime":2289,"items_purged":["Strike_B","Normality","Normality"],"score":893,"play_id":"269bf736-6df1-4050-ad6f-55f892334a28","local_time":"20190305152711","is_ascension_mode":true,"campfire_choices":[{"data":"Loop","floor":6,"key":"SMITH"},{"data":"Storm","floor":8,"key":"SMITH"},{"floor":15,"key":"REST"},{"floor":24,"key":"RECALL"},{"floor":32,"key":"REST"},{"floor":40,"key":"REST"},{"floor":42,"key":"REST"},{"floor":49,"key":"REST"},{"floor":52,"key":"REST"}],"neow_cost":"NONE","seed_source_timestamp":391233182075934,"circlet_count":0,"master_deck":["Strike_B","Strike_B","Defend_B","Defend_B","Defend_B","Zap+1","Dualcast","Cold Snap+1","Storm+1","Loop+1","Self Repair","FTL+1","Loop","BootSequence","Electrodynamics","Hologram","Lockon","Skim+1","Auto Shields","Sweeping Beam","Ball Lightning","Go for the Eyes","Turbo+1","White Noise+1","Echo Form","Rebound+1","Sunder","Glacier+1","Consume+1","Auto Shields+1","Defragment","Capacitor+1","Electrodynamics","Force Field","Defragment+1"],"relics":["Cracked Core","Happy Flower","Cables","Potion Belt","Tiny Chest","Fusion Hammer","Whetstone","Blue Candle","Prayer Wheel","Ornamental Fan","Lantern","Singing Bowl","Mercury Hourglass","Velvet Choker","Bronze Scales","Bottled Lightning","Vajra","Regal Pillow","Centennial Puzzle","Orichalcum","MealTicket","Boot","Oddly Smooth Stone","Strange Spoon","War Paint"],"potions_floor_usage":[12,14,25,33,44,45,50,50,50,55,55],"damage_taken":[{"damage":6,"enemies":"2 Louse","floor":1,"turns":4},{"damage":0,"enemies":"Cultist","floor":4,"turns":3},{"damage":3,"enemies":"Small Slimes","floor":5,"turns":3},{"damage":8,"enemies":"Red Slaver","floor":7,"turns":4},{"damage":15,"enemies":"Gremlin Nob","floor":10,"turns":3},{"damage":15,"enemies":"3 Sentries","floor":12,"turns":4},{"damage":2,"enemies":"3 Louse","floor":14,"turns":2},{"damage":41,"enemies":"Hexaghost","floor":16,"turns":10},{"damage":6,"enemies":"Spheric Guardian","floor":18,"turns":3},{"damage":8,"enemies":"Gremlin Leader","floor":23,"turns":4},{"damage":13,"enemies":"Colosseum Slavers","floor":25,"turns":4},{"damage":10,"enemies":"Colosseum Nobs","floor":25,"turns":3},{"damage":9,"enemies":"Shell Parasite","floor":27,"turns":3},{"damage":10,"enemies":"Book of Stabbing","floor":30,"turns":4},{"damage":15,"enemies":"Snecko","floor":31,"turns":4},{"damage":10,"enemies":"Collector","floor":33,"turns":6},{"damage":0,"enemies":"3 Shapes","floor":35,"turns":3},{"damage":25,"enemies":"3 Darklings","floor":38,"turns":2},{"damage":23,"enemies":"Reptomancer","floor":41,"turns":5},{"damage":1,"enemies":"Jaw Worm Horde","floor":44,"turns":2},{"damage":13,"enemies":"Nemesis","floor":45,"turns":5},{"damage":0,"enemies":"Sphere and 2 Shapes","floor":46,"turns":3},{"damage":36,"enemies":"Writhing Mass","floor":47,"turns":3},{"damage":49,"enemies":"Donu and Deca","floor":50,"turns":6},{"damage":51,"enemies":"Shield and Spear","floor":54,"turns":6},{"damage":56,"enemies":"The Heart","floor":55,"turns":2}],"seed_played":"7567235903580473885","potions_obtained":[{"floor":1,"key":"SpeedPotion"},{"floor":7,"key":"Explosive Potion"},{"floor":12,"key":"FearPotion"},{"floor":13,"key":"FairyPotion"},{"floor":13,"key":"Fire Potion"},{"floor":13,"key":"AttackPotion"},{"floor":16,"key":"Swift Potion"},{"floor":25,"key":"Poison Potion"},{"floor":30,"key":"AttackPotion"},{"floor":33,"key":"SpeedPotion"},{"floor":45,"key":"Poison Potion"},{"floor":46,"key":"LiquidBronze"},{"floor":54,"key":"Regen Potion"}],"is_trial":false,"path_per_floor":["M","?","?","M","M","R","M","R","T","E","$","E","?","M","R","B",null,"M","?","$","?","?","E","R","?","T","M","T","T","E","M","R","B",null,"M","?","?","M","$","R","E","R","T","M","E","M","M","$","R","B",null,"R","$","E","B"],"character_chosen":"DEFECT","items_purchased":["Loop","Whetstone","Lockon","Sunder","Bronze Scales","Centennial Puzzle","Orichalcum","Electrodynamics","MealTicket","Boot","Oddly Smooth Stone","Strange Spoon","Force Field"],"campfire_rested":6,"item_purchase_floors":[11,20,20,39,39,48,48,48,48,53,53,53,53],"current_hp_per_floor":[69,66,66,66,63,63,55,55,55,47,47,39,39,44,66,32,75,75,59,59,59,59,58,58,42,42,33,33,33,32,26,49,46,79,81,81,77,56,56,80,59,83,83,83,70,79,45,45,86,44,87,87,87,43,0],"gold":35,"neow_bonus":"REMOVE_CARD","is_prod":false,"is_daily":false,"chose_seed":false,"campfire_upgraded":2,"win_rate":0,"timestamp":1551817631,"path_taken":["M","?","?","M","?","R","M","R","T","E","?","E","?","?","R","BOSS","M","?","$","?","?","E","R","?","T","M","?","?","E","M","R","BOSS","M","?","?","M","$","R","E","R","T","M","E","M","M","$","R","BOSS","R","$","E","BOSS"],"build_version":"2019-01-23","purchased_purges":3,"victory":false,"max_hp_per_floor":[75,75,75,75,75,75,75,75,75,75,75,75,75,75,75,75,75,75,75,75,75,75,75,75,75,75,75,75,75,77,79,79,79,79,81,81,77,81,81,81,83,83,83,83,83,85,87,87,87,87,87,87,87,87,87],"card_choices":[{"not_picked":["Fusion","Steam"],"picked":"Cold Snap","floor":1},{"not_picked":["Turbo","Coolheaded"],"picked":"Storm","floor":4},{"not_picked":["Blizzard","Barrage"],"picked":"Loop","floor":5},{"not_picked":["Darkness","BootSequence"],"picked":"Self Repair","floor":7},{"not_picked":["Steam Power","Gash"],"picked":"FTL","floor":10},{"not_picked":["Recycle","Double Energy"],"picked":"Chaos","floor":12},{"not_picked":["Doom and Gloom","Stack"],"picked":"BootSequence","floor":14},{"not_picked":["Reboot","Buffer"],"picked":"Electrodynamics","floor":16},{"not_picked":["Barrage","Streamline"],"picked":"Hologram","floor":18},{"not_picked":["Scrape","Cold Snap"],"picked":"Sweeping Beam","floor":23},{"not_picked":["Steam","Sunder"],"picked":"Ball Lightning","floor":25},{"not_picked":["Compile Driver","Cold Snap"],"picked":"Go for the Eyes","floor":27},{"not_picked":["Leap","Doom and Gloom"],"picked":"Turbo+1","floor":27},{"not_picked":["Redo","Doom and Gloom+1","Conserve Battery"],"picked":"Singing Bowl","floor":30},{"not_picked":["Multi-Cast","Rebound+1"],"picked":"White Noise","floor":31},{"not_picked":["Beam Cell","Lockon","Gash"],"picked":"Singing Bowl","floor":31},{"not_picked":["Biased Cognition","Fission"],"picked":"Echo Form","floor":33},{"not_picked":["Auto Shields","Beam Cell+1","Coolheaded"],"picked":"Singing Bowl","floor":35},{"not_picked":["Sweeping Beam+1","Steam"],"picked":"Rebound+1","floor":35},{"not_picked":["Gash+1","Ball Lightning+1","Steam"],"picked":"Singing Bowl","floor":38},{"not_picked":["Conserve Battery+1","Coolheaded+1","Beam Cell"],"picked":"Singing Bowl","floor":38},{"not_picked":["Steam","Double Energy","Skim+1"],"picked":"Singing Bowl","floor":41},{"not_picked":["Sweeping Beam+1","Doom and Gloom"],"picked":"Glacier+1","floor":44},{"not_picked":["Scrape","Hologram"],"picked":"Consume+1","floor":44},{"not_picked":["Lockon+1","Rebound"],"picked":"Auto Shields+1","floor":45},{"not_picked":["Steam+1","Ball Lightning+1","Recycle+1"],"picked":"Singing Bowl","floor":46},{"not_picked":["Leap","Sweeping Beam"],"picked":"Defragment","floor":46},{"not_picked":["Conserve Battery+1","Scrape","All For One"],"picked":"Singing Bowl","floor":47},{"not_picked":["Beam Cell+1","Tempest"],"picked":"Capacitor+1","floor":47},{"not_picked":["Loop","Stack"],"picked":"Defragment+1","floor":54}],"player_experience":283478,"relics_obtained":[{"floor":9,"key":"Cables"},{"floor":10,"key":"Potion Belt"},{"floor":12,"key":"Tiny Chest"},{"floor":23,"key":"Blue Candle"},{"floor":25,"key":"Prayer Wheel"},{"floor":25,"key":"Ornamental Fan"},{"floor":26,"key":"Lantern"},{"floor":28,"key":"Singing Bowl"},{"floor":30,"key":"Mercury Hourglass"},{"floor":41,"key":"Bottled Lightning"},{"floor":43,"key":"Vajra"},{"floor":45,"key":"Regal Pillow"},{"floor":54,"key":"War Paint"}],"event_choices":[{"damage_healed":0,"gold_gain":0,"player_choice":"Success","damage_taken":3,"relics_obtained":["Happy Flower"],"max_hp_gain":0,"max_hp_loss":0,"event_name":"Scrap Ooze","floor":2,"gold_loss":0},{"damage_healed":0,"gold_gain":0,"player_choice":"Upgraded","damage_taken":0,"max_hp_gain":0,"max_hp_loss":0,"event_name":"Upgrade Shrine","floor":3,"gold_loss":0,"cards_upgraded":["Zap"]},{"damage_healed":0,"gold_gain":0,"player_choice":"Got Potions","damage_taken":0,"max_hp_gain":0,"max_hp_loss":0,"event_name":"Lab","floor":13,"gold_loss":0},{"damage_healed":0,"gold_gain":0,"player_choice":"Obtained Book","damage_taken":16,"max_hp_gain":0,"max_hp_loss":0,"event_name":"Cursed Tome","floor":19,"gold_loss":0},{"damage_healed":0,"gold_gain":0,"cards_transformed":["Chaos","Strike_B"],"player_choice":"Became Test Subject","damage_taken":0,"max_hp_gain":0,"max_hp_loss":0,"event_name":"Drug Dealer","floor":21,"gold_loss":0,"cards_obtained":["Skim","Auto Shields"]},{"damage_healed":0,"gold_gain":0,"player_choice":"Ignored","damage_taken":0,"max_hp_gain":0,"max_hp_loss":0,"event_name":"Beggar","floor":22,"gold_loss":0},{"damage_healed":0,"gold_gain":0,"player_choice":"Fight","damage_taken":0,"max_hp_gain":0,"max_hp_loss":0,"event_name":"Colosseum","floor":25,"gold_loss":0},{"damage_healed":0,"gold_gain":0,"player_choice":"Fought Nobs","damage_taken":0,"max_hp_gain":0,"max_hp_loss":0,"event_name":"Colosseum","floor":25,"gold_loss":0},{"damage_healed":0,"gold_gain":999,"player_choice":"Gold","damage_taken":0,"max_hp_gain":0,"max_hp_loss":0,"event_name":"MindBloom","floor":36,"gold_loss":0,"cards_obtained":["Normality","Normality"]},{"damage_healed":0,"gold_gain":0,"player_choice":"Max HP","damage_taken":0,"max_hp_gain":0,"max_hp_loss":4,"event_name":"Winding Halls","floor":37,"gold_loss":0}],"is_beta":false,"boss_relics":[{"not_picked":["Busted Crown","Eternal Feather"],"picked":"Fusion Hammer"},{"not_picked":["Runic Dome","Pandora\u0027s Box"],"picked":"Velvet Choker"}],"items_purged_floors":[11,39,48],"is_endless":false,"potions_floor_spawned":[1,7,12,16,18,23,25,30,33,38,45,46,54],"killed_by":"The Heart","ascension_level":2}