{"gold_per_floor":[113,113,128,142,142,177,26,26,26,26,26,61,61,85,85,213,213,227,246,246],"floor_reached":20,"playtime":942,"items_purged":[],"score":246,"play_id":"066985e9-6c33-41d3-8ae4-495bcc3689e1","local_time":"20181226141716","is_ascension_mode":true,"campfire_choices":[{"data":"Anger","floor":8,"key":"SMITH"},{"data":"Bash","floor":11,"key":"SMITH"},{"floor":15,"key":"REST"}],"neow_cost":"NONE","seed_source_timestamp":262976086378789,"circlet_count":0,"master_deck":["Strike_R","Strike_R","Strike_R","Strike_R","Defend_R","Defend_R","Defend_R","Defend_R","Bash+1","Anger+1","Thunderclap","Headbutt","Impervious","Feel No Pain","Shrug It Off","Searing Blow","Demon Form","Clothesline","Clothesline+1"],"relics":["Burning Blood","Blue Candle","Regal Pillow","Ancient Tea Set","Golden Idol","Snecko Eye"],"potions_floor_usage":[6,6,14,20,20,20],"damage_taken":[{"damage":11,"enemies":"Jaw Worm","floor":1,"turns":4},{"damage":1,"enemies":"Cultist","floor":3,"turns":3},{"damage":4,"enemies":"2 Louse","floor":4,"turns":2},{"damage":26,"enemies":"Lagavulin","floor":6,"turns":6},{"damage":20,"enemies":"Gremlin Nob","floor":12,"turns":4},{"damage":3,"enemies":"Blue Slaver","floor":14,"turns":3},{"damage":54,"enemies":"The Guardian","floor":16,"turns":14},{"damage":27,"enemies":"Chosen","floor":18,"turns":6},{"damage":16,"enemies":"Spheric Guardian","floor":19,"turns":5},{"damage":32,"enemies":"3 Cultists","floor":20,"turns":4}],"seed_played":"-5439471453468100956","potions_obtained":[{"floor":1,"key":"PowerPotion"},{"floor":4,"key":"Poison Potion"},{"floor":12,"key":"Poison Potion"},{"floor":14,"key":"Fire Potion"},{"floor":16,"key":"Explosive Potion"},{"floor":18,"key":"Explosive Potion"}],"is_trial":false,"path_per_floor":["M","?","M","M","?","E","$","R","T","?","R","E","?","M","R","B",null,"M","M","M"],"character_chosen":"IRONCLAD","items_purchased":["Regal Pillow"],"campfire_rested":1,"item_purchase_floors":[7],"current_hp_per_floor":[67,67,72,74,67,47,47,47,47,47,47,33,13,16,55,7,62,41,31,0],"gold":246,"neow_bonus":"THREE_CARDS","is_prod":false,"is_daily":false,"chose_seed":false,"campfire_upgraded":2,"win_rate":0,"timestamp":1545812236,"path_taken":["M","?","M","?","?","E","$","R","T","?","R","E","?","?","R","BOSS","M","?","M"],"build_version":"2018-12-20","purchased_purges":0,"victory":false,"max_hp_per_floor":[80,80,80,80,80,80,80,80,80,80,80,80,80,80,80,80,80,80,80,80],"card_choices":[{"not_picked":["Sword Boomerang","Sentinel"],"picked":"Anger","floor":0},{"not_picked":["Infernal Blade","Cleave"],"picked":"Thunderclap","floor":1},{"not_picked":["Anger","Heavy Blade"],"picked":"Headbutt","floor":3},{"not_picked":["Havoc","Sword Boomerang"],"picked":"Impervious","floor":4},{"not_picked":["Power Through","Rupture"],"picked":"Feel No Pain","floor":6},{"not_picked":["Limit Break","Impervious"],"picked":"Shrug It Off","floor":12},{"not_picked":["Hemokinesis","Clash"],"picked":"Searing Blow","floor":14},{"not_picked":["Limit Break","Brutality"],"picked":"Demon Form","floor":16},{"not_picked":["Battle Trance","Thunderclap"],"picked":"Clothesline","floor":18},{"not_picked":["Perfected Strike+1","Power Through"],"picked":"Clothesline+1","floor":19}],"player_experience":418938,"relics_obtained":[{"floor":6,"key":"Blue Candle"},{"floor":12,"key":"Ancient Tea Set"}],"event_choices":[{"damage_healed":0,"gold_gain":0,"player_choice":"Bought 0 Potions","damage_taken":0,"max_hp_gain":0,"max_hp_loss":0,"event_name":"The Woman in Blue","floor":2,"gold_loss":0},{"cards_removed":["Strike_R"],"damage_healed":0,"gold_gain":0,"player_choice":"Card Removal","damage_taken":7,"max_hp_gain":0,"max_hp_loss":0,"event_name":"Golden Wing","floor":5,"gold_loss":0},{"damage_healed":0,"gold_gain":0,"player_choice":"Leave","damage_taken":0,"max_hp_gain":0,"max_hp_loss":0,"event_name":"The Cleric","floor":10,"gold_loss":0},{"damage_healed":0,"gold_gain":0,"player_choice":"Take Damage","damage_taken":20,"relics_obtained":["Golden Idol"],"max_hp_gain":0,"max_hp_loss":0,"event_name":"Golden Idol","floor":13,"gold_loss":0}],"is_beta":false,"boss_relics":[{"not_picked":["Calling Bell","Pandora\u0027s Box"],"picked":"Snecko Eye"}],"items_purged_floors":[],"is_endless":false,"potions_floor_spawned":[1,4,12,14,16,18],"killed_by":"3 Cultists","ascension_level":7}