{"gold_per_floor":[116,116,81,8,183,183,208,208,281,32,42,52,52,65,65,65],"floor_reached":16,"playtime":500,"items_purged":[],"score":141,"play_id":"76a15c15-3b91-43ba-bf49-d457910f8a90","local_time":"20190818145528","is_ascension_mode":true,"campfire_choices":[{"data":"Inflame","floor":6,"key":"SMITH"},{"data":"Exhume","floor":8,"key":"SMITH"},{"floor":15,"key":"REST"}],"neow_cost":"NONE","seed_source_timestamp":84265234024151,"circlet_count":0,"master_deck":["Strike_R","Strike_R","Strike_R","Strike_R","Strike_R","Defend_R","Defend_R","Defend_R","Defend_R","Bash","Inflame+1","Doubt","Exhume+1","Perfected Strike","Shockwave","Flame Barrier"],"relics":["Burning Blood","NeowsBlessing","Juzu Bracelet","Ornamental Fan","Bottled Lightning","MealTicket","Golden Idol"],"potions_floor_usage":[16,16],"damage_taken":[{"damage":0,"enemies":"Jaw Worm","floor":1,"turns":1},{"damage":0,"enemies":"3 Sentries","floor":7,"turns":1},{"damage":0,"enemies":"Small Slimes","floor":11,"turns":1},{"damage":2,"enemies":"2 Louse","floor":12,"turns":3},{"damage":26,"enemies":"Exordium Wildlife","floor":14,"turns":6},{"damage":64,"enemies":"The Guardian","floor":16,"turns":14}],"seed_played":"-3587395144391402212","potions_obtained":[{"floor":7,"key":"FearPotion"},{"floor":14,"key":"FearPotion"}],"is_trial":false,"path_per_floor":["M","?","?","$","?","R","E","R","T","$","M","M","?","M","R","B"],"character_chosen":"IRONCLAD","items_purchased":["Inflame","Perfected Strike","MealTicket"],"campfire_rested":1,"item_purchase_floors":[4,10,10],"current_hp_per_floor":[80,55,75,75,75,75,80,80,80,80,80,80,60,40,64,0],"gold":65,"neow_bonus":"THREE_ENEMY_KILL","is_prod":false,"is_daily":false,"chose_seed":false,"campfire_upgraded":2,"win_rate":0,"timestamp":1566136528,"path_taken":["M","?","?","$","?","R","E","R","T","$","M","M","?","M","R","BOSS"],"build_version":"2019-07-17","purchased_purges":0,"victory":false,"max_hp_per_floor":[80,80,80,80,80,80,80,80,80,80,80,80,80,80,80,80],"card_choices":[{"not_picked":["Warcry","Thunderclap","True Grit"],"picked":"SKIP","floor":1},{"not_picked":["Pommel Strike","Searing Blow"],"picked":"Exhume","floor":7},{"not_picked":["Warcry","Iron Wave"],"picked":"Shockwave","floor":11},{"not_picked":["Power Through","Clothesline"],"picked":"Flame Barrier","floor":12},{"not_picked":["Intimidate","Sever Soul","Thunderclap"],"picked":"SKIP","floor":14}],"player_experience":416759,"relics_obtained":[{"floor":7,"key":"Ornamental Fan"},{"floor":9,"key":"Bottled Lightning"}],"event_choices":[{"damage_healed":0,"gold_gain":0,"player_choice":"Success","damage_taken":25,"relics_obtained":["Juzu Bracelet"],"max_hp_gain":0,"max_hp_loss":0,"event_name":"Scrap Ooze","floor":2,"gold_loss":0},{"damage_healed":20,"gold_gain":0,"player_choice":"Healed","damage_taken":0,"max_hp_gain":0,"max_hp_loss":0,"event_name":"The Cleric","floor":3,"gold_loss":35},{"damage_healed":0,"gold_gain":175,"player_choice":"AGREE","damage_taken":0,"max_hp_gain":0,"max_hp_loss":0,"event_name":"Liars Game","floor":5,"gold_loss":0,"cards_obtained":["Doubt"]},{"damage_healed":0,"gold_gain":0,"player_choice":"Take Damage","damage_taken":20,"relics_obtained":["Golden Idol"],"max_hp_gain":0,"max_hp_loss":0,"event_name":"Golden Idol","floor":13,"gold_loss":0}],"is_beta":false,"boss_relics":[],"items_purged_floors":[],"is_endless":false,"potions_floor_spawned":[7,14],"killed_by":"The Guardian","ascension_level":3}