{"gold_per_floor":[110,26,46,46,65,90,102,136,183,183,197,197,197,197,197,197],"floor_reached":16,"playtime":469,"items_purged":[],"score":116,"play_id":"732db946-bfca-4ffc-a17d-6cbb51811143","local_time":"20190729172306","is_ascension_mode":true,"campfire_choices":[{"floor":10,"key":"DIG"},{"floor":12,"key":"DIG"},{"data":"Recycle","floor":15,"key":"SMITH"}],"neow_cost":"NONE","seed_source_timestamp":10307534529465206,"circlet_count":0,"master_deck":["Strike_B","Strike_B","Strike_B","Strike_B","Defend_B","Defend_B","Defend_B","Defend_B","Zap","Dualcast","Coolheaded","Swift Strike","Static Discharge","Glacier","Recycle+1","Regret"],"relics":["Cracked Core","NeowsBlessing","Shovel","Frozen Egg 2","Smiling Mask","Potion Belt","Gremlin Horn","Unceasing Top"],"potions_floor_usage":[8],"damage_taken":[{"damage":0,"enemies":"Cultist","floor":1,"turns":1},{"damage":0,"enemies":"Small Slimes","floor":3,"turns":1},{"damage":0,"enemies":"Jaw Worm","floor":5,"turns":1},{"damage":15,"enemies":"Lagavulin","floor":6,"turns":8},{"damage":11,"enemies":"Lots of Slimes","floor":7,"turns":4},{"damage":19,"enemies":"Gremlin Nob","floor":8,"turns":5},{"damage":6,"enemies":"Exordium Thugs","floor":11,"turns":5},{"damage":28,"enemies":"Slime Boss","floor":16,"turns":6}],"seed_played":"5749135569833562613","potions_obtained":[{"floor":1,"key":"Regen Potion"},{"floor":7,"key":"PowerPotion"},{"floor":8,"key":"Energy Potion"}],"is_trial":false,"path_per_floor":["M","$","M","$","M","E","M","E","T","R","M","R","?","?","R","B"],"character_chosen":"DEFECT","items_purchased":["Swift Strike"],"campfire_rested":0,"item_purchase_floors":[2],"current_hp_per_floor":[75,75,75,75,75,60,49,30,30,30,24,24,24,24,24,0],"gold":197,"neow_bonus":"THREE_ENEMY_KILL","is_prod":false,"is_daily":false,"chose_seed":false,"campfire_upgraded":1,"win_rate":0,"timestamp":1564399386,"path_taken":["M","$","M","?","M","E","M","E","T","R","M","R","?","?","R","BOSS"],"build_version":"2019-07-17","purchased_purges":0,"victory":false,"max_hp_per_floor":[75,75,75,75,75,75,75,75,75,75,75,75,75,75,75,75],"card_choices":[{"not_picked":["Static Discharge","Lockon"],"picked":"Coolheaded","floor":1},{"not_picked":["Leap","Steam"],"picked":"Static Discharge","floor":3},{"not_picked":["Sweeping Beam","Rebound"],"picked":"Glacier","floor":5},{"not_picked":["Reinforced Body","Hologram"],"picked":"Recycle","floor":6},{"not_picked":["Undo","Leap","Ball Lightning"],"picked":"SKIP","floor":7},{"not_picked":["Multi-Cast","Rebound","Sweeping Beam"],"picked":"SKIP","floor":8},{"not_picked":["Glacier","Undo","Fusion"],"picked":"SKIP","floor":11}],"player_experience":1598285,"relics_obtained":[{"floor":6,"key":"Shovel"},{"floor":8,"key":"Frozen Egg 2"},{"floor":9,"key":"Smiling Mask"},{"floor":10,"key":"Potion Belt"},{"floor":12,"key":"Gremlin Horn"}],"event_choices":[{"damage_healed":0,"gold_gain":0,"player_choice":"Box","damage_taken":0,"relics_obtained":["Unceasing Top"],"max_hp_gain":0,"max_hp_loss":0,"event_name":"Big Fish","floor":13,"gold_loss":0,"cards_obtained":["Regret"]},{"damage_healed":0,"gold_gain":0,"player_choice":"Ignored","damage_taken":0,"max_hp_gain":0,"max_hp_loss":0,"event_name":"Liars Game","floor":14,"gold_loss":0}],"is_beta":false,"boss_relics":[],"items_purged_floors":[],"is_endless":false,"potions_floor_spawned":[1,7,8],"killed_by":"Slime Boss","ascension_level":1}