{"gold_per_floor":[113,127,144,114,8,8,36,36,63,98,115,146,162,2,2,73,73,90,14,14,31,44,44,44,44,98,98,133,133,160,176,176,253,253,273,373,373,424,424,424,440,466,466,466,156,156,81,116,116,116,116,116,116,30,60,60],"floor_reached":57,"playtime":5229,"items_purged":["Cleave"],"score":2774,"play_id":"8f776c48-249e-4fa8-8844-1812c456524c","local_time":"20190720171754","is_ascension_mode":true,"campfire_choices":[{"data":"Carnage","floor":6,"key":"SMITH"},{"data":"Feel No Pain","floor":8,"key":"SMITH"},{"data":"Armaments","floor":15,"key":"SMITH"},{"data":"Battle Trance","floor":25,"key":"SMITH"},{"data":"Body Slam","floor":27,"key":"SMITH"},{"floor":29,"key":"REST"},{"data":"Shockwave","floor":32,"key":"SMITH"},{"data":"True Grit","floor":40,"key":"SMITH"},{"floor":44,"key":"RECALL"},{"data":"Corruption","floor":46,"key":"SMITH"},{"data":"Battle Trance","floor":49,"key":"SMITH"},{"data":"Anger","floor":53,"key":"PURGE"}],"neow_cost":"NONE","seed_source_timestamp":110109446058100,"circlet_count":0,"master_deck":["AscendersBane","Bash+1","Headbutt","Feel No Pain+1","Twin Strike","Carnage+1","Warcry","Brutality","Armaments+1","Body Slam","Iron Wave","Offering","Exhume","Body Slam+1","Warcry","Battle Trance+1","Headbutt","Rage","Limit Break","Impervious","Metallicize","Spot Weakness","Shockwave+1","Rupture+1","True Grit+1","RitualDagger","Fiend Fire","Battle Trance+1","Reaper","Power Through","Pommel Strike+1","Corruption+1","Shrug It Off","Clothesline+1"],"relics":["Burning Blood","Centennial Puzzle","Whetstone","Mercury Hourglass","PreservedInsect","Pandora\u0027s Box","MutagenicStrength","Tiny Chest","Champion Belt","Self Forming Clay","Busted Crown","WingedGreaves","Peace Pipe","Omamori","Meat on the Bone","Bag of Preparation","Ancient Tea Set","Happy Flower"],"potions_floor_usage":[7,10,11,28,33,33,56,56],"damage_taken":[{"damage":1,"enemies":"Cultist","floor":1,"turns":3},{"damage":9,"enemies":"2 Louse","floor":2,"turns":2},{"damage":2,"enemies":"Jaw Worm","floor":3,"turns":4},{"damage":20,"enemies":"Lagavulin","floor":7,"turns":4},{"damage":5,"enemies":"Gremlin Nob","floor":10,"turns":3},{"damage":0,"enemies":"Large Slime","floor":11,"turns":3},{"damage":29,"enemies":"3 Sentries","floor":12,"turns":7},{"damage":1,"enemies":"2 Fungi Beasts","floor":13,"turns":3},{"damage":8,"enemies":"Slime Boss","floor":16,"turns":5},{"damage":8,"enemies":"Chosen","floor":18,"turns":3},{"damage":3,"enemies":"Spheric Guardian","floor":21,"turns":4},{"damage":10,"enemies":"Centurion and Healer","floor":22,"turns":5},{"damage":28,"enemies":"Book of Stabbing","floor":28,"turns":3},{"damage":16,"enemies":"Gremlin Leader","floor":30,"turns":6},{"damage":6,"enemies":"Chosen and Byrds","floor":31,"turns":3},{"damage":12,"enemies":"Collector","floor":33,"turns":6},{"damage":4,"enemies":"3 Shapes","floor":35,"turns":3},{"damage":6,"enemies":"Mind Bloom Boss Battle","floor":36,"turns":5},{"damage":15,"enemies":"2 Orb Walkers","floor":38,"turns":3},{"damage":27,"enemies":"3 Darklings","floor":41,"turns":6},{"damage":17,"enemies":"Reptomancer","floor":42,"turns":2},{"damage":33,"enemies":"Nemesis","floor":48,"turns":3},{"damage":33,"enemies":"Time Eater","floor":50,"turns":5},{"damage":27,"enemies":"Donu and Deca","floor":51,"turns":6},{"damage":15,"enemies":"Shield and Spear","floor":55,"turns":4},{"damage":54,"enemies":"The Heart","floor":56,"turns":7}],"seed_played":"-8427566272015829658","potions_obtained":[{"floor":4,"key":"Poison Potion"},{"floor":4,"key":"Fire Potion"},{"floor":7,"key":"Strength Potion"},{"floor":10,"key":"Poison Potion"},{"floor":11,"key":"EssenceOfSteel"},{"floor":12,"key":"SkillPotion"},{"floor":18,"key":"SpeedPotion"},{"floor":28,"key":"PowerPotion"},{"floor":36,"key":"LiquidBronze"},{"floor":41,"key":"PowerPotion"}],"is_trial":false,"path_per_floor":["M","M","M","?","$","R","E","R","T","E","M","E","M","$","R","B",null,"M","$","?","M","M","$","?","R","T","R","E","R","E","M","R","B",null,"M","?","?","?","$","R","M","E","T","R","$","R","$","E","R","B","B",null,"R","$","E","B",null],"character_chosen":"IRONCLAD","items_purchased":["Carnage","Warcry","Offering","Shockwave","Corruption","Bag of Preparation","Shrug It Off","Ancient Potion"],"campfire_rested":1,"item_purchase_floors":[5,5,14,19,45,45,45,54],"current_hp_per_floor":[73,70,74,74,74,74,60,60,60,61,67,44,49,49,49,47,68,66,66,66,69,65,65,59,59,59,59,37,59,49,49,49,43,67,69,75,75,66,66,66,75,64,64,64,64,64,64,49,49,64,54,70,70,70,65,54],"gold":60,"neow_bonus":"RANDOM_COMMON_RELIC","is_prod":false,"is_daily":false,"chose_seed":false,"campfire_upgraded":9,"win_rate":0,"timestamp":1563657474,"path_taken":["M","M","M","?","$","R","E","R","T","E","M","E","M","?","R","BOSS","M","$","?","M","M","$","?","R","T","R","E","R","E","M","R","BOSS","M","?","?","?","$","R","M","E","T","R","$","R","$","E","R","BOSS","BOSS","R","$","E","BOSS"],"build_version":"2019-07-17","purchased_purges":1,"victory":true,"max_hp_per_floor":[75,75,75,75,75,75,75,75,75,75,75,75,75,75,75,75,75,75,75,75,75,75,75,75,75,75,75,75,75,75,75,75,75,75,75,75,75,75,75,75,75,75,75,75,75,75,75,75,75,75,75,75,75,75,75,75],"card_choices":[{"not_picked":["Wild Strike","Havoc"],"picked":"Headbutt","floor":1},{"not_picked":["Ghostly Armor","Havoc"],"picked":"Feel No Pain","floor":2},{"not_picked":["Ghostly Armor","Clash"],"picked":"Twin Strike","floor":3},{"not_picked":["Flex","Havoc"],"picked":"Brutality","floor":7},{"not_picked":["Limit Break","Clash"],"picked":"Armaments","floor":10},{"not_picked":["Sword Boomerang","Cleave"],"picked":"Body Slam","floor":11},{"not_picked":["Evolve","Iron Wave"],"picked":"Anger","floor":12},{"not_picked":["Clash","Perfected Strike"],"picked":"Iron Wave","floor":13},{"not_picked":["Brutality","Bludgeon"],"picked":"Exhume","floor":16},{"not_picked":["Bloodletting","Rampage"],"picked":"Spot Weakness","floor":18},{"not_picked":["Pommel Strike","Havoc"],"picked":"Rupture+1","floor":21},{"not_picked":["Warcry","Armaments"],"picked":"True Grit","floor":22},{"not_picked":["Rampage","Warcry"],"picked":"Fiend Fire","floor":28},{"not_picked":["Searing Blow","Dropkick","Entrench"],"picked":"SKIP","floor":30},{"not_picked":["Iron Wave","Rampage"],"picked":"Battle Trance","floor":31},{"not_picked":["Exhume","Dark Embrace"],"picked":"Reaper","floor":33},{"not_picked":["Clothesline"],"picked":"SKIP","floor":35},{"not_picked":[],"picked":"Power Through","floor":36},{"not_picked":[],"picked":"Pommel Strike+1","floor":41},{"not_picked":["Pommel Strike"],"picked":"SKIP","floor":42},{"not_picked":[],"picked":"Clothesline+1","floor":48},{"not_picked":["Cleave"],"picked":"SKIP","floor":55}],"player_experience":2302794,"relics_obtained":[{"floor":7,"key":"Whetstone"},{"floor":10,"key":"Mercury Hourglass"},{"floor":12,"key":"PreservedInsect"},{"floor":26,"key":"Tiny Chest"},{"floor":28,"key":"Champion Belt"},{"floor":30,"key":"Self Forming Clay"},{"floor":36,"key":"WingedGreaves"},{"floor":38,"key":"Peace Pipe"},{"floor":42,"key":"Omamori"},{"floor":43,"key":"Meat on the Bone"},{"floor":48,"key":"Ancient Tea Set"},{"floor":55,"key":"Happy Flower"}],"event_choices":[{"damage_healed":0,"gold_gain":0,"player_choice":"Bought 2 Potions","damage_taken":0,"max_hp_gain":0,"max_hp_loss":0,"event_name":"The Woman in Blue","floor":4,"gold_loss":0},{"damage_healed":0,"gold_gain":0,"player_choice":"Inject Mutagens","damage_taken":0,"relics_obtained":["MutagenicStrength"],"max_hp_gain":0,"max_hp_loss":0,"event_name":"Drug Dealer","floor":20,"gold_loss":0},{"damage_healed":0,"gold_gain":0,"player_choice":"Joined the Cult","damage_taken":6,"max_hp_gain":0,"max_hp_loss":0,"event_name":"Nest","floor":24,"gold_loss":0,"cards_obtained":["RitualDagger"]},{"damage_healed":0,"gold_gain":0,"player_choice":"Fight","damage_taken":0,"max_hp_gain":0,"max_hp_loss":0,"event_name":"MindBloom","floor":36,"gold_loss":0},{"damage_healed":0,"gold_gain":0,"player_choice":"Ignored","damage_taken":0,"max_hp_gain":0,"max_hp_loss":0,"event_name":"Tomb of Lord Red Mask","floor":37,"gold_loss":0},{"damage_healed":0,"gold_gain":0,"player_choice":"Fight","damage_taken":0,"max_hp_gain":0,"max_hp_loss":0,"event_name":"Mysterious Sphere","floor":38,"gold_loss":0}],"is_beta":false,"boss_relics":[{"not_picked":["Lizard Tail","Philosopher\u0027s Stone"],"picked":"Pandora\u0027s Box"},{"not_picked":["Tiny House","Sozu"],"picked":"Busted Crown"}],"items_purged_floors":[47],"is_endless":false,"potions_floor_spawned":[7,10,11,12,18,28,36,41,48,55],"ascension_level":20}