{"gold_per_floor":[110,120,131,151,134,163,179,179,179,14,89,89,123,139,139,213,213,226,226,74,74,74,74,105,123,123,135,135,161,161,161,161,234,234,251,263,173,185,185,185,210,210,235,247,286,298,29,61,61,61],"floor_reached":51,"playtime":6968,"items_purged":["Pain"],"score":1297,"play_id":"99df53e0-a8f5-41bb-9c14-92da8795311b","local_time":"20190730112316","is_ascension_mode":true,"campfire_choices":[{"data":"Zap","floor":8.0,"key":"SMITH"},{"floor":12.0,"key":"REST"},{"floor":15.0,"key":"REST"},{"floor":23.0,"key":"REST"},{"floor":28.0,"key":"REST"},{"data":"Double Energy","floor":30.0,"key":"SMITH"},{"data":"Hologram","floor":32.0,"key":"SMITH"},{"data":"Seek","floor":40.0,"key":"SMITH"},{"data":"Thunder Strike","floor":42,"key":"SMITH"},{"data":"Static Discharge","floor":46,"key":"SMITH"},{"data":"Fusion","floor":49,"key":"SMITH"}],"neow_cost":"NONE","seed_source_timestamp":0,"circlet_count":0,"master_deck":["AscendersBane","Strike_B+1","Strike_B+1","Defend_B+1","Defend_B+1","Defend_B+1","Defend_B+1","Zap+1","Dualcast","Streamline","Static Discharge+1","BootSequence","Conserve Battery","Turbo","Seek+1","Double Energy+1","Hologram+1","Fusion+1","Compile Driver","Electrodynamics+1","Leap","RitualDagger","Static Discharge+1","Self Repair+1","Ghostly","Ghostly","Ghostly","Ghostly+1","Ghostly","Thunder Strike+1","Conserve Battery+1","Chill+1","Steam","Leap+1","Capacitor+1","Coolheaded"],"special_seed":0,"relics":["Runic Pyramid","Blue Candle","Frozen Egg 2","PreservedInsect","Empty Cage","Blood Vial","Ornamental Fan","The Courier","Mercury Hourglass","Sozu","Anchor","MawBank","WarpedTongs","FossilizedHelix","Oddly Smooth Stone","Du-Vu Doll"],"potions_floor_usage":[],"damage_taken":[{"damage":2.0,"enemies":"Jaw Worm","floor":1.0,"turns":5.0},{"damage":1.0,"enemies":"2 Louse","floor":2.0,"turns":3.0},{"damage":11.0,"enemies":"Small Slimes","floor":3.0,"turns":4.0},{"damage":1.0,"enemies":"2 Fungi Beasts","floor":4.0,"turns":4.0},{"damage":11.0,"enemies":"Exordium Thugs","floor":5.0,"turns":4.0},{"damage":7.0,"enemies":"3 Sentries","floor":6.0,"turns":9.0},{"damage":0.0,"enemies":"Large Slime","floor":7.0,"turns":6.0},{"damage":26.0,"enemies":"Gremlin Nob","floor":13.0,"turns":4.0},{"damage":4.0,"enemies":"3 Louse","floor":14.0,"turns":4.0},{"damage":32.0,"enemies":"The Guardian","floor":16.0,"turns":8.0},{"damage":23.0,"enemies":"Shell Parasite","floor":18.0,"turns":6.0},{"damage":38.0,"enemies":"Book of Stabbing","floor":24.0,"turns":5.0},{"damage":2.0,"enemies":"3 Byrds","floor":25.0,"turns":3.0},{"damage":0.0,"enemies":"Centurion and Healer","floor":27.0,"turns":7.0},{"damage":6.0,"enemies":"Gremlin Leader","floor":29.0,"turns":6.0},{"damage":2.0,"enemies":"Collector","floor":33.0,"turns":10.0},{"damage":17.0,"enemies":"3 Darklings","floor":35.0,"turns":4.0},{"damage":4.0,"enemies":"Orb Walker","floor":36.0,"turns":4.0},{"damage":0.0,"enemies":"3 Darklings","floor":38.0,"turns":4.0},{"damage":15.0,"enemies":"Giant Head","floor":41.0,"turns":9.0},{"damage":3,"enemies":"Nemesis","floor":45,"turns":7},{"damage":0,"enemies":"Reptomancer","floor":48,"turns":5},{"damage":2,"enemies":"Donu and Deca","floor":50,"turns":10}],"seed_played":"7919991914518246219","potions_obtained":[{"floor":2.0,"key":"Dexterity Potion"},{"floor":5.0,"key":"Poison Potion"},{"floor":13.0,"key":"Strength Potion"},{"floor":14.0,"key":"SneckoOil"},{"floor":24.0,"key":"Energy Potion"},{"floor":25.0,"key":"FairyPotion"}],"is_trial":false,"path_per_floor":["M","M","M","M","M","E","M","R","T","$","?","R","E","M","R","B",null,"M","?","$","?","?","R","E","M","T","M","R","E","R","?","R","B",null,"M","M","?","M","?","R","E","R","T","?","E","R","$","E","R","B",null],"character_chosen":"DEFECT","items_purchased":["Hologram","Fusion","Doom and Gloom","Blood Vial","Oddly Smooth Stone","Capacitor+1","Coolheaded"],"campfire_rested":4,"item_purchase_floors":[10,10,10,20,47,47,47],"current_hp_per_floor":[66,65,54,53,42,35,35,35,35,35,24,46,20,16,38,6,58,35,29,29,15,15,39,3,3,3,5,29,25,25,25,25,35,39,33,40,40,40,40,40,35,35,35,35,40,40,40,40,40,40],"gold":61,"neow_bonus":"BOSS_RELIC","is_prod":false,"is_daily":false,"chose_seed":false,"campfire_upgraded":7,"win_rate":0,"timestamp":1564510996,"path_taken":["M","M","M","M","M","E","M","R","T","$","?","R","E","M","R","BOSS","M","?","$","?","?","R","E","M","T","M","R","E","R","?","R","BOSS","M","M","?","?","?","R","E","R","T","?","E","R","?","E","R","BOSS"],"build_version":"2019-07-17","purchased_purges":1,"victory":true,"max_hp_per_floor":[75,75,75,75,75,75,75,75,75,75,75,75,75,75,75,75,75,75,75,75,80,80,80,80,80,80,80,80,80,80,40,40,40,40,40,40,40,40,40,40,40,40,40,40,40,40,40,40,40,40],"card_choices":[{"not_picked":["Redo","Ball Lightning"],"picked":"Streamline","floor":1.0},{"not_picked":["Sweeping Beam","Consume"],"picked":"Static Discharge","floor":2.0},{"not_picked":["Leap","Double Energy"],"picked":"BootSequence","floor":3.0},{"not_picked":["Stack","Barrage"],"picked":"Conserve Battery","floor":4.0},{"not_picked":["Cold Snap","Static Discharge"],"picked":"Turbo","floor":5.0},{"not_picked":["Leap","Beam Cell"],"picked":"Seek","floor":6.0},{"not_picked":["Gash","Lockon"],"picked":"Double Energy","floor":7.0},{"not_picked":["Leap","Hyperbeam"],"picked":"Compile Driver","floor":13.0},{"not_picked":["Aggregate","Consume"],"picked":"Ball Lightning","floor":14.0},{"not_picked":["Machine Learning+1","Amplify"],"picked":"Electrodynamics+1","floor":16.0},{"not_picked":["Tempest","Conserve Battery"],"picked":"Leap","floor":18.0},{"not_picked":["Static Discharge+1","Reboot","Aggregate"],"picked":"SKIP","floor":24.0},{"not_picked":["Static Discharge+1","Reboot","Aggregate"],"picked":"SKIP","floor":24.0},{"not_picked":["Reboot","Aggregate"],"picked":"Static Discharge+1","floor":24.0},{"not_picked":["Rebound","Beam Cell","Cold Snap"],"picked":"SKIP","floor":25.0},{"not_picked":["Gash","Cold Snap","Chaos"],"picked":"SKIP","floor":27.0},{"not_picked":["Compile Driver","Hyperbeam"],"picked":"Self Repair+1","floor":29.0},{"not_picked":["Buffer+1","Biased Cognition+1"],"picked":"Thunder Strike","floor":33.0},{"not_picked":["Skim","Auto Shields+1"],"picked":"Conserve Battery+1","floor":35.0},{"not_picked":["Ball Lightning","Go for the Eyes+1","Leap"],"picked":"SKIP","floor":36.0},{"not_picked":["Coolheaded","Streamline+1"],"picked":"Chill+1","floor":38.0},{"not_picked":["Fusion","Rainbow"],"picked":"Steam","floor":41},{"not_picked":["Fusion","Skim"],"picked":"Leap+1","floor":45},{"not_picked":["All For One","Beam Cell","Undo+1"],"picked":"SKIP","floor":48},{"not_picked":["All For One","Beam Cell","Undo+1"],"picked":"SKIP","floor":48}],"player_experience":419200,"relics_obtained":[{"floor":6.0,"key":"Blue Candle"},{"floor":9.0,"key":"Frozen Egg 2"},{"floor":13.0,"key":"PreservedInsect"},{"floor":24.0,"key":"Ornamental Fan"},{"floor":26.0,"key":"The Courier"},{"floor":29.0,"key":"Mercury Hourglass"},{"floor":41,"key":"Anchor"},{"floor":43,"key":"MawBank"},{"floor":45,"key":"FossilizedHelix"},{"floor":48,"key":"Du-Vu Doll"}],"event_choices":[{"damage_healed":0.0,"max_hp_gain":0.0,"max_hp_loss":0.0,"gold_gain":75.0,"event_name":"World of Goop","player_choice":"Gather Gold","floor":11.0,"gold_loss":0.0,"damage_taken":11.0},{"damage_healed":0.0,"max_hp_gain":0.0,"max_hp_loss":0.0,"gold_gain":0.0,"event_name":"Nest","player_choice":"Joined the Cult","floor":19.0,"gold_loss":0.0,"damage_taken":6.0,"cards_obtained":["RitualDagger"]},{"damage_healed":0.0,"max_hp_gain":5.0,"max_hp_loss":0.0,"gold_gain":0.0,"event_name":"Forgotten Altar","player_choice":"Shed Blood","floor":21.0,"gold_loss":0.0,"damage_taken":19.0},{"damage_healed":0.0,"max_hp_gain":0.0,"max_hp_loss":0.0,"gold_gain":0.0,"event_name":"Back to Basics","player_choice":"Simplicity","floor":22.0,"gold_loss":0.0,"damage_taken":0.0,"cards_upgraded":["Strike_B","Strike_B","Defend_B","Defend_B","Defend_B","Defend_B"]},{"damage_healed":0.0,"max_hp_gain":0.0,"max_hp_loss":40.0,"gold_gain":0.0,"event_name":"Ghosts","player_choice":"Became a Ghost","floor":31.0,"gold_loss":0.0,"damage_taken":0.0,"cards_obtained":["Ghostly","Ghostly","Ghostly","Ghostly","Ghostly"]},{"cards_removed":["Doom and Gloom"],"damage_healed":0.0,"max_hp_gain":0.0,"max_hp_loss":0.0,"gold_gain":0.0,"event_name":"Designer","player_choice":"Upgrade and Remove","floor":37.0,"gold_loss":90.0,"damage_taken":0.0,"cards_upgraded":["Ghostly"]},{"cards_removed":["Ball Lightning"],"damage_healed":0.0,"max_hp_gain":0.0,"max_hp_loss":0.0,"gold_gain":0.0,"event_name":"Falling","player_choice":"Removed Attack","floor":39.0,"gold_loss":0.0,"damage_taken":0.0},{"damage_healed":0,"gold_gain":0,"player_choice":"Rummage","damage_taken":0,"relics_obtained":["WarpedTongs"],"max_hp_gain":0,"max_hp_loss":0,"event_name":"Accursed Blacksmith","floor":44,"gold_loss":0,"cards_obtained":["Pain"]}],"is_beta":false,"boss_relics":[{"not_picked":["Lizard Tail","Coffee Dripper"],"picked":"Empty Cage"},{"not_picked":["Eternal Feather","Tiny House"],"picked":"Sozu"}],"items_purged_floors":[47],"is_endless":false,"potions_floor_spawned":[2,5,13,14,24,25,36,41,45],"ascension_level":13}