{"gold_per_floor":[14,33,33,33,44,44,59,72,72,72,103,278,313,328,328,427,427,440,457,457,239,249,249,267,267,267,4,35,52,52,70,70,170,170,188,188,206,306,359,359,391,391,415,428,428,214,245,255,255,255],"floor_reached":50,"playtime":6889,"items_purged":["Strike_B","Defend_B"],"score":532,"play_id":"dfdade6b-a484-46ee-98fc-e425177a1bc1","local_time":"20190813234107","is_ascension_mode":false,"campfire_choices":[{"data":"Hologram","floor":6.0,"key":"SMITH"},{"floor":15.0,"key":"REST"},{"data":"Hologram","floor":23.0,"key":"SMITH"},{"data":"Dualcast","floor":25.0,"key":"SMITH"},{"floor":32.0,"key":"REST"},{"floor":40.0,"key":"RECALL"},{"floor":42,"key":"DIG"},{"floor":45,"key":"REST"},{"floor":49,"key":"REST"}],"neow_cost":"NO_GOLD","seed_source_timestamp":2333959807115000,"circlet_count":0,"master_deck":["Strike_B+1","Defend_B","Defend_B+1","Defend_B","Zap","Dualcast+1","Steam","Beam Cell","Hologram+1","Hologram+1","All For One","Beam Cell","Steam","Gash","Leap+1","Steam+1","Gash","Self Repair","Blind","Spot Weakness","Armaments+1","Streamline+1","Rebound+1","Blind","Bandage Up+1","Flex+1","Apotheosis","Loop+1","Loop+1"],"special_seed":0,"relics":["Cracked Core","WarpedTongs","Question Card","Meat on the Bone","Ornamental Fan","Empty Cage","Juzu Bracelet","The Courier","PrismaticShard","Turnip","Sozu","Torii","Shovel","Regal Pillow","Frozen Egg 2","Lantern"],"potions_floor_usage":[41,41],"damage_taken":[{"damage":3.0,"enemies":"2 Louse","floor":1.0,"turns":2.0},{"damage":1.0,"enemies":"Cultist","floor":2.0,"turns":3.0},{"damage":1.0,"enemies":"Jaw Worm","floor":5.0,"turns":3.0},{"damage":7.0,"enemies":"Large Slime","floor":7.0,"turns":4.0},{"damage":7.0,"enemies":"Blue Slaver","floor":8.0,"turns":3.0},{"damage":16.0,"enemies":"Gremlin Nob","floor":11.0,"turns":4.0},{"damage":16.0,"enemies":"3 Sentries","floor":13.0,"turns":5.0},{"damage":8.0,"enemies":"Gremlin Gang","floor":14.0,"turns":5.0},{"damage":48.0,"enemies":"The Guardian","floor":16.0,"turns":9.0},{"damage":0.0,"enemies":"Spheric Guardian","floor":18.0,"turns":4.0},{"damage":0.0,"enemies":"Shell Parasite","floor":19.0,"turns":4.0},{"damage":0.0,"enemies":"Centurion and Healer","floor":22.0,"turns":6.0},{"damage":2.0,"enemies":"Snecko","floor":24.0,"turns":6.0},{"damage":19.0,"enemies":"Slavers","floor":28.0,"turns":7.0},{"damage":0.0,"enemies":"3 Cultists","floor":29.0,"turns":4.0},{"damage":30.0,"enemies":"Chosen and Byrds","floor":31.0,"turns":7.0},{"damage":17.0,"enemies":"Automaton","floor":33.0,"turns":9.0},{"damage":24.0,"enemies":"3 Darklings","floor":35.0,"turns":6.0},{"damage":0.0,"enemies":"3 Shapes","floor":37.0,"turns":5.0},{"damage":3.0,"enemies":"Mind Bloom Boss Battle","floor":38.0,"turns":6.0},{"damage":48.0,"enemies":"2 Orb Walkers","floor":39.0,"turns":5.0},{"damage":23,"enemies":"Giant Head","floor":41,"turns":9},{"damage":12,"enemies":"Spire Growth","floor":44,"turns":5},{"damage":54,"enemies":"Nemesis","floor":47,"turns":9},{"damage":9,"enemies":"3 Darklings","floor":48,"turns":3},{"damage":88,"enemies":"Time Eater","floor":50,"turns":9}],"seed_played":"-4841286811545799361","potions_obtained":[{"floor":2.0,"key":"Poison Potion"},{"floor":5.0,"key":"Weak Potion"},{"floor":8.0,"key":"Regen Potion"},{"floor":11.0,"key":"AttackPotion"},{"floor":18.0,"key":"EssenceOfSteel"},{"floor":19.0,"key":"EssenceOfSteel"},{"floor":28.0,"key":"Strength Potion"},{"floor":33.0,"key":"SpeedPotion"}],"is_trial":false,"path_per_floor":["M","M","?","?","M","R","M","M","T","$","E","?","E","M","R","B",null,"M","M","?","$","M","R","M","R","T","$","E","M","?","M","R","B",null,"M","?","M","?","?","R","E","R","T","M","R","$","E","M","R","B"],"character_chosen":"DEFECT","items_purchased":["Juzu Bracelet","Self Repair","Blind","PrismaticShard","Apotheosis"],"campfire_rested":4,"item_purchase_floors":[21,27,27,27,46],"current_hp_per_floor":[72,71,56,56,55,55,48,41,41,41,37,37,33,37,59,23,75,75,75,61,61,61,61,59,59,59,59,59,66,66,55,79,69,80,63,63,73,77,51,51,56,56,56,57,80,80,45,48,80,0],"gold":255,"neow_bonus":"REMOVE_TWO","is_prod":false,"is_daily":false,"chose_seed":false,"campfire_upgraded":3,"win_rate":0,"timestamp":1565732467,"path_taken":["M","M","?","?","M","R","?","?","T","$","E","?","E","M","R","BOSS","M","M","?","$","M","R","M","R","T","$","E","M","?","M","R","BOSS","M","?","M","?","?","R","E","R","T","M","R","$","E","M","R","BOSS"],"build_version":"2019-01-23","purchased_purges":2,"victory":false,"max_hp_per_floor":[75,75,75,75,75,75,75,75,75,75,75,75,75,75,75,75,75,75,75,80,80,80,80,80,80,80,80,80,80,80,80,80,80,80,80,80,80,80,80,80,80,80,80,80,80,80,80,80,80,80],"card_choices":[{"not_picked":["Stack","Aggregate"],"picked":"Steam","floor":1.0},{"not_picked":["Coolheaded","Biased Cognition"],"picked":"Beam Cell","floor":2.0},{"not_picked":["Lockon","Beam Cell"],"picked":"Hologram","floor":5.0},{"not_picked":["Doom and Gloom","Gash"],"picked":"Hologram","floor":7.0},{"not_picked":["Compile Driver","Cold Snap"],"picked":"All For One","floor":8.0},{"not_picked":["Heatsinks","Conserve Battery","Defragment"],"picked":"Beam Cell","floor":11.0},{"not_picked":["Double Energy","Steam Power","Hologram"],"picked":"Steam","floor":13.0},{"not_picked":["Loop","Beam Cell","Fusion"],"picked":"Gash","floor":14.0},{"not_picked":["Hologram","Ball Lightning+1","Turbo","Cold Snap"],"picked":"SKIP","floor":18.0},{"not_picked":["Chill","Cold Snap","Rebound"],"picked":"Leap+1","floor":19.0},{"not_picked":["Amplify","Stack","Scrape"],"picked":"Steam+1","floor":22.0},{"not_picked":["Ball Lightning","Cold Snap","Compile Driver"],"picked":"Gash","floor":24.0},{"not_picked":["Turbo","Dramatic Entrance+1","Good Instincts+1"],"picked":"Spot Weakness","floor":28.0},{"not_picked":["Rampage","Sucker Punch","Clothesline+1"],"picked":"Armaments","floor":29.0},{"not_picked":["Flying Knee","Sever Soul","Heavy Blade"],"picked":"Streamline+1","floor":31.0},{"not_picked":["Burning Pact+1","Doom and Gloom","Barrage"],"picked":"Rebound+1","floor":35.0},{"not_picked":["Discovery","Purity","Madness"],"picked":"Blind","floor":36.0},{"not_picked":["Terror+1","Heavy Blade+1","Cold Snap+1","Predator"],"picked":"SKIP","floor":37.0},{"not_picked":["Genetic Algorithm","Ball Lightning+1","Iron Wave+1"],"picked":"Bandage Up+1","floor":39.0},{"not_picked":["Amplify","Sever Soul+1","Bane"],"picked":"Flex+1","floor":41},{"not_picked":["Cleave","Warcry","Corruption+1","Perfected Strike+1"],"picked":"SKIP","floor":44},{"not_picked":["Slice","Glass Knife","Riddle With Holes"],"picked":"Loop+1","floor":47},{"not_picked":["Barrage","Combust+1","Quick Slash+1"],"picked":"Loop+1","floor":48}],"player_experience":210082,"relics_obtained":[{"floor":9.0,"key":"Question Card"},{"floor":11.0,"key":"Meat on the Bone"},{"floor":13.0,"key":"Ornamental Fan"},{"floor":26.0,"key":"The Courier"},{"floor":28.0,"key":"Turnip"},{"floor":38.0,"key":"Torii"},{"floor":39.0,"key":"Shovel"},{"floor":41,"key":"Regal Pillow"},{"floor":42,"key":"Frozen Egg 2"},{"floor":47,"key":"Lantern"}],"event_choices":[{"damage_healed":0.0,"max_hp_gain":0.0,"max_hp_loss":0.0,"gold_gain":0.0,"event_name":"Shining Light","player_choice":"Entered Light","floor":3.0,"gold_loss":0.0,"damage_taken":15.0,"cards_upgraded":["Defend_B","Strike_B"]},{"damage_healed":0.0,"max_hp_gain":0.0,"max_hp_loss":0.0,"gold_gain":0.0,"event_name":"Accursed Blacksmith","player_choice":"Rummage","floor":4.0,"gold_loss":0.0,"damage_taken":0.0,"relics_obtained":["WarpedTongs"],"cards_obtained":["Pain"]},{"damage_healed":0.0,"max_hp_gain":0.0,"max_hp_loss":0.0,"gold_gain":175.0,"event_name":"Liars Game","player_choice":"AGREE","floor":12.0,"gold_loss":0.0,"damage_taken":0.0,"cards_obtained":["Doubt"]},{"damage_healed":0.0,"max_hp_gain":5.0,"max_hp_loss":0.0,"gold_gain":0.0,"event_name":"Forgotten Altar","player_choice":"Shed Blood","floor":20.0,"gold_loss":0.0,"damage_taken":19.0},{"damage_healed":0.0,"max_hp_gain":0.0,"max_hp_loss":0.0,"gold_gain":0.0,"event_name":"Upgrade Shrine","player_choice":"Upgraded","floor":30.0,"gold_loss":0.0,"damage_taken":0.0,"cards_upgraded":["Armaments"]},{"damage_healed":0.0,"max_hp_gain":0.0,"max_hp_loss":0.0,"gold_gain":0.0,"event_name":"SensoryStone","player_choice":"Memory 1","floor":36.0,"gold_loss":0.0,"damage_taken":0.0},{"damage_healed":0.0,"max_hp_gain":0.0,"max_hp_loss":0.0,"gold_gain":0.0,"event_name":"MindBloom","player_choice":"Fight","floor":38.0,"gold_loss":0.0,"damage_taken":0.0},{"damage_healed":0.0,"max_hp_gain":0.0,"max_hp_loss":0.0,"gold_gain":0.0,"event_name":"Mysterious Sphere","player_choice":"Fight","floor":39.0,"gold_loss":0.0,"damage_taken":0.0}],"is_beta":false,"boss_relics":[{"not_picked":["Black Star","Runic Dome"],"picked":"Empty Cage"},{"not_picked":["Astrolabe","Philosopher\u0027s Stone"],"picked":"Sozu"}],"items_purged_floors":[21,46],"is_endless":false,"potions_floor_spawned":[2,5,8,11,18,19,28,33,37,39,41,44,48],"killed_by":"Time Eater","ascension_level":0}