{"gold_per_floor":[113,113,130,10,20,20,50,50,50,76,94,111,111,130,130,130],"floor_reached":16,"playtime":577,"items_purged":["Strike_R"],"score":174,"play_id":"7283660e-5e83-40de-93c1-2fce7cdf8b1d","local_time":"20190528190213","is_ascension_mode":true,"campfire_choices":[{"data":"Bash","floor":6,"key":"SMITH"},{"floor":8,"key":"REST"},{"data":"True Grit","floor":15,"key":"SMITH"}],"neow_cost":"NONE","seed_source_timestamp":1197606701893048,"circlet_count":0,"master_deck":["AscendersBane","Strike_R","Strike_R","Strike_R","Strike_R","Defend_R","Defend_R","Defend_R","Defend_R","Bash+1","Cleave","Clothesline","True Grit","Bludgeon","Seeing Red","True Grit+1"],"relics":["Burning Blood","Sundial","Self Forming Clay","Dead Branch","FaceOfCleric"],"potions_floor_usage":[10,16],"damage_taken":[{"damage":13,"enemies":"Small Slimes","floor":1,"turns":5},{"damage":6,"enemies":"Cultist","floor":3,"turns":4},{"damage":9,"enemies":"Jaw Worm","floor":5,"turns":4},{"damage":63,"enemies":"3 Sentries","floor":7,"turns":13},{"damage":24,"enemies":"Gremlin Nob","floor":10,"turns":5},{"damage":6,"enemies":"Looter","floor":11,"turns":3},{"damage":8,"enemies":"Blue Slaver","floor":12,"turns":5},{"damage":0,"enemies":"2 Fungi Beasts","floor":14,"turns":2},{"damage":27,"enemies":"The Guardian","floor":16,"turns":12}],"seed_played":"8860182966273524324","potions_obtained":[{"floor":5,"key":"SmokeBomb"},{"floor":7,"key":"Block Potion"},{"floor":11,"key":"Strength Potion"}],"is_trial":false,"path_per_floor":["M","?","M","$","M","R","E","R","T","E","M","M","?","M","R","B"],"character_chosen":"IRONCLAD","items_purchased":["True Grit"],"campfire_rested":1,"item_purchase_floors":[4],"current_hp_per_floor":[73,73,73,73,70,70,13,39,39,21,21,19,19,26,26,0],"gold":130,"neow_bonus":"TEN_PERCENT_HP_BONUS","is_prod":false,"is_daily":false,"chose_seed":false,"campfire_upgraded":2,"win_rate":0,"timestamp":1559084533,"path_taken":["M","?","M","$","M","R","E","R","T","E","M","M","?","?","R","BOSS"],"build_version":"2019-01-23","purchased_purges":1,"victory":false,"max_hp_per_floor":[88,88,88,88,88,88,88,88,88,88,88,88,88,89,89,89],"card_choices":[{"not_picked":["Warcry","Iron Wave"],"picked":"Cleave","floor":1},{"not_picked":["Pommel Strike","Anger"],"picked":"Clothesline","floor":3},{"not_picked":["Ghostly Armor","Clash","Sword Boomerang"],"picked":"SKIP","floor":5},{"not_picked":["Sword Boomerang","Warcry","Wild Strike"],"picked":"SKIP","floor":7},{"not_picked":["Rupture","Wild Strike"],"picked":"Bludgeon","floor":10},{"not_picked":["Infernal Blade","Body Slam"],"picked":"Seeing Red","floor":11},{"not_picked":["Thunderclap","Wild Strike"],"picked":"True Grit","floor":12},{"not_picked":["Clash","Heavy Blade","Iron Wave"],"picked":"SKIP","floor":14}],"player_experience":533455,"relics_obtained":[{"floor":7,"key":"Sundial"},{"floor":9,"key":"Self Forming Clay"},{"floor":10,"key":"Dead Branch"}],"event_choices":[{"damage_healed":0,"gold_gain":0,"player_choice":"Ignored","damage_taken":0,"max_hp_gain":0,"max_hp_loss":0,"event_name":"Liars Game","floor":2,"gold_loss":0},{"damage_healed":0,"gold_gain":0,"player_choice":"Trade","damage_taken":0,"relics_obtained":["FaceOfCleric"],"max_hp_gain":0,"max_hp_loss":0,"event_name":"FaceTrader","floor":13,"gold_loss":0}],"is_beta":false,"boss_relics":[],"items_purged_floors":[4],"is_endless":false,"potions_floor_spawned":[5,7,11],"killed_by":"The Guardian","ascension_level":11}