{"gold_per_floor":[119,133,283,208,208,208,241,241,241,253,270,74,74,86,86,159,159,175,90,125,142,142,176,176,27,27,27,27,27,27,27],"floor_reached":31,"playtime":2054,"items_purged":[],"score":493,"play_id":"aef6a01a-4206-4d52-82b4-c872b216b841","local_time":"20190816121646","is_ascension_mode":true,"campfire_choices":[{"data":"Double Energy","floor":6.0,"key":"SMITH"},{"data":"Turbo","floor":8.0,"key":"SMITH"},{"data":"Hello World","floor":15.0,"key":"SMITH"},{"floor":24.0,"key":"REST"},{"data":"Defragment","floor":27.0,"key":"SMITH"}],"neow_cost":"NONE","seed_source_timestamp":0,"circlet_count":0,"master_deck":["AscendersBane","Strike_B","Strike_B","Strike_B","Defend_B","Defend_B+1","Defend_B","Defend_B","Zap","Dualcast+1","White Noise","Double Energy+1","Turbo+1","Hello World+1","Melter+1","Barrage+1","Ball Lightning+1","Biased Cognition","Skim","Defragment+1","Self Repair","RitualDagger+1","Defragment+1","Panacea","Go for the Eyes+1","Doubt","Sunder+1","Decay"],"special_seed":0,"relics":["Cracked Core","NeowsBlessing","Boot","Molten Egg 2","Happy Flower","PreservedInsect","Cursed Key","Pen Nib","Red Mask","War Paint","Orichalcum"],"potions_floor_usage":[],"damage_taken":[{"damage":0.0,"enemies":"Cultist","floor":1.0,"turns":1.0},{"damage":0.0,"enemies":"2 Louse","floor":2.0,"turns":1.0},{"damage":0.0,"enemies":"3 Sentries","floor":7.0,"turns":1.0},{"damage":4.0,"enemies":"Small Slimes","floor":10.0,"turns":4.0},{"damage":3.0,"enemies":"2 Fungi Beasts","floor":11.0,"turns":4.0},{"damage":8.0,"enemies":"Blue Slaver","floor":14.0,"turns":2.0},{"damage":19.0,"enemies":"The Guardian","floor":16.0,"turns":11.0},{"damage":11.0,"enemies":"Shell Parasite","floor":18.0,"turns":3.0},{"damage":9.0,"enemies":"Masked Bandits","floor":20.0,"turns":3.0},{"damage":0.0,"enemies":"3 Byrds","floor":21.0,"turns":3.0},{"damage":20.0,"enemies":"Slavers","floor":23.0,"turns":4.0},{"damage":49,"enemies":"Gremlin Leader","floor":31,"turns":2}],"seed_played":"7438891798814031729","potions_obtained":[{"floor":1.0,"key":"Strength Potion"},{"floor":7.0,"key":"SkillPotion"},{"floor":11.0,"key":"Explosive Potion"},{"floor":16.0,"key":"AttackPotion"},{"floor":18.0,"key":"Fire Potion"},{"floor":21.0,"key":"EssenceOfSteel"}],"is_trial":false,"path_per_floor":["M","M","?","?","?","R","E","R","T","M","M","$","?","M","R","B",null,"M","?","?","M","?","E","R","$","T","R","?","?","$","E"],"character_chosen":"DEFECT","items_purchased":["Barrage+1","Happy Flower","Panacea","Go for the Eyes+1"],"campfire_rested":1,"item_purchase_floors":[12,12,25,25],"current_hp_per_floor":[64,64,64,64,57,57,57,57,57,53,50,50,32,24,24,5,55,44,44,35,35,29,16,37,37,37,37,37,37,37,0],"gold":27,"neow_bonus":"THREE_ENEMY_KILL","is_prod":false,"is_daily":false,"chose_seed":false,"campfire_upgraded":4,"win_rate":0,"timestamp":1565983006,"path_taken":["M","?","?","?","?","R","E","R","T","M","M","$","?","M","R","BOSS","M","?","?","M","?","E","R","?","T","R","?","?","$","E"],"build_version":"2019-07-17","purchased_purges":0,"victory":false,"max_hp_per_floor":[71,71,71,71,71,71,71,71,71,71,71,71,71,71,71,71,71,71,71,71,71,71,71,71,71,71,71,71,71,71,71],"card_choices":[{"not_picked":["Aggregate","Leap"],"picked":"White Noise","floor":1.0},{"not_picked":["Redo","Storm"],"picked":"Double Energy","floor":2.0},{"not_picked":["Steam","Go for the Eyes"],"picked":"Turbo","floor":7.0},{"not_picked":["Coolheaded","Doom and Gloom+1"],"picked":"Hello World","floor":10.0},{"not_picked":["Double Energy","Chaos"],"picked":"Melter+1","floor":11.0},{"not_picked":["Sweeping Beam+1","Beam Cell+1"],"picked":"Ball Lightning+1","floor":14.0},{"not_picked":["Buffer","Multi-Cast"],"picked":"Biased Cognition","floor":16.0},{"not_picked":["Barrage+1","Leap"],"picked":"Skim","floor":18.0},{"not_picked":["Reprogram+1","Steam Power"],"picked":"Defragment","floor":20.0},{"not_picked":["Double Energy","Doom and Gloom+1"],"picked":"Self Repair","floor":21.0},{"not_picked":["Meteor Strike+1","Buffer"],"picked":"Defragment+1","floor":23.0}],"player_experience":571255,"relics_obtained":[{"floor":7.0,"key":"Boot"},{"floor":9.0,"key":"Molten Egg 2"},{"floor":20.0,"key":"Red Mask"},{"floor":23.0,"key":"War Paint"},{"floor":26.0,"key":"Orichalcum"}],"event_choices":[{"damage_healed":0.0,"max_hp_gain":0.0,"max_hp_loss":0.0,"gold_gain":150.0,"event_name":"Liars Game","player_choice":"AGREE","floor":3.0,"gold_loss":0.0,"damage_taken":0.0,"cards_obtained":["Doubt"]},{"cards_removed":["Doubt"],"damage_healed":0.0,"max_hp_gain":0.0,"max_hp_loss":0.0,"gold_gain":0.0,"event_name":"The Cleric","player_choice":"Card Removal","floor":4.0,"gold_loss":75.0,"damage_taken":0.0},{"cards_removed":["Strike_B"],"damage_healed":0.0,"max_hp_gain":0.0,"max_hp_loss":0.0,"gold_gain":0.0,"event_name":"Golden Wing","player_choice":"Card Removal","floor":5.0,"gold_loss":0.0,"damage_taken":7.0},{"damage_healed":0.0,"max_hp_gain":0.0,"max_hp_loss":0.0,"gold_gain":0.0,"event_name":"Scrap Ooze","player_choice":"Success","floor":13.0,"gold_loss":0.0,"damage_taken":18.0,"relics_obtained":["PreservedInsect"]},{"damage_healed":0.0,"max_hp_gain":0.0,"max_hp_loss":0.0,"gold_gain":0.0,"event_name":"Addict","player_choice":"Obtained Relic","floor":19.0,"gold_loss":85.0,"damage_taken":0.0,"relics_obtained":["Pen Nib"]},{"damage_healed":0.0,"max_hp_gain":0.0,"max_hp_loss":0.0,"gold_gain":0.0,"event_name":"Masked Bandits","player_choice":"Fought Bandits","floor":20.0,"gold_loss":0.0,"damage_taken":0.0},{"damage_healed":0.0,"max_hp_gain":0.0,"max_hp_loss":0.0,"gold_gain":0.0,"event_name":"Nest","player_choice":"Joined the Cult","floor":22.0,"gold_loss":0.0,"damage_taken":6.0,"cards_obtained":["RitualDagger"]},{"damage_healed":0.0,"max_hp_gain":0.0,"max_hp_loss":0.0,"gold_gain":0.0,"event_name":"The Library","player_choice":"Read","floor":28.0,"gold_loss":0.0,"damage_taken":0.0,"cards_obtained":["Sunder"]},{"damage_healed":0.0,"max_hp_gain":0.0,"max_hp_loss":0.0,"gold_gain":0.0,"event_name":"Forgotten Altar","player_choice":"Smashed Altar","floor":29.0,"gold_loss":0.0,"damage_taken":0.0,"cards_obtained":["Decay"]}],"is_beta":false,"boss_relics":[{"not_picked":["FrozenCore","Snecko Eye"],"picked":"Cursed Key"}],"items_purged_floors":[],"is_endless":false,"potions_floor_spawned":[1,7,10,11,16,18,21],"killed_by":"Gremlin Leader","ascension_level":16}