{"gold_per_floor":[109,122,133,151,151,151,186,186,211,236,248,268,282,282,282,387,387,405,35,35,35,10,10,10,10,91,39,39],"floor_reached":28,"playtime":1390,"items_purged":["Strike_G"],"score":226,"play_id":"55712aa1-ec23-4a94-98c7-10bf0971ea54","local_time":"20190716220822","is_ascension_mode":false,"campfire_choices":[{"floor":6,"key":"REST"},{"data":"Adrenaline","floor":8,"key":"SMITH"},{"floor":15,"key":"REST"},{"data":"Night Terror","floor":23,"key":"SMITH"},{"data":"Deadly Poison","floor":25,"key":"SMITH"}],"neow_cost":"NONE","seed_source_timestamp":684217291113783,"circlet_count":0,"master_deck":["Strike_G","Strike_G","Strike_G","Strike_G","Defend_G","Defend_G","Defend_G","Defend_G","Survivor","Neutralize","Noxious Fumes+1","Finisher","Adrenaline+1","Quick Slash","Dagger Throw","Deadly Poison","Eviscerate","Poisoned Stab","Night Terror+1","Flying Knee+1","Slice+1","Deadly Poison+1","Bane+1"],"relics":["Ring of the Snake","Regal Pillow","Juzu Bracelet","Bag of Preparation","Black Star","Molten Egg 2","Enchiridion","Sundial"],"potions_floor_usage":[],"damage_taken":[{"damage":6,"enemies":"2 Louse","floor":1,"turns":3},{"damage":2,"enemies":"Cultist","floor":2,"turns":4},{"damage":8,"enemies":"Jaw Worm","floor":3,"turns":3},{"damage":19,"enemies":"Large Slime","floor":4,"turns":7},{"damage":31,"enemies":"3 Sentries","floor":7,"turns":7},{"damage":14,"enemies":"Gremlin Nob","floor":10,"turns":3},{"damage":0,"enemies":"Blue Slaver","floor":11,"turns":1},{"damage":0,"enemies":"Red Slaver","floor":12,"turns":2},{"damage":2,"enemies":"Looter","floor":13,"turns":3},{"damage":27,"enemies":"Hexaghost","floor":16,"turns":8},{"damage":11,"enemies":"Chosen","floor":18,"turns":4},{"damage":60,"enemies":"Slavers","floor":28,"turns":3}],"seed_played":"3044303107742426130","potions_obtained":[{"floor":4,"key":"PowerPotion"},{"floor":10,"key":"SpeedPotion"},{"floor":11,"key":"Regen Potion"}],"is_trial":false,"path_per_floor":["M","M","M","M","?","R","E","R","T","E","M","M","M","?","R","B",null,"M","$","?","?","$","R","?","R","T","$","E"],"character_chosen":"THE_SILENT","items_purchased":["Molten Egg 2","Slice+1","Deadly Poison","Bane+1"],"campfire_rested":2,"item_purchase_floors":[19,19,22,27],"current_hp_per_floor":[64,62,54,35,35,56,25,25,25,11,11,11,9,9,45,18,70,59,59,59,70,70,70,54,54,54,54,0],"gold":39,"neow_bonus":"REMOVE_CARD","is_prod":false,"is_daily":false,"chose_seed":false,"campfire_upgraded":3,"win_rate":0,"timestamp":1563340102,"path_taken":["M","M","M","M","?","R","E","R","T","E","M","M","M","?","R","BOSS","M","$","?","?","$","R","?","R","T","?","E"],"build_version":"2019-07-05","purchased_purges":1,"victory":false,"max_hp_per_floor":[70,70,70,70,70,70,70,70,70,70,70,70,70,70,70,70,70,70,70,70,70,70,70,70,70,70,70,70],"card_choices":[{"not_picked":["Flying Knee","Acrobatics"],"picked":"Noxious Fumes","floor":1},{"not_picked":["PiercingWail","Prepared"],"picked":"Finisher","floor":2},{"not_picked":["Deflect","Flying Knee"],"picked":"Adrenaline","floor":3},{"not_picked":["Sucker Punch","Acrobatics"],"picked":"Quick Slash","floor":4},{"not_picked":["Dagger Spray","Leg Sweep"],"picked":"Dagger Throw","floor":7},{"not_picked":["Dagger Spray","Expertise"],"picked":"Deadly Poison","floor":10},{"not_picked":["Deflect","Dagger Spray","Masterful Stab"],"picked":"SKIP","floor":11},{"not_picked":["Flechettes","Deflect"],"picked":"Eviscerate","floor":12},{"not_picked":["Reflex","A Thousand Cuts"],"picked":"Poisoned Stab","floor":13},{"not_picked":["Glass Knife","Venomology"],"picked":"Night Terror","floor":16},{"not_picked":["Dodge and Roll+1","Dash+1"],"picked":"Flying Knee+1","floor":18}],"player_experience":145184,"relics_obtained":[{"floor":7,"key":"Regal Pillow"},{"floor":9,"key":"Juzu Bracelet"},{"floor":10,"key":"Bag of Preparation"},{"floor":24,"key":"Enchiridion"},{"floor":26,"key":"Sundial"}],"event_choices":[{"damage_healed":0,"gold_gain":0,"player_choice":"Upgraded","damage_taken":0,"max_hp_gain":0,"max_hp_loss":0,"event_name":"Upgrade Shrine","floor":5,"gold_loss":0,"cards_upgraded":["Noxious Fumes"]},{"damage_healed":0,"gold_gain":0,"player_choice":"Got Potions","damage_taken":0,"max_hp_gain":0,"max_hp_loss":0,"event_name":"Lab","floor":14,"gold_loss":0},{"damage_healed":0,"gold_gain":0,"player_choice":"Ignored","damage_taken":0,"max_hp_gain":0,"max_hp_loss":0,"event_name":"Vampires","floor":20,"gold_loss":0},{"damage_healed":23,"gold_gain":0,"player_choice":"Heal","damage_taken":0,"max_hp_gain":0,"max_hp_loss":0,"event_name":"The Library","floor":21,"gold_loss":0},{"damage_healed":0,"gold_gain":0,"player_choice":"Obtained Book","damage_taken":16,"max_hp_gain":0,"max_hp_loss":0,"event_name":"Cursed Tome","floor":24,"gold_loss":0}],"is_beta":false,"boss_relics":[{"not_picked":["Fusion Hammer","Velvet Choker"],"picked":"Black Star"}],"items_purged_floors":[19],"is_endless":false,"potions_floor_spawned":[2,4,10,11,12],"killed_by":"Slavers","ascension_level":0}