{"gold_per_floor":[111,186,361,80,91,91,120,20,68,68,87,102,127,142,142,221,221,146,146,159,12,12],"floor_reached":22,"playtime":982,"items_purged":["Doubt","Strike_B"],"score":482,"play_id":"01d98ef8-f94a-4c08-b3cf-6626e2fc476c","local_time":"20190710214613","is_ascension_mode":true,"campfire_choices":[{"data":"Capacitor","floor":6.0,"key":"SMITH"},{"data":"Hologram","floor":10.0,"key":"SMITH"},{"floor":15.0,"key":"REST"}],"neow_cost":"NONE","seed_source_timestamp":0,"circlet_count":0,"master_deck":["AscendersBane","Strike_B+1","Strike_B+1","Strike_B+1","Defend_B+1","Defend_B+1","Defend_B+1","Defend_B+1","Zap","Dualcast","Loop","Capacitor+1","Rainbow","Conserve Battery","Glacier","Hologram+1","Biased Cognition","Coolheaded"],"special_seed":0,"relics":["Cracked Core","Blood Vial","Vajra","Anchor","Black Star","Centennial Puzzle"],"potions_floor_usage":[],"damage_taken":[{"damage":2.0,"enemies":"Jaw Worm","floor":1.0,"turns":3.0},{"damage":7.0,"enemies":"Small Slimes","floor":5.0,"turns":4.0},{"damage":12.0,"enemies":"Lagavulin","floor":7.0,"turns":7.0},{"damage":2.0,"enemies":"2 Louse","floor":11.0,"turns":3.0},{"damage":4.0,"enemies":"Large Slime","floor":12.0,"turns":9.0},{"damage":37.0,"enemies":"Gremlin Nob","floor":13.0,"turns":6.0},{"damage":1.0,"enemies":"2 Fungi Beasts","floor":14.0,"turns":5.0},{"damage":23.0,"enemies":"Hexaghost","floor":16.0,"turns":11.0},{"damage":12,"enemies":"2 Thieves","floor":18,"turns":5},{"damage":18,"enemies":"3 Byrds","floor":20,"turns":6},{"damage":47,"enemies":"Cultist and Chosen","floor":22,"turns":9}],"seed_played":"6629379887405438710","potions_obtained":[{"floor":5.0,"key":"Fire Potion"},{"floor":7.0,"key":"PowerPotion"}],"is_trial":false,"path_per_floor":["M","?","?","$","M","R","E","$","T","R","M","M","E","M","R","B",null,"M","?","M","$","M"],"character_chosen":"DEFECT","items_purchased":["Capacitor","Rainbow","Conserve Battery","Centennial Puzzle"],"campfire_rested":1,"item_purchase_floors":[4,4,4,21],"current_hp_per_floor":[73,62,62,62,55,55,43,43,43,43,43,41,6,7,31,10,64,54,54,38,38,0],"gold":12,"neow_bonus":"TEN_PERCENT_HP_BONUS","is_prod":false,"is_daily":false,"chose_seed":false,"campfire_upgraded":2,"win_rate":0,"timestamp":1562809573,"path_taken":["M","?","?","$","M","R","E","?","T","R","M","M","E","M","R","BOSS","M","?","M","$","M"],"build_version":"2019-07-05","purchased_purges":2,"victory":false,"max_hp_per_floor":[82,82,82,82,82,82,82,82,82,82,82,82,82,82,82,82,82,82,82,82,82,82],"card_choices":[{"not_picked":["Cold Snap","Beam Cell"],"picked":"Loop","floor":1.0},{"not_picked":["Sweeping Beam","Rebound"],"picked":"Glacier","floor":5.0},{"not_picked":["Compile Driver","Ball Lightning"],"picked":"Hologram","floor":7.0},{"not_picked":["Sweeping Beam","Aggregate","Heatsinks"],"picked":"SKIP","floor":11.0},{"not_picked":["Rip and Tear","Beam Cell","Force Field"],"picked":"SKIP","floor":12.0},{"not_picked":["Steam","Hello World","FTL"],"picked":"SKIP","floor":13.0},{"not_picked":["Go for the Eyes","Fusion","Steam"],"picked":"SKIP","floor":14.0},{"not_picked":["Core Surge","Creative AI"],"picked":"Biased Cognition","floor":16.0},{"not_picked":["Hello World","Aggregate+1","Rebound"],"picked":"SKIP","floor":18},{"not_picked":["Loop","Steam"],"picked":"Coolheaded","floor":20}],"player_experience":674576,"relics_obtained":[{"floor":7.0,"key":"Blood Vial"},{"floor":9.0,"key":"Vajra"},{"floor":13.0,"key":"Anchor"}],"event_choices":[{"damage_healed":0.0,"max_hp_gain":0.0,"max_hp_loss":0.0,"gold_gain":75.0,"event_name":"World of Goop","player_choice":"Gather Gold","floor":2.0,"gold_loss":0.0,"damage_taken":11.0},{"damage_healed":0.0,"max_hp_gain":0.0,"max_hp_loss":0.0,"gold_gain":175.0,"event_name":"Liars Game","player_choice":"AGREE","floor":3.0,"gold_loss":0.0,"damage_taken":0.0,"cards_obtained":["Doubt"]},{"damage_healed":0,"gold_gain":0,"player_choice":"Simplicity","damage_taken":0,"max_hp_gain":0,"max_hp_loss":0,"event_name":"Back to Basics","floor":19,"gold_loss":0,"cards_upgraded":["Strike_B","Strike_B","Strike_B","Defend_B","Defend_B","Defend_B","Defend_B"]}],"is_beta":false,"boss_relics":[{"not_picked":["Inserter","Orrery"],"picked":"Black Star"}],"items_purged_floors":[4,8],"is_endless":false,"potions_floor_spawned":[5,7,12],"killed_by":"Cultist and Chosen","ascension_level":13}