{"gold_per_floor":[116,116,130,130,142,171,190,190,265,285,302,332,349,366,366,461,461,471,471,471,140,65,96,111,445,445,458,478,478,511,524,524,620,620,638,95,0,0,14,46,58,58,58,58,69,69,34,63,63,63,63,63,63,93,93],"floor_reached":55,"playtime":4207,"items_purged":["Shame","Strike_G"],"score":876,"play_id":"858a7539-4116-447f-a336-6f2d2282e7be","local_time":"20190601223855","is_ascension_mode":true,"campfire_choices":[{"data":"Cloak And Dagger","floor":8,"key":"SMITH"},{"floor":15,"key":"REST"},{"floor":29,"key":"RECALL"},{"floor":32,"key":"REST"},{"data":"Accuracy","floor":44,"key":"SMITH"},{"floor":46,"key":"REST"},{"data":"Infinite Blades","floor":49,"key":"SMITH"},{"data":"Acrobatics","floor":52,"key":"SMITH"}],"neow_cost":"NONE","seed_source_timestamp":75967287497873,"circlet_count":0,"master_deck":["Defend_G","Defend_G","Defend_G","Defend_G","Strike_G","Strike_G","Survivor","Neutralize","Flying Knee","Cloak And Dagger+1","Infinite Blades","Prepared","PiercingWail","Underhanded Strike","Acrobatics+1","Cloak And Dagger","Dagger Throw","Dagger Spray","Bullet Time","Terror","Accuracy","Apotheosis","Reflex","Accuracy+1","Shame","Sucker Punch+1","Burst","Bandage Up","Writhe","Infinite Blades+1"],"relics":["Ring of the Snake","NeowsBlessing","Unceasing Top","Sundial","PreservedInsect","Cursed Key","Gambling Chip","Old Coin","Meat on the Bone","Tingsha","Busted Crown","Bottled Tornado","Red Mask","Paper Crane","Bronze Scales","FossilizedHelix","Blood Vial","Gremlin Horn"],"potions_floor_usage":[11,11,12,16,24,28,30,33,50,50],"damage_taken":[{"damage":0,"enemies":"2 Louse","floor":1,"turns":1},{"damage":0,"enemies":"Cultist","floor":3,"turns":1},{"damage":0,"enemies":"Jaw Worm","floor":5,"turns":1},{"damage":27,"enemies":"Gremlin Nob","floor":6,"turns":5},{"damage":3,"enemies":"Looter","floor":7,"turns":4},{"damage":7,"enemies":"3 Louse","floor":10,"turns":4},{"damage":5,"enemies":"Lots of Slimes","floor":11,"turns":3},{"damage":13,"enemies":"3 Sentries","floor":12,"turns":6},{"damage":0,"enemies":"Large Slime","floor":13,"turns":5},{"damage":0,"enemies":"3 Louse","floor":14,"turns":3},{"damage":18,"enemies":"Hexaghost","floor":16,"turns":10},{"damage":0,"enemies":"3 Byrds","floor":18,"turns":4},{"damage":0,"enemies":"Gremlin Leader","floor":23,"turns":4},{"damage":0,"enemies":"2 Thieves","floor":24,"turns":4},{"damage":16,"enemies":"Slavers","floor":25,"turns":5},{"damage":18,"enemies":"Centurion and Healer","floor":27,"turns":6},{"damage":0,"enemies":"Sentry and Sphere","floor":28,"turns":3},{"damage":17,"enemies":"Book of Stabbing","floor":30,"turns":4},{"damage":35,"enemies":"Shelled Parasite and Fungi","floor":31,"turns":4},{"damage":19,"enemies":"Champ","floor":33,"turns":7},{"damage":55,"enemies":"3 Shapes","floor":35,"turns":3},{"damage":2,"enemies":"Orb Walker","floor":39,"turns":4},{"damage":1,"enemies":"Giant Head","floor":40,"turns":6},{"damage":12,"enemies":"Maw","floor":41,"turns":5},{"damage":9,"enemies":"3 Darklings","floor":45,"turns":4},{"damage":3,"enemies":"Nemesis","floor":48,"turns":5},{"damage":72,"enemies":"Donu and Deca","floor":50,"turns":10},{"damage":10,"enemies":"Shield and Spear","floor":54,"turns":4},{"damage":92,"enemies":"The Heart","floor":55,"turns":3}],"seed_played":"-7600576233068906765","potions_obtained":[{"floor":6,"key":"AttackPotion"},{"floor":10,"key":"Strength Potion"},{"floor":11,"key":"AttackPotion"},{"floor":13,"key":"Dexterity Potion"},{"floor":14,"key":"Strength Potion"},{"floor":16,"key":"Regen Potion"},{"floor":18,"key":"Energy Potion"},{"floor":24,"key":"SteroidPotion"},{"floor":33,"key":"GhostInAJar"},{"floor":41,"key":"SteroidPotion"}],"is_trial":false,"path_per_floor":["M","?","M","?","M","E","M","R","T","M","M","E","M","M","R","B",null,"M","?","T","$","?","E","M","E","T","M","M","R","E","M","R","B",null,"M","$","?","?","M","E","M","$","T","R","M","R","$","E","R","B",null,"R","$","E","B"],"character_chosen":"THE_SILENT","items_purchased":["Accuracy","Apotheosis","Bottled Tornado","FairyPotion","Bandage Up","Infinite Blades"],"campfire_rested":3,"item_purchase_floors":[21,21,36,36,36,47],"current_hp_per_floor":[70,63,63,63,63,36,33,33,33,26,21,8,8,8,29,11,70,70,70,70,70,70,70,70,54,54,36,45,45,40,17,38,31,70,27,27,27,27,37,42,36,36,36,36,43,64,64,65,65,19,70,70,70,66,0],"gold":93,"neow_bonus":"THREE_ENEMY_KILL","is_prod":false,"is_daily":false,"chose_seed":false,"campfire_upgraded":4,"win_rate":0,"timestamp":1559446735,"path_taken":["M","?","M","?","?","E","M","R","T","M","?","E","M","M","R","BOSS","M","?","?","$","?","E","M","E","T","M","M","R","E","M","R","BOSS","M","$","?","?","M","E","M","$","T","R","?","R","?","E","R","BOSS","R","$","E","BOSS"],"build_version":"2019-01-23","purchased_purges":2,"victory":false,"max_hp_per_floor":[70,70,70,70,70,70,70,70,70,70,70,70,70,70,70,70,70,70,70,70,70,70,70,70,70,70,70,70,70,70,70,70,70,70,70,70,70,70,70,70,70,70,70,70,70,70,70,70,70,70,70,70,70,70,70],"card_choices":[{"not_picked":["Dodge and Roll","Eviscerate"],"picked":"Flying Knee","floor":1},{"not_picked":["Masterful Stab","Backflip"],"picked":"Cloak And Dagger","floor":3},{"not_picked":["Backflip","Quick Slash"],"picked":"Infinite Blades","floor":5},{"not_picked":["Quick Slash","Acrobatics"],"picked":"Prepared","floor":6},{"not_picked":["Predator","Quick Slash"],"picked":"PiercingWail","floor":7},{"not_picked":["Slice","Acrobatics"],"picked":"Underhanded Strike","floor":10},{"not_picked":["Poisoned Stab","Deadly Poison"],"picked":"Acrobatics","floor":11},{"not_picked":["Unload","Leg Sweep"],"picked":"Cloak And Dagger","floor":12},{"not_picked":["Slice","Prepared"],"picked":"Dagger Throw","floor":13},{"not_picked":["Masterful Stab","Poisoned Stab"],"picked":"Dagger Spray","floor":14},{"not_picked":["Envenom","Venomology"],"picked":"Bullet Time","floor":16},{"not_picked":["Prepared","Slice"],"picked":"Terror","floor":18},{"not_picked":["Crippling Poison","Outmaneuver","Heel Hook"],"picked":"SKIP","floor":23},{"not_picked":["Acrobatics","Endless Agony"],"picked":"Reflex","floor":24},{"not_picked":["Quick Slash","Wraith Form v2"],"picked":"Accuracy","floor":25},{"not_picked":["Bane+1","Noxious Fumes","Deadly Poison"],"picked":"SKIP","floor":27},{"not_picked":["Deflect","All Out Attack+1","Poisoned Stab"],"picked":"SKIP","floor":28},{"not_picked":["Backflip","Riddle With Holes","Dagger Throw"],"picked":"SKIP","floor":30},{"not_picked":["Acrobatics","Skewer"],"picked":"Sucker Punch+1","floor":31},{"not_picked":["Die Die Die","Tools of the Trade"],"picked":"Burst","floor":33},{"not_picked":[],"picked":"Acrobatics+1","floor":35},{"not_picked":["Reflex+1"],"picked":"SKIP","floor":39},{"not_picked":["Quick Slash+1"],"picked":"SKIP","floor":40},{"not_picked":["Skewer+1"],"picked":"SKIP","floor":41},{"not_picked":["Skewer+1"],"picked":"SKIP","floor":45},{"not_picked":["Escape Plan"],"picked":"SKIP","floor":48},{"not_picked":["Deadly Poison"],"picked":"SKIP","floor":54}],"player_experience":59538,"relics_obtained":[{"floor":6,"key":"Unceasing Top"},{"floor":9,"key":"Sundial"},{"floor":12,"key":"PreservedInsect"},{"floor":23,"key":"Gambling Chip"},{"floor":25,"key":"Old Coin"},{"floor":26,"key":"Meat on the Bone"},{"floor":30,"key":"Tingsha"},{"floor":40,"key":"Bronze Scales"},{"floor":43,"key":"FossilizedHelix"},{"floor":48,"key":"Blood Vial"},{"floor":54,"key":"Gremlin Horn"}],"event_choices":[{"cards_removed":["Strike_G"],"damage_healed":0,"gold_gain":0,"player_choice":"Card Removal","damage_taken":7,"max_hp_gain":0,"max_hp_loss":0,"event_name":"Golden Wing","floor":2,"gold_loss":0},{"cards_removed":["Defend_G"],"damage_healed":0,"gold_gain":0,"player_choice":"Purged","damage_taken":0,"max_hp_gain":0,"max_hp_loss":0,"event_name":"Purifier","floor":4,"gold_loss":0},{"damage_healed":0,"gold_gain":0,"player_choice":"Ignored","damage_taken":0,"max_hp_gain":0,"max_hp_loss":0,"event_name":"Ghosts","floor":19,"gold_loss":0},{"cards_removed":["Strike_G"],"damage_healed":0,"gold_gain":0,"player_choice":"Gave Gold","damage_taken":0,"max_hp_gain":0,"max_hp_loss":0,"event_name":"Beggar","floor":22,"gold_loss":75},{"damage_healed":0,"gold_gain":0,"player_choice":"Paid","damage_taken":0,"relics_obtained":["Red Mask"],"max_hp_gain":0,"max_hp_loss":0,"event_name":"Tomb of Lord Red Mask","floor":37,"gold_loss":95},{"cards_removed":["Acrobatics"],"damage_healed":0,"gold_gain":0,"player_choice":"Gave Card","damage_taken":0,"relics_obtained":["Paper Crane"],"max_hp_gain":0,"max_hp_loss":0,"event_name":"WeMeetAgain","floor":38,"gold_loss":0}],"is_beta":false,"boss_relics":[{"not_picked":["Snecko Eye","Astrolabe"],"picked":"Cursed Key"},{"not_picked":["Tiny House","Lizard Tail"],"picked":"Busted Crown"}],"items_purged_floors":[21,36],"is_endless":false,"potions_floor_spawned":[6,10,11,13,14,16,18,24,33,41,48],"killed_by":"The Heart","ascension_level":2}