{"gold_per_floor":[117,117,136,155,172,172,205,205,205,205,8,18,30,105,105,206,206,217,217,228,13,26,26,43,43,67,67,83,93,93,93,93,93],"floor_reached":33,"playtime":4708,"items_purged":[],"score":269,"play_id":"cbac0a9b-fe3c-4ce0-afc5-9f0950070612","local_time":"20190628020658","is_ascension_mode":false,"campfire_choices":[{"data":"Armaments","floor":6.0,"key":"SMITH"},{"data":"Dual Wield","floor":8.0,"key":"SMITH"},{"data":"Armaments","floor":15.0,"key":"SMITH"},{"data":"Perfected Strike","floor":23.0,"key":"SMITH"},{"data":"Searing Blow","floor":25,"key":"SMITH"},{"data":"Shrug It Off","floor":27,"key":"SMITH"},{"data":"Rage","floor":32,"key":"SMITH"}],"neow_cost":"TEN_PERCENT_HP_LOSS","seed_source_timestamp":394749885547400,"circlet_count":0,"master_deck":["Strike_R","Strike_R","Strike_R","Defend_R","Defend_R","Defend_R","Defend_R","Bash","Shrug It Off","Dual Wield+1","Armaments+1","Flex","Heavy Blade","Anger","Metallicize+1","Parasite","Shrug It Off+1","Demon Form","Armaments+1","Fiend Fire","Armaments+1","Searing Blow+1","Clothesline","Dual Wield+1","Perfected Strike+1","Flex","Rage+1","Shrug It Off","Writhe"],"special_seed":0,"relics":["Burning Blood","CultistMask","Self Forming Clay","Strawberry","Coffee Dripper","DollysMirror","Bronze Scales","Magic Flower"],"potions_floor_usage":[30,33],"damage_taken":[{"damage":0.0,"enemies":"Small Slimes","floor":1.0,"turns":5.0},{"damage":10.0,"enemies":"Cultist","floor":3.0,"turns":6.0},{"damage":6.0,"enemies":"Jaw Worm","floor":4.0,"turns":6.0},{"damage":5.0,"enemies":"2 Fungi Beasts","floor":5.0,"turns":5.0},{"damage":38.0,"enemies":"Lagavulin","floor":7.0,"turns":9.0},{"damage":6.0,"enemies":"Large Slime","floor":12.0,"turns":8.0},{"damage":2.0,"enemies":"Lots of Slimes","floor":13.0,"turns":5.0},{"damage":21.0,"enemies":"The Guardian","floor":16.0,"turns":7.0},{"damage":0.0,"enemies":"Chosen","floor":18.0,"turns":6.0},{"damage":20.0,"enemies":"2 Thieves","floor":20.0,"turns":5.0},{"damage":27.0,"enemies":"Shelled Parasite and Fungi","floor":22.0,"turns":6.0},{"damage":3,"enemies":"Centurion and Healer","floor":24,"turns":8},{"damage":12,"enemies":"Cultist and Chosen","floor":28,"turns":6},{"damage":24,"enemies":"3 Cultists","floor":29,"turns":7},{"damage":0,"enemies":"Gremlin Leader","floor":30,"turns":1},{"damage":36,"enemies":"Automaton","floor":33,"turns":6}],"seed_played":"-8911412167292603866","potions_obtained":[{"floor":3.0,"key":"Block Potion"},{"floor":4.0,"key":"SmokeBomb"},{"floor":7.0,"key":"SkillPotion"},{"floor":24,"key":"SkillPotion"}],"is_trial":false,"path_per_floor":["M","?","M","M","M","R","E","R","T","?","$","M","M","?","R","B",null,"M","?","M","$","M","R","M","R","T","R","M","M","E","?","R","B"],"character_chosen":"IRONCLAD","items_purchased":["Strawberry","Shrug It Off","Clothesline","DollysMirror"],"campfire_rested":0,"item_purchase_floors":[11,11,21,21],"current_hp_per_floor":[72,72,68,68,69,69,37,37,37,55,62,62,66,55,55,40,79,79,79,65,65,44,44,47,47,47,47,41,23,29,29,29,0],"gold":93,"neow_bonus":"TRANSFORM_TWO_CARDS","is_prod":false,"is_daily":false,"chose_seed":false,"campfire_upgraded":7,"win_rate":0,"timestamp":1561680418,"path_taken":["M","?","M","M","?","R","E","R","T","?","$","M","M","?","R","BOSS","M","?","?","$","M","R","M","R","T","R","M","M","E","?","R","BOSS"],"build_version":"2019-01-23","purchased_purges":0,"victory":false,"max_hp_per_floor":[72,72,72,72,72,72,72,72,72,72,79,79,79,79,79,79,79,79,79,79,79,79,79,79,79,79,79,79,79,79,79,79,79],"card_choices":[{"not_picked":["Anger","Twin Strike"],"picked":"Armaments","floor":1.0},{"not_picked":["Clash","Brutality"],"picked":"Flex","floor":3.0},{"not_picked":["Cleave","Body Slam"],"picked":"Heavy Blade","floor":4.0},{"not_picked":["Sever Soul","Sword Boomerang"],"picked":"Anger","floor":5.0},{"not_picked":["Spot Weakness","Clothesline"],"picked":"Metallicize","floor":7.0},{"not_picked":["Headbutt","Flex"],"picked":"Demon Form","floor":12.0},{"not_picked":["Perfected Strike","Intimidate"],"picked":"Armaments","floor":13.0},{"not_picked":["Offering","Dark Embrace"],"picked":"Fiend Fire","floor":16.0},{"not_picked":["Sword Boomerang","Feel No Pain"],"picked":"Armaments+1","floor":18.0},{"not_picked":["True Grit","Clash+1"],"picked":"Searing Blow","floor":20.0},{"not_picked":["Fire Breathing","Pommel Strike+1"],"picked":"Perfected Strike","floor":22.0},{"not_picked":["Flame Barrier","Power Through+1"],"picked":"Flex","floor":24},{"not_picked":["Flex","Anger"],"picked":"Rage","floor":28},{"not_picked":["Sever Soul+1","Shockwave+1"],"picked":"Shrug It Off","floor":29}],"player_experience":89139,"relics_obtained":[{"floor":7.0,"key":"Self Forming Clay"},{"floor":26,"key":"Bronze Scales"}],"event_choices":[{"damage_healed":0.0,"max_hp_gain":0.0,"max_hp_loss":0.0,"gold_gain":0.0,"event_name":"FaceTrader","player_choice":"Trade","floor":2.0,"gold_loss":0.0,"damage_taken":0.0,"relics_obtained":["CultistMask"]},{"damage_healed":18.0,"max_hp_gain":0.0,"max_hp_loss":0.0,"gold_gain":0.0,"event_name":"Mushrooms","player_choice":"Healed and dodged fight","floor":10.0,"gold_loss":0.0,"damage_taken":0.0,"cards_obtained":["Parasite"]},{"damage_healed":0.0,"max_hp_gain":0.0,"max_hp_loss":0.0,"gold_gain":75.0,"event_name":"World of Goop","player_choice":"Gather Gold","floor":14.0,"gold_loss":0.0,"damage_taken":11.0},{"damage_healed":0.0,"max_hp_gain":0.0,"max_hp_loss":0.0,"gold_gain":0.0,"event_name":"Accursed Blacksmith","player_choice":"Forge","floor":19.0,"gold_loss":0.0,"damage_taken":0.0,"cards_upgraded":["Metallicize"]},{"damage_healed":0,"gold_gain":0,"player_choice":"Opened","damage_taken":0,"relics_obtained":["Magic Flower"],"max_hp_gain":0,"max_hp_loss":0,"event_name":"The Mausoleum","floor":31,"gold_loss":0,"cards_obtained":["Writhe"]}],"is_beta":false,"boss_relics":[{"not_picked":["Calling Bell","White Beast Statue"],"picked":"Coffee Dripper"}],"items_purged_floors":[],"is_endless":false,"potions_floor_spawned":[3,4,7,24,30],"killed_by":"Automaton","ascension_level":0}