{"gold_per_floor":[10,10,10,26,50,50,88,101,127,140,155,191,191,211,211,304,304,320,320,341,341,353,380,380,380,453,466,466,484,484,59,59,59],"floor_reached":33,"playtime":1535,"items_purged":[],"score":516,"play_id":"e1b826ed-02f7-4736-a718-0d5ea620721b","local_time":"20190804150258","is_ascension_mode":true,"campfire_choices":[{"data":"Sunder","floor":6,"key":"SMITH"},{"data":"Consume","floor":13,"key":"SMITH"},{"data":"Zap","floor":15,"key":"SMITH"},{"floor":28,"key":"REST"},{"data":"Capacitor","floor":32,"key":"SMITH"}],"neow_cost":"NO_GOLD","seed_source_timestamp":2215699962470600,"circlet_count":0,"master_deck":["AscendersBane","Zap+1","Dualcast","Electrodynamics","Consume+1","Go for the Eyes","Sunder+1","Undo","Sweeping Beam+1","Conserve Battery","Seek","Storm","Capacitor+1","Undo","Rip and Tear","Fission","Heatsinks","Consume","Conserve Battery","Necronomicurse","Genetic Algorithm","Steam","Cold Snap","Glacier","Leap"],"relics":["Cracked Core","Bloody Idol","Blood Vial","Dream Catcher","Whetstone","Pandora\u0027s Box","Necronomicon","The Courier","StoneCalendar","Letter Opener","Bird Faced Urn","PreservedInsect"],"potions_floor_usage":[10,12,23,27],"damage_taken":[{"damage":0,"enemies":"Small Slimes","floor":1,"turns":3},{"damage":4,"enemies":"Jaw Worm","floor":4,"turns":4},{"damage":0,"enemies":"Cultist","floor":5,"turns":3},{"damage":16,"enemies":"Gremlin Nob","floor":7,"turns":3},{"damage":6,"enemies":"Lots of Slimes","floor":8,"turns":2},{"damage":10,"enemies":"Large Slime","floor":10,"turns":3},{"damage":0,"enemies":"2 Fungi Beasts","floor":11,"turns":3},{"damage":9,"enemies":"Lagavulin","floor":12,"turns":6},{"damage":0,"enemies":"3 Louse","floor":14,"turns":1},{"damage":47,"enemies":"Hexaghost","floor":16,"turns":10},{"damage":5,"enemies":"Chosen","floor":18,"turns":4},{"damage":0,"enemies":"3 Byrds","floor":20,"turns":3},{"damage":18,"enemies":"Snake Plant","floor":22,"turns":3},{"damage":13,"enemies":"Gremlin Leader","floor":23,"turns":6},{"damage":0,"enemies":"Centurion and Healer","floor":27,"turns":4},{"damage":19,"enemies":"Chosen and Byrds","floor":29,"turns":6},{"damage":64,"enemies":"Champ","floor":33,"turns":15}],"seed_played":"-4135167295209974539","potions_obtained":[{"floor":7,"key":"AttackPotion"},{"floor":8,"key":"Regen Potion"},{"floor":10,"key":"Fire Potion"},{"floor":18,"key":"Dexterity Potion"},{"floor":22,"key":"Energy Potion"},{"floor":23,"key":"Explosive Potion"}],"is_trial":false,"path_per_floor":["M","?","?","M","M","R","E","M","T","M","M","E","R","M","R","B",null,"M","?","M","?","M","E","?","?","T","M","R","M","?","$","R","B"],"character_chosen":"DEFECT","items_purchased":["Leap","Bird Faced Urn","PreservedInsect"],"campfire_rested":1,"item_purchase_floors":[31,31,31],"current_hp_per_floor":[64,40,71,67,67,67,51,47,47,39,41,49,49,51,51,6,55,52,31,33,33,22,16,16,16,21,28,49,37,37,37,37,0],"gold":59,"neow_bonus":"THREE_RARE_CARDS","is_prod":false,"is_daily":false,"chose_seed":false,"campfire_upgraded":4,"win_rate":0,"timestamp":1564948978,"path_taken":["M","?","?","M","M","R","E","?","T","M","?","E","R","M","R","BOSS","M","?","M","?","M","E","?","?","T","?","R","M","?","$","R","BOSS"],"build_version":"2019-07-17","purchased_purges":0,"victory":false,"max_hp_per_floor":[71,71,71,71,71,71,71,71,71,71,71,71,71,71,71,71,71,71,71,71,71,71,71,71,71,71,71,71,71,71,71,71,71],"card_choices":[{"not_picked":["All For One","Rainbow"],"picked":"Electrodynamics","floor":0},{"not_picked":["Barrage","Gash"],"picked":"Consume","floor":1},{"not_picked":["Compile Driver","Reprogram"],"picked":"Go for the Eyes","floor":4},{"not_picked":["Sweeping Beam","Steam Power"],"picked":"Sunder","floor":5},{"not_picked":["Force Field","Barrage"],"picked":"Undo","floor":7},{"not_picked":["Barrage","Beam Cell","Hologram"],"picked":"SKIP","floor":8},{"not_picked":["Redo","Storm","Beam Cell"],"picked":"SKIP","floor":10},{"not_picked":["Barrage","Rebound","Go for the Eyes"],"picked":"SKIP","floor":11},{"not_picked":["Chill","Go for the Eyes"],"picked":"Sweeping Beam","floor":12},{"not_picked":["Beam Cell","Streamline"],"picked":"Conserve Battery","floor":14},{"not_picked":["Electrodynamics","Buffer"],"picked":"Seek","floor":16},{"not_picked":["Steam Power","Rebound"],"picked":"Conserve Battery","floor":18},{"not_picked":["Static Discharge","Tempest"],"picked":"Genetic Algorithm","floor":20},{"not_picked":["Gash","Stack+1"],"picked":"Steam","floor":22},{"not_picked":["Beam Cell","Rebound","Fission"],"picked":"SKIP","floor":23},{"not_picked":["Hologram","Sweeping Beam","Turbo"],"picked":"SKIP","floor":27},{"not_picked":["Static Discharge","Beam Cell+1"],"picked":"Cold Snap","floor":28},{"not_picked":["Cold Snap","Turbo"],"picked":"Glacier","floor":29}],"player_experience":416405,"relics_obtained":[{"floor":7,"key":"Blood Vial"},{"floor":9,"key":"Dream Catcher"},{"floor":12,"key":"Whetstone"},{"floor":19,"key":"Necronomicon"},{"floor":23,"key":"The Courier"},{"floor":26,"key":"Letter Opener"}],"event_choices":[{"damage_healed":0,"gold_gain":0,"player_choice":"Take Damage","damage_taken":24,"relics_obtained":["Golden Idol"],"max_hp_gain":0,"max_hp_loss":0,"event_name":"Golden Idol","floor":2,"gold_loss":0},{"damage_healed":31,"gold_gain":0,"player_choice":"Full Heal","damage_taken":0,"max_hp_gain":0,"max_hp_loss":0,"event_name":"Wheel of Change","floor":3,"gold_loss":0},{"damage_healed":0,"gold_gain":0,"player_choice":"Obtained Book","damage_taken":21,"max_hp_gain":0,"max_hp_loss":0,"event_name":"Cursed Tome","floor":19,"gold_loss":0},{"damage_healed":0,"gold_gain":0,"player_choice":"Gave Idol","damage_taken":0,"relics_obtained":["Bloody Idol"],"max_hp_gain":0,"max_hp_loss":0,"event_name":"Forgotten Altar","floor":21,"relics_lost":["Golden Idol"],"gold_loss":0},{"damage_healed":0,"gold_gain":0,"player_choice":"Ignored","damage_taken":0,"max_hp_gain":0,"max_hp_loss":0,"event_name":"The Mausoleum","floor":24,"gold_loss":0},{"damage_healed":0,"gold_gain":0,"player_choice":"Gave Potion","damage_taken":0,"relics_obtained":["StoneCalendar"],"max_hp_gain":0,"max_hp_loss":0,"event_name":"WeMeetAgain","floor":25,"gold_loss":0},{"cards_removed":["Aggregate"],"damage_healed":0,"gold_gain":0,"player_choice":"Elegance","damage_taken":0,"max_hp_gain":0,"max_hp_loss":0,"event_name":"Back to Basics","floor":30,"gold_loss":0}],"is_beta":false,"boss_relics":[{"not_picked":["Busted Crown","Nuclear Battery"],"picked":"Pandora\u0027s Box"}],"items_purged_floors":[],"is_endless":false,"potions_floor_spawned":[7,8,10,18,22,23],"killed_by":"Champ","ascension_level":17}