{"gold_per_floor":[115,115,132,151,166,166,192,204,240,268,280,302,344,373,385,397],"floor_reached":16,"playtime":961,"items_purged":[],"score":228,"play_id":"Baalorlord-7d7633d7","local_time":"20190611124836","is_ascension_mode":true,"campfire_choices":[{"data":"Bash","floor":6,"key":"SMITH"},{"data":"Feed","floor":8,"key":"SMITH"},{"data":"Shrug It Off","floor":11,"key":"SMITH"},{"floor":15,"key":"REST"}],"neow_cost":"NONE","seed_source_timestamp":187738402746100,"circlet_count":0,"master_deck":["AscendersBane","Strike_R","Strike_R","Strike_R","Defend_R","Defend_R","Defend_R","Bash+1","Sword Boomerang+1","Sever Soul+1","Dark Embrace+1","Spot Weakness+1","Anger","Clothesline","Shrug It Off+1","Feed+1","Cleave","Sword Boomerang","Iron Wave"],"relics":["Astrolabe","MawBank","Oddly Smooth Stone","Anchor"],"potions_floor_usage":[7,7],"damage_taken":[{"damage":7,"enemies":"Jaw Worm","floor":1,"turns":3},{"damage":0,"enemies":"Cultist","floor":3,"turns":3},{"damage":0,"enemies":"Small Slimes","floor":4,"turns":2},{"damage":9,"enemies":"Blue Slaver","floor":5,"turns":3},{"damage":10,"enemies":"Lagavulin","floor":7,"turns":3},{"damage":11,"enemies":"Exordium Thugs","floor":10,"turns":3},{"damage":6,"enemies":"2 Fungi Beasts","floor":12,"turns":3},{"damage":8,"enemies":"Gremlin Nob","floor":13,"turns":3},{"damage":16,"enemies":"Blue Slaver","floor":14,"turns":5},{"damage":46,"enemies":"Slime Boss","floor":16,"turns":6}],"seed_played":"282963341076094128","potions_obtained":[{"floor":3,"key":"SpeedPotion"},{"floor":4,"key":"Energy Potion"},{"floor":5,"key":"PowerPotion"},{"floor":7,"key":"LiquidBronze"}],"is_trial":false,"path_per_floor":["M","?","M","M","M","R","E","R","T","M","R","M","E","M","R","B"],"character_chosen":"IRONCLAD","items_purchased":[],"campfire_rested":1,"item_purchase_floors":[],"current_hp_per_floor":[61,61,61,61,52,52,42,42,42,35,35,33,25,13,39,0],"gold":397,"neow_bonus":"BOSS_RELIC","is_prod":false,"is_daily":false,"chose_seed":false,"campfire_upgraded":3,"win_rate":0,"timestamp":1560271716,"path_taken":["M","?","M","M","M","R","E","R","T","M","R","M","E","M","R","BOSS"],"build_version":"2019-01-23","purchased_purges":0,"victory":false,"max_hp_per_floor":[75,75,75,75,75,75,75,75,75,79,79,83,83,87,87,87],"card_choices":[{"not_picked":["Shrug It Off","Headbutt"],"picked":"Spot Weakness","floor":1},{"not_picked":["Sever Soul","Rampage"],"picked":"Anger","floor":3},{"not_picked":["Searing Blow","Sword Boomerang"],"picked":"Clothesline","floor":4},{"not_picked":["Armaments","Wild Strike"],"picked":"Shrug It Off","floor":5},{"not_picked":["Shrug It Off","Battle Trance"],"picked":"Feed","floor":7},{"not_picked":["Fire Breathing","Rampage"],"picked":"Cleave","floor":10},{"not_picked":["Thunderclap","Heavy Blade"],"picked":"Sword Boomerang","floor":12},{"not_picked":["Wild Strike","Headbutt"],"picked":"Iron Wave","floor":13},{"not_picked":["Sentinel","Rampage","Wild Strike"],"picked":"SKIP","floor":14}],"player_experience":2093814,"relics_obtained":[{"floor":7,"key":"MawBank"},{"floor":9,"key":"Oddly Smooth Stone"},{"floor":13,"key":"Anchor"}],"event_choices":[{"damage_healed":0,"gold_gain":0,"player_choice":"Upgraded","damage_taken":0,"max_hp_gain":0,"max_hp_loss":0,"event_name":"Upgrade Shrine","floor":2,"gold_loss":0,"cards_upgraded":["Spot Weakness"]}],"is_beta":false,"boss_relics":[],"items_purged_floors":[],"is_endless":false,"potions_floor_spawned":[3,4,5,7],"killed_by":"Slime Boss","ascension_level":20}