{"path_per_floor":["M","M","?","M","M","E","R","E","T","R","M","?","M","M","R","B",null,"M","$","?","$","?","R"],"character_chosen":"IRONCLAD","items_purchased":["Metallicize","Armaments","Battle Trance","Iron Wave","Bag of Marbles","Pommel Strike"],"gold_per_floor":[116,135,135,155,170,197,197,525,525,525,536,536,548,568,568,663,663,673,245,245,122,122,122],"floor_reached":24,"campfire_rested":3,"playtime":4000,"current_hp_per_floor":[80,65,65,67,66,52,76,43,43,67,67,72,66,63,63,37,85,78,78,63,63,63,90],"items_purged":["Defend_R","Defend_R"],"gold":122,"play_id":"b81b34b1-4476-4b42-974e-2e69dd72d451","is_prod":false,"is_daily":false,"campfire_rituals":0,"campfire_upgraded":1,"is_hardmode":false,"path_taken":["M","M","?","M","?","E","R","E","T","R","M","?","?","M","R","BOSS","M","$","?","$","?","R","E"],"build_version":"2018-01-11-PROD2","purchased_purges":2,"victory":false,"master_deck":["Strike_R","Strike_R","Strike_R","Strike_R","Strike_R","Defend_R","Bash","Flex","Iron Wave","Iron Wave","Iron Wave","Rage","Pommel Strike","Shrug It Off","Fire Breathing","Seeing Red","Impervious","Iron Wave","Armaments","Metallicize","Cleave","Shrug It Off","Iron Wave","Metallicize","Armaments","Battle Trance","Iron Wave","Pommel Strike","Reaper","Body Slam"],"max_hp_per_floor":[80,80,80,80,80,80,80,80,80,80,80,85,85,85,85,85,85,85,85,90,90,90,90],"relics":["Burning Blood","Red Skull","Old Coin","Matryoshka","Orrery","Bag of Marbles"],"campfire_meditates":0,"card_choices":[{"not_picked":["Headbutt","Clash"],"picked":"Flex"},{"not_picked":["Dual Wield","Pummel"],"picked":"Iron Wave"},{"not_picked":["Pummel","Bloodletting"],"picked":"Iron Wave"},{"not_picked":["Brutality","True Grit"],"picked":"Iron Wave"},{"not_picked":["Flex","Sever Soul"],"picked":"Rage"},{"not_picked":["Heavy Blade","Reckless Charge"],"picked":"Pommel Strike"},{"not_picked":["Warcry","Sword Boomerang"],"picked":"Shrug It Off"},{"not_picked":["Anger","Fiend Fire"],"picked":"Fire Breathing"},{"not_picked":["Pommel Strike","Hemokinesis"],"picked":"Seeing Red"},{"not_picked":["Fiend Fire","Double Tap"],"picked":"Impervious"},{"not_picked":["Corruption","Uppercut"],"picked":"Iron Wave"},{"not_picked":["Disarm","Sever Soul"],"picked":"Armaments"},{"not_picked":["Armaments","Battle Trance"],"picked":"Metallicize"},{"not_picked":["True Grit","Warcry"],"picked":"Cleave"},{"not_picked":["Warcry","Spot Weakness"],"picked":"Shrug It Off"},{"not_picked":["Reckless Charge","Feel No Pain"],"picked":"Iron Wave"}],"player_experience":4097,"potions_floor_usage":[6,16,16],"damage_taken":[{"damage":4,"enemies":"Cultist","floor":1,"turns":4},{"damage":21,"enemies":"Blue Slaver","floor":2,"turns":5},{"damage":4,"enemies":"2 Louse","floor":4,"turns":3},{"damage":7,"enemies":"Red Slaver","floor":5,"turns":5},{"damage":20,"enemies":"Gremlin Nob","floor":6,"turns":4},{"damage":39,"enemies":"3 Sentries","floor":8,"turns":10},{"damage":6,"enemies":"Exordium Wildlife","floor":11,"turns":4},{"damage":12,"enemies":"3 Louse","floor":13,"turns":4},{"damage":9,"enemies":"Red Slaver","floor":14,"turns":5},{"damage":32,"enemies":"Hexaghost","floor":16,"turns":9},{"damage":13,"enemies":"Chosen","floor":18,"turns":8},{"damage":101,"enemies":"Gremlin Leader","floor":24,"turns":7}],"event_choices":[{"event_name":"Wheel of Change","player_choice":"Card Removal","floor":3,"damage_taken":0},{"event_name":"Big Fish","player_choice":"Donut","floor":12,"damage_taken":0},{"event_name":"Forgotten Altar","player_choice":"Shed Blood","floor":20,"damage_taken":0},{"event_name":"Match and Keep!","player_choice":"2 cards matched","floor":22,"damage_taken":0}],"boss_relics":[{"not_picked":["Philosopher\u0027s Stone","Runic Pyramid"],"picked":"Orrery"}],"potions_floor_spawned":[2,4,8,13],"seed_played":"3083683151428743192","killed_by":"Gremlin Leader","is_trial":false}