{"gold_per_floor":[110,123,176,196,206,206,206,216,265,167,193,206,220,233,233,333,333,352,363,144,158,178,210,85,85,85,85,103,103,103,114,114,211,211,225,243,93,110,125,125,125,125,149,167,182,182,182],"floor_reached":47,"playtime":2576,"items_purged":["Defend_G","Strike_G","Defend_G","Strike_G"],"score":546,"play_id":"f3cff56b-6795-4347-9a73-3297c0502dfb","local_time":"20190816141512","is_ascension_mode":true,"campfire_choices":[{"floor":6,"key":"REST"},{"floor":15,"key":"REST"},{"floor":25,"key":"REST"},{"floor":30,"key":"REST"},{"data":"Noxious Fumes","floor":32,"key":"SMITH"},{"floor":40,"key":"REST"},{"floor":42,"key":"REST"}],"neow_cost":"NONE","seed_source_timestamp":17081679768182,"circlet_count":0,"master_deck":["Strike_G","Strike_G","Defend_G","Defend_G","Defend_G","Survivor","Neutralize+1","Bouncing Flask","Blade Dance","Poisoned Stab","Dagger Spray","Slice","Escape Plan","Poisoned Stab","Noxious Fumes+1","Bullet Time","Deadly Poison","Cloak And Dagger","Well Laid Plans","Backflip","After Image","Outmaneuver+1","Quick Slash+1","Backflip+1","Parasite"],"relics":["Ring of the Snake","Bag of Preparation","Oddly Smooth Stone","Regal Pillow","Busted Crown","Bronze Scales","Gremlin Horn","Fusion Hammer","Blood Vial"],"potions_floor_usage":[12,18,21,33,45],"damage_taken":[{"damage":2,"enemies":"Cultist","floor":1,"turns":4},{"damage":2,"enemies":"Jaw Worm","floor":2,"turns":5},{"damage":4,"enemies":"Small Slimes","floor":4,"turns":4},{"damage":23,"enemies":"3 Louse","floor":5,"turns":3},{"damage":18,"enemies":"Large Slime","floor":8,"turns":7},{"damage":17,"enemies":"Lagavulin","floor":11,"turns":5},{"damage":1,"enemies":"Exordium Wildlife","floor":12,"turns":3},{"damage":0,"enemies":"Blue Slaver","floor":13,"turns":3},{"damage":2,"enemies":"Looter","floor":14,"turns":3},{"damage":50,"enemies":"Slime Boss","floor":16,"turns":9},{"damage":5,"enemies":"Spheric Guardian","floor":18,"turns":3},{"damage":3,"enemies":"Chosen","floor":19,"turns":4},{"damage":9,"enemies":"Centurion and Healer","floor":21,"turns":6},{"damage":21,"enemies":"3 Cultists","floor":22,"turns":6},{"damage":29,"enemies":"Book of Stabbing","floor":23,"turns":5},{"damage":25,"enemies":"Sentry and Sphere","floor":28,"turns":5},{"damage":7,"enemies":"Snecko","floor":31,"turns":4},{"damage":36,"enemies":"Collector","floor":33,"turns":8},{"damage":8,"enemies":"3 Darklings","floor":35,"turns":4},{"damage":26,"enemies":"Orb Walker","floor":36,"turns":4},{"damage":11,"enemies":"3 Darklings","floor":38,"turns":4},{"damage":18,"enemies":"Jaw Worm Horde","floor":39,"turns":4},{"damage":11,"enemies":"Writhing Mass","floor":44,"turns":5},{"damage":29,"enemies":"Sphere and 2 Shapes","floor":45,"turns":6},{"damage":54,"enemies":"Giant Head","floor":47,"turns":7}],"seed_played":"-950449238247952830","potions_obtained":[{"floor":1,"key":"GamblersBrew"},{"floor":2,"key":"AttackPotion"},{"floor":8,"key":"EssenceOfSteel"},{"floor":16,"key":"Poison Potion"},{"floor":21,"key":"PowerPotion"},{"floor":22,"key":"Regen Potion"},{"floor":33,"key":"SteroidPotion"},{"floor":38,"key":"PowerPotion"}],"is_trial":false,"path_per_floor":["M","M","T","M","M","R","?","M","T","$","E","M","M","M","R","B",null,"M","M","$","M","M","E","$","R","T","?","M","?","R","M","R","B",null,"M","M","$","M","M","R","?","R","T","M","M","?","E"],"character_chosen":"THE_SILENT","items_purchased":["Slice","Well Laid Plans","Backflip"],"campfire_rested":6,"item_purchase_floors":[10,20,20],"current_hp_per_floor":[68,66,66,62,39,60,60,42,42,42,25,24,24,22,58,8,70,65,62,62,53,32,3,3,39,39,39,14,37,70,63,63,27,70,62,36,36,25,7,43,43,70,70,59,47,47,0],"gold":182,"neow_bonus":"UPGRADE_CARD","is_prod":false,"is_daily":false,"chose_seed":false,"campfire_upgraded":1,"win_rate":0,"timestamp":1565990112,"path_taken":["M","M","?","M","M","R","?","?","T","$","E","M","M","M","R","BOSS","M","M","$","M","?","E","$","R","T","?","M","?","R","M","R","BOSS","M","M","$","M","M","R","?","R","T","M","M","?","E"],"build_version":"2019-07-17","purchased_purges":4,"victory":false,"max_hp_per_floor":[70,70,70,70,70,70,70,70,70,70,70,70,70,70,70,70,70,70,70,70,70,70,70,70,70,70,70,70,70,70,70,70,70,70,70,70,70,70,70,70,70,70,70,70,70,70,70],"card_choices":[{"not_picked":["Concentrate","Underhanded Strike","Riddle With Holes"],"picked":"SKIP","floor":1},{"not_picked":["Bane","Dagger Throw"],"picked":"Bouncing Flask","floor":2},{"not_picked":["Eviscerate","Prepared"],"picked":"Blade Dance","floor":4},{"not_picked":["Terror","Cloak And Dagger"],"picked":"Poisoned Stab","floor":5},{"not_picked":["Masterful Stab","Flechettes"],"picked":"Dagger Spray","floor":8},{"not_picked":["Tools of the Trade","Endless Agony"],"picked":"Escape Plan","floor":11},{"not_picked":["Endless Agony","Dagger Throw"],"picked":"Poisoned Stab","floor":12},{"not_picked":["Blur","Quick Slash"],"picked":"Noxious Fumes","floor":13},{"not_picked":["Dagger Spray","Flechettes","Infinite Blades"],"picked":"SKIP","floor":14},{"not_picked":["Burst","Phantasmal Killer"],"picked":"Bullet Time","floor":16},{"not_picked":[],"picked":"Deadly Poison","floor":18},{"not_picked":[],"picked":"Cloak And Dagger","floor":19},{"not_picked":["PiercingWail+1"],"picked":"SKIP","floor":21},{"not_picked":["Infinite Blades"],"picked":"SKIP","floor":22},{"not_picked":["Underhanded Strike"],"picked":"SKIP","floor":23},{"not_picked":["Setup"],"picked":"SKIP","floor":28},{"not_picked":["Dagger Throw"],"picked":"SKIP","floor":31},{"not_picked":[],"picked":"After Image","floor":33},{"not_picked":[],"picked":"Outmaneuver+1","floor":35},{"not_picked":[],"picked":"Quick Slash+1","floor":36},{"not_picked":[],"picked":"Backflip+1","floor":38},{"not_picked":["Underhanded Strike"],"picked":"SKIP","floor":39},{"not_picked":["Concentrate+1"],"picked":"SKIP","floor":44},{"not_picked":["Blade Dance"],"picked":"SKIP","floor":45}],"player_experience":405852,"relics_obtained":[{"floor":3,"key":"Bag of Preparation"},{"floor":9,"key":"Oddly Smooth Stone"},{"floor":11,"key":"Regal Pillow"},{"floor":23,"key":"Bronze Scales"},{"floor":26,"key":"Gremlin Horn"},{"floor":43,"key":"Blood Vial"}],"event_choices":[{"cards_removed":["Strike_G"],"damage_healed":0,"gold_gain":0,"player_choice":"Forget","damage_taken":0,"max_hp_gain":0,"max_hp_loss":0,"event_name":"Living Wall","floor":7,"gold_loss":0},{"damage_healed":0,"gold_gain":0,"player_choice":"Ignored","damage_taken":0,"max_hp_gain":0,"max_hp_loss":0,"event_name":"Vampires","floor":27,"gold_loss":0},{"damage_healed":23,"gold_gain":0,"player_choice":"Heal","damage_taken":0,"max_hp_gain":0,"max_hp_loss":0,"event_name":"The Library","floor":29,"gold_loss":0},{"damage_healed":0,"gold_gain":0,"player_choice":"Ignored","damage_taken":0,"max_hp_gain":0,"max_hp_loss":0,"event_name":"Tomb of Lord Red Mask","floor":41,"gold_loss":0},{"damage_healed":0,"gold_gain":0,"player_choice":"Ignored","damage_taken":0,"max_hp_gain":0,"max_hp_loss":0,"event_name":"Mysterious Sphere","floor":46,"gold_loss":0}],"is_beta":false,"boss_relics":[{"not_picked":["WristBlade","HoveringKite"],"picked":"Busted Crown"},{"not_picked":["Velvet Choker","Runic Pyramid"],"picked":"Fusion Hammer"}],"items_purged_floors":[10,20,24,37],"is_endless":false,"potions_floor_spawned":[1,2,8,11,16,21,22,28,33,36,38,39],"killed_by":"Giant Head","ascension_level":4}