{"gold_per_floor":[361,361,374,394,37,37,37,51,51,83,102,115,115,147,147,224,224,241,255,272,0,17,17,346,358,358,358,383,483,453,463,463,539,539,556,203,303,63,75,107,107,133,133,158,158,178,209,220,220,220,220,220,220,42,77,77],"floor_reached":57,"playtime":7387,"items_purged":["Strike_G","Strike_G","Dagger Throw"],"score":3544,"play_id":"Baalorlord-b1e9f1a3","local_time":"20190713141521","is_ascension_mode":true,"campfire_choices":[{"data":"Survivor","floor":6,"key":"SMITH"},{"data":"Poisoned Stab","floor":13,"key":"SMITH"},{"floor":15,"key":"REST"},{"floor":23,"key":"REST"},{"floor":27,"key":"REST"},{"data":"Catalyst","floor":32,"key":"SMITH"},{"data":"Footwork","floor":41,"key":"SMITH"},{"floor":45,"key":"RECALL"},{"data":"After Image","floor":49,"key":"SMITH"},{"data":"Noxious Fumes","floor":53,"key":"SMITH"}],"neow_cost":"TEN_PERCENT_HP_LOSS","seed_source_timestamp":445359180929100,"circlet_count":0,"master_deck":["AscendersBane","Defend_G","Defend_G","Defend_G","Defend_G","Defend_G","Survivor+1","Neutralize+1","Noxious Fumes","Bouncing Flask","Noxious Fumes+1","Poisoned Stab","Poisoned Stab+1","Cloak And Dagger","Concentrate","Catalyst+1","After Image+1","Prepared+1","Acrobatics","Terror+1","Concentrate+1","Prepared+1","Backflip+1","Backstab","PiercingWail+1","Deflect+1","Adrenaline+1","Expertise+1","Blind+1","Footwork+1","PiercingWail+1","Master of Strategy+1","Catalyst+1","PiercingWail+1","Venomology+1","Escape Plan+1","Acrobatics+1","Catalyst+1","Bouncing Flask+1","Leg Sweep+1","Adrenaline+1","Escape Plan+1"],"relics":["Ring of the Snake","Membership Card","Anchor","Unceasing Top","Regal Pillow","Cursed Key","Toxic Egg 2","Bag of Preparation","Old Coin","Pen Nib","Paper Crane","Prayer Wheel","Empty Cage","Potion Belt","Frozen Eye","Mango","Letter Opener","PreservedInsect","Thread and Needle","Boot","Ancient Tea Set","DollysMirror","Art of War"],"potions_floor_usage":[12,24,29,33,44,46,47,56,56,56,56,56,56,56,56],"damage_taken":[{"damage":2,"enemies":"Small Slimes","floor":1,"turns":5},{"damage":0,"enemies":"Cultist","floor":3,"turns":4},{"damage":2,"enemies":"2 Louse","floor":4,"turns":3},{"damage":11,"enemies":"Lots of Slimes","floor":8,"turns":4},{"damage":14,"enemies":"Lagavulin","floor":10,"turns":6},{"damage":0,"enemies":"2 Fungi Beasts","floor":11,"turns":3},{"damage":0,"enemies":"Exordium Wildlife","floor":12,"turns":4},{"damage":15,"enemies":"3 Sentries","floor":14,"turns":7},{"damage":19,"enemies":"The Guardian","floor":16,"turns":8},{"damage":0,"enemies":"2 Thieves","floor":18,"turns":4},{"damage":6,"enemies":"Shell Parasite","floor":19,"turns":4},{"damage":17,"enemies":"Snake Plant","floor":20,"turns":5},{"damage":15,"enemies":"Cultist and Chosen","floor":22,"turns":5},{"damage":26,"enemies":"Slavers","floor":24,"turns":6},{"damage":0,"enemies":"Centurion and Healer","floor":25,"turns":5},{"damage":0,"enemies":"Book of Stabbing","floor":28,"turns":4},{"damage":0,"enemies":"Colosseum Slavers","floor":29,"turns":4},{"damage":0,"enemies":"Colosseum Nobs","floor":29,"turns":4},{"damage":0,"enemies":"Shelled Parasite and Fungi","floor":31,"turns":4},{"damage":0,"enemies":"Champ","floor":33,"turns":8},{"damage":0,"enemies":"3 Shapes","floor":35,"turns":4},{"damage":0,"enemies":"Mind Bloom Boss Battle","floor":37,"turns":4},{"damage":0,"enemies":"3 Darklings","floor":39,"turns":3},{"damage":0,"enemies":"Nemesis","floor":40,"turns":5},{"damage":0,"enemies":"Giant Head","floor":42,"turns":4},{"damage":0,"enemies":"Reptomancer","floor":44,"turns":3},{"damage":0,"enemies":"Maw","floor":46,"turns":3},{"damage":0,"enemies":"Giant Head","floor":47,"turns":4},{"damage":0,"enemies":"Writhing Mass","floor":48,"turns":2},{"damage":0,"enemies":"Time Eater","floor":50,"turns":7},{"damage":0,"enemies":"Awakened One","floor":51,"turns":12},{"damage":0,"enemies":"Shield and Spear","floor":55,"turns":4},{"damage":0,"enemies":"The Heart","floor":56,"turns":7}],"seed_played":"-2344821639981035373","potions_obtained":[{"floor":1,"key":"GhostInAJar"},{"floor":10,"key":"Dexterity Potion"},{"floor":11,"key":"Block Potion"},{"floor":14,"key":"Explosive Potion"},{"floor":24,"key":"Swift Potion"},{"floor":30,"key":"SkillPotion"},{"floor":37,"key":"Swift Potion"}],"is_trial":false,"path_per_floor":["M","?","M","M","$","R","?","M","T","E","M","M","R","E","R","B",null,"M","M","M","$","M","R","E","M","T","R","E","?","?","M","R","B",null,"M","$","?","$","M","E","R","E","T","E","R","M","E","M","R","B","B",null,"R","$","E","B",null],"character_chosen":"THE_SILENT","items_purchased":["Membership Card","Noxious Fumes","Anchor","Toxic Egg 2","Bag of Preparation","Potion Belt","Frozen Eye","Ancient Potion","Blind+1","Footwork","PiercingWail+1","Master of Strategy+1","Letter Opener","DollysMirror"],"campfire_rested":3,"item_purchase_floors":[5,5,5,21,21,36,36,36,36,36,36,38,38,54],"current_hp_per_floor":[57,57,57,55,55,55,55,44,44,30,30,30,30,15,48,29,52,52,46,29,29,14,47,21,21,21,54,54,54,54,54,54,54,59,59,59,73,73,73,73,73,73,73,73,73,73,73,73,73,73,73,74,74,74,74,74],"gold":77,"neow_bonus":"TWO_FIFTY_GOLD","is_prod":false,"is_daily":false,"chose_seed":false,"campfire_upgraded":6,"win_rate":0,"timestamp":1563041721,"path_taken":["M","?","?","M","$","R","?","M","T","E","M","M","R","E","R","BOSS","M","M","?","$","M","R","E","M","T","R","E","?","?","M","R","BOSS","M","?","?","$","M","E","R","E","T","E","R","M","E","M","R","BOSS","BOSS","R","$","E","BOSS"],"build_version":"2019-07-05","purchased_purges":3,"victory":true,"max_hp_per_floor":[60,60,60,60,60,60,60,60,60,60,60,60,60,60,60,60,60,60,60,60,60,60,60,60,60,60,60,60,60,60,60,60,60,60,60,60,74,74,74,74,74,74,74,74,74,74,74,74,74,74,74,74,74,74,74,74],"card_choices":[{"not_picked":["Finisher","Expertise"],"picked":"Dagger Throw","floor":1},{"not_picked":["Underhanded Strike","Sucker Punch"],"picked":"Noxious Fumes","floor":3},{"not_picked":["Dash","Leg Sweep"],"picked":"Bouncing Flask","floor":4},{"not_picked":["Underhanded Strike","Distraction"],"picked":"Poisoned Stab","floor":8},{"not_picked":["Underhanded Strike","Prepared"],"picked":"Poisoned Stab","floor":10},{"not_picked":["Blade Dance","Slice"],"picked":"Cloak And Dagger","floor":11},{"not_picked":["Heel Hook","Caltrops"],"picked":"Concentrate","floor":12},{"not_picked":["Burst","Escape Plan"],"picked":"Catalyst","floor":14},{"not_picked":["Bullet Time","Phantasmal Killer"],"picked":"After Image","floor":16},{"not_picked":["Slice","Poisoned Stab"],"picked":"Prepared+1","floor":18},{"not_picked":["Slice","Flying Knee"],"picked":"Acrobatics","floor":19},{"not_picked":["Underhanded Strike","Slice"],"picked":"Terror+1","floor":20},{"not_picked":["Blade Dance+1","Poisoned Stab"],"picked":"Concentrate+1","floor":22},{"not_picked":["Unload","Infinite Blades"],"picked":"Prepared+1","floor":24},{"not_picked":["Sucker Punch","Flying Knee","Reflex+1"],"picked":"SKIP","floor":25},{"not_picked":["Blade Dance+1","Dash"],"picked":"Backflip+1","floor":28},{"not_picked":["Eviscerate+1","Sucker Punch"],"picked":"Backstab","floor":29},{"not_picked":["Predator","Dagger Spray"],"picked":"PiercingWail+1","floor":31},{"not_picked":["A Thousand Cuts","Cloak And Dagger+1"],"picked":"Deflect+1","floor":31},{"not_picked":["Unload","Storm of Steel+1"],"picked":"Adrenaline+1","floor":33},{"not_picked":["Cloak And Dagger+1","Flechettes","Poisoned Stab"],"picked":"SKIP","floor":35},{"not_picked":["Masterful Stab","Expertise+1","Flying Knee"],"picked":"SKIP","floor":35},{"not_picked":["Masterful Stab","Flying Knee"],"picked":"Expertise+1","floor":35},{"not_picked":["Cloak And Dagger+1","Flechettes","Poisoned Stab"],"picked":"SKIP","floor":35},{"not_picked":["Eviscerate","Quick Slash+1"],"picked":"Catalyst+1","floor":39},{"not_picked":["Prepared+1","Dagger Throw"],"picked":"PiercingWail+1","floor":39},{"not_picked":["Distraction+1","Acrobatics+1"],"picked":"Venomology+1","floor":40},{"not_picked":["Prepared+1","Flying Knee"],"picked":"Escape Plan+1","floor":42},{"not_picked":["Prepared+1","Infinite Blades"],"picked":"Acrobatics+1","floor":44},{"not_picked":["PiercingWail+1","Riddle With Holes"],"picked":"Catalyst+1","floor":46},{"not_picked":["Slice","Sucker Punch","PiercingWail+1"],"picked":"SKIP","floor":46},{"not_picked":["Slice","Sucker Punch","PiercingWail+1"],"picked":"SKIP","floor":46},{"not_picked":["Infinite Blades","PiercingWail+1"],"picked":"Bouncing Flask+1","floor":47},{"not_picked":["Flying Knee+1","Setup+1"],"picked":"Leg Sweep+1","floor":48},{"not_picked":["Setup+1","Noxious Fumes","Deadly Poison+1"],"picked":"SKIP","floor":48},{"not_picked":["Bane","Quick Slash"],"picked":"Escape Plan+1","floor":55}],"player_experience":2251907,"relics_obtained":[{"floor":10,"key":"Unceasing Top"},{"floor":14,"key":"Regal Pillow"},{"floor":24,"key":"Old Coin"},{"floor":28,"key":"Pen Nib"},{"floor":29,"key":"Paper Crane"},{"floor":29,"key":"Prayer Wheel"},{"floor":37,"key":"Mango"},{"floor":40,"key":"PreservedInsect"},{"floor":42,"key":"Thread and Needle"},{"floor":44,"key":"Boot"},{"floor":47,"key":"Ancient Tea Set"},{"floor":55,"key":"Art of War"}],"event_choices":[{"damage_healed":0,"gold_gain":0,"player_choice":"Upgraded","damage_taken":0,"max_hp_gain":0,"max_hp_loss":0,"event_name":"Upgrade Shrine","floor":2,"gold_loss":0,"cards_upgraded":["Neutralize"]},{"cards_removed":["Strike_G"],"damage_healed":0,"gold_gain":0,"player_choice":"Purged","damage_taken":0,"max_hp_gain":0,"max_hp_loss":0,"event_name":"Purifier","floor":7,"gold_loss":0},{"damage_healed":0,"gold_gain":0,"player_choice":"Fight","damage_taken":0,"max_hp_gain":0,"max_hp_loss":0,"event_name":"Colosseum","floor":29,"gold_loss":0},{"damage_healed":0,"gold_gain":0,"player_choice":"Fought Nobs","damage_taken":0,"max_hp_gain":0,"max_hp_loss":0,"event_name":"Colosseum","floor":29,"gold_loss":0},{"damage_healed":0,"gold_gain":0,"player_choice":"Bought 2 Potions","damage_taken":0,"max_hp_gain":0,"max_hp_loss":0,"event_name":"The Woman in Blue","floor":30,"gold_loss":0},{"damage_healed":0,"gold_gain":0,"player_choice":"Fight","damage_taken":0,"max_hp_gain":0,"max_hp_loss":0,"event_name":"MindBloom","floor":37,"gold_loss":0}],"is_beta":false,"boss_relics":[{"not_picked":["Philosopher\u0027s Stone","White Beast Statue"],"picked":"Cursed Key"},{"not_picked":["Runic Dome","Sozu"],"picked":"Empty Cage"}],"items_purged_floors":[5,21,54],"is_endless":false,"potions_floor_spawned":[1,10,11,14,24,28,29,37,42,44,47],"ascension_level":20}