{"gold_per_floor":[217,217,217,235,59,59,91,91,91,91,121,139,151,163,163,268,268,282,197,247,261,272,272,305,18,18,18,35,45,80,80,80,177,177,197,217,217,317,335,366,382,410,410,410,410,6,19,33,33,33],"floor_reached":51,"playtime":2213,"items_purged":["Strike_R","Pain","Strike_R"],"score":898,"play_id":"b24ecd81-4cdc-4b48-9ec7-1665203e2575","local_time":"20190310235723","is_ascension_mode":true,"campfire_choices":[{"data":"Wild Strike","floor":6,"key":"SMITH"},{"floor":10,"key":"REST"},{"data":"Havoc","floor":15,"key":"SMITH"},{"data":"Dark Embrace","floor":23,"key":"SMITH"},{"floor":27,"key":"REST"},{"floor":32,"key":"REST"},{"floor":44,"key":"REST"},{"floor":49,"key":"REST"}],"neow_cost":"NONE","seed_source_timestamp":850319264924592,"circlet_count":0,"master_deck":["Strike_R","Strike_R","Defend_R","Defend_R","Defend_R","Defend_R","Bash+1","Whirlwind+1","Wild Strike+1","Anger","Clothesline+1","Shrug It Off","Havoc+1","Dark Embrace+1","Feel No Pain","Ghostly Armor","Inflame+1","Havoc","Fiend Fire+1","Brutality+1","Disarm","Armaments+1","Disarm","Juggernaut+1","Combust+1","Corruption+1","Body Slam+1","Inflame+1","Shrug It Off","Parasite","Double Tap"],"relics":["Burning Blood","Bottled Flame","WarpedTongs","Molten Egg 2","Cursed Key","Happy Flower","Frozen Egg 2","Bronze Scales","Shovel","Centennial Puzzle","Empty Cage","Ice Cream","Girya","Bottled Tornado","Pear"],"potions_floor_usage":[11,16,22,24,30,33,40,41,50,50,50],"damage_taken":[{"damage":6,"enemies":"Cultist","floor":1,"turns":3},{"damage":2,"enemies":"Jaw Worm","floor":4,"turns":3},{"damage":30,"enemies":"3 Sentries","floor":7,"turns":8},{"damage":29,"enemies":"Lagavulin","floor":11,"turns":4},{"damage":0,"enemies":"Small Slimes","floor":12,"turns":2},{"damage":0,"enemies":"Gremlin Gang","floor":13,"turns":1},{"damage":16,"enemies":"Exordium Thugs","floor":14,"turns":4},{"damage":27,"enemies":"Slime Boss","floor":16,"turns":9},{"damage":18,"enemies":"Shell Parasite","floor":18,"turns":4},{"damage":23,"enemies":"2 Thieves","floor":21,"turns":3},{"damage":4,"enemies":"Snecko","floor":22,"turns":5},{"damage":30,"enemies":"Gremlin Leader","floor":24,"turns":4},{"damage":7,"enemies":"3 Cultists","floor":28,"turns":4},{"damage":18,"enemies":"Snake Plant","floor":29,"turns":3},{"damage":32,"enemies":"Slavers","floor":30,"turns":5},{"damage":44,"enemies":"Champ","floor":33,"turns":9},{"damage":12,"enemies":"3 Darklings","floor":35,"turns":4},{"damage":12,"enemies":"Orb Walker","floor":36,"turns":2},{"damage":15,"enemies":"Mind Bloom Boss Battle","floor":38,"turns":7},{"damage":15,"enemies":"Maw","floor":39,"turns":8},{"damage":41,"enemies":"Nemesis","floor":40,"turns":7},{"damage":15,"enemies":"Spire Growth","floor":41,"turns":4},{"damage":17,"enemies":"Giant Head","floor":42,"turns":7},{"damage":10,"enemies":"Jaw Worm Horde","floor":47,"turns":4},{"damage":10,"enemies":"Writhing Mass","floor":48,"turns":4},{"damage":71,"enemies":"Donu and Deca","floor":50,"turns":7}],"seed_played":"-4152811877413215246","potions_obtained":[{"floor":1,"key":"Strength Potion"},{"floor":4,"key":"Explosive Potion"},{"floor":13,"key":"SteroidPotion"},{"floor":16,"key":"BloodPotion"},{"floor":21,"key":"BloodPotion"},{"floor":22,"key":"FairyPotion"},{"floor":28,"key":"Explosive Potion"},{"floor":29,"key":"PowerPotion"},{"floor":35,"key":"SkillPotion"},{"floor":39,"key":"Strength Potion"},{"floor":40,"key":"Regen Potion"},{"floor":42,"key":"Fire Potion"}],"is_trial":false,"path_per_floor":["M","?","?","M","$","R","E","?","T","R","E","M","M","M","R","B",null,"M","?","?","M","M","R","E","$","T","R","M","M","E","$","R","B",null,"M","M","?","?","M","E","M","E","T","R","?","$","M","M","R","B",null],"character_chosen":"IRONCLAD","items_purchased":["Anger","PowerPotion","Bronze Scales","Inflame+1","Pear","Inflame+1"],"campfire_rested":5,"item_purchase_floors":[5,5,25,25,46,46],"current_hp_per_floor":[80,80,80,80,80,80,56,56,56,80,57,63,69,59,59,38,80,68,68,68,51,61,61,45,45,45,69,68,56,30,30,54,16,80,74,68,80,71,62,27,30,19,19,43,43,53,49,45,72,7],"gold":33,"neow_bonus":"HUNDRED_GOLD","is_prod":false,"is_daily":false,"chose_seed":false,"campfire_upgraded":3,"win_rate":0,"timestamp":1552276643,"path_taken":["M","?","?","?","$","R","E","?","T","R","E","M","M","?","R","BOSS","M","?","?","M","?","R","E","$","T","R","M","M","E","?","R","BOSS","M","M","?","?","M","E","M","E","T","R","?","$","?","M","R","BOSS"],"build_version":"2019-01-23","purchased_purges":3,"victory":true,"max_hp_per_floor":[80,80,80,80,80,80,80,80,80,80,80,80,80,80,80,80,80,80,80,80,80,80,80,80,80,80,80,80,80,80,80,80,80,80,80,80,80,80,80,80,80,80,80,80,80,90,90,90,90,90],"card_choices":[{"not_picked":["Iron Wave","Perfected Strike"],"picked":"Whirlwind","floor":1},{"not_picked":["Evolve","Perfected Strike"],"picked":"Wild Strike","floor":4},{"not_picked":["Anger","Sentinel","Armaments"],"picked":"SKIP","floor":7},{"not_picked":["Bludgeon","Wild Strike"],"picked":"Clothesline","floor":11},{"not_picked":["Pommel Strike+1","Iron Wave+1"],"picked":"Shrug It Off","floor":12},{"not_picked":["Rupture","Dropkick+1","Thunderclap+1"],"picked":"SKIP","floor":13},{"not_picked":["Dual Wield","Perfected Strike+1"],"picked":"Havoc","floor":14},{"not_picked":["Barricade","Berserk"],"picked":"Dark Embrace","floor":16},{"not_picked":["Clash+1","Shrug It Off+1"],"picked":"Feel No Pain","floor":18},{"not_picked":["Entrench","Thunderclap+1","Flex+1"],"picked":"SKIP","floor":21},{"not_picked":["Cleave+1","Headbutt+1"],"picked":"Ghostly Armor","floor":22},{"not_picked":["Sentinel","Sword Boomerang+1","Entrench"],"picked":"SKIP","floor":24},{"not_picked":["Cleave+1","Iron Wave+1","Seeing Red"],"picked":"SKIP","floor":28},{"not_picked":["Fire Breathing+1","Clothesline+1"],"picked":"Havoc","floor":29},{"not_picked":["Rampage+1","Headbutt+1"],"picked":"Fiend Fire+1","floor":30},{"not_picked":["Berserk+1","Fiend Fire+1"],"picked":"Brutality+1","floor":33},{"not_picked":["Armaments","Perfected Strike+1"],"picked":"Disarm","floor":35},{"not_picked":["Power Through","Flex"],"picked":"Armaments+1","floor":36},{"not_picked":["Clash+1","Wild Strike+1"],"picked":"Disarm","floor":38},{"not_picked":["Clothesline+1","Cleave+1"],"picked":"Juggernaut+1","floor":39},{"not_picked":["Wild Strike+1","Anger+1"],"picked":"Combust+1","floor":40},{"not_picked":["Havoc+1","Burning Pact"],"picked":"Corruption+1","floor":41},{"not_picked":["Wild Strike+1","Flex+1"],"picked":"Body Slam+1","floor":42},{"not_picked":["Perfected Strike+1","Wild Strike+1"],"picked":"Shrug It Off","floor":47},{"not_picked":["Thunderclap+1","Clothesline+1"],"picked":"Double Tap","floor":48}],"player_experience":321901,"relics_obtained":[{"floor":7,"key":"Bottled Flame"},{"floor":11,"key":"Molten Egg 2"},{"floor":24,"key":"Frozen Egg 2"},{"floor":26,"key":"Shovel"},{"floor":30,"key":"Centennial Puzzle"},{"floor":38,"key":"Ice Cream"},{"floor":40,"key":"Girya"},{"floor":42,"key":"Bottled Tornado"}],"event_choices":[{"damage_healed":0,"gold_gain":0,"player_choice":"Grow","damage_taken":0,"max_hp_gain":0,"max_hp_loss":0,"event_name":"Living Wall","floor":2,"gold_loss":0,"cards_upgraded":["Bash"]},{"damage_healed":0,"gold_gain":0,"player_choice":"Upgraded","damage_taken":0,"max_hp_gain":0,"max_hp_loss":0,"event_name":"Upgrade Shrine","floor":3,"gold_loss":0,"cards_upgraded":["Whirlwind"]},{"damage_healed":0,"gold_gain":0,"player_choice":"Rummage","damage_taken":0,"relics_obtained":["WarpedTongs"],"max_hp_gain":0,"max_hp_loss":0,"event_name":"Accursed Blacksmith","floor":8,"gold_loss":0,"cards_obtained":["Pain"]},{"damage_healed":0,"gold_gain":0,"player_choice":"Obtained Relic","damage_taken":0,"relics_obtained":["Happy Flower"],"max_hp_gain":0,"max_hp_loss":0,"event_name":"Addict","floor":19,"gold_loss":85},{"damage_healed":0,"gold_gain":100,"player_choice":"Bet on Murderer","damage_taken":0,"max_hp_gain":0,"max_hp_loss":0,"event_name":"The Joust","floor":20,"gold_loss":50},{"damage_healed":20,"gold_gain":0,"player_choice":"Writhe","damage_taken":0,"max_hp_gain":0,"max_hp_loss":0,"event_name":"Winding Halls","floor":37,"gold_loss":0,"cards_obtained":["Writhe"]},{"damage_healed":0,"gold_gain":0,"player_choice":"Fight","damage_taken":0,"max_hp_gain":0,"max_hp_loss":0,"event_name":"MindBloom","floor":38,"gold_loss":0},{"cards_removed":["Writhe"],"damage_healed":0,"gold_gain":0,"player_choice":"Card Removal","damage_taken":0,"max_hp_gain":0,"max_hp_loss":0,"event_name":"Wheel of Change","floor":45,"gold_loss":0}],"is_beta":false,"boss_relics":[{"not_picked":["Mark of Pain","Busted Crown"],"picked":"Cursed Key"},{"not_picked":["Black Blood","Sozu"],"picked":"Empty Cage"}],"items_purged_floors":[5,25,46],"is_endless":false,"potions_floor_spawned":[1,4,13,16,21,22,28,29,35,39,40,42,47],"ascension_level":4}