{"gold_per_floor":[112,112,2,12,30,30,30,30,53,68,83,83,98,159,159,259,259,269,52,52,52,72,100,100,100,100,100,100,120,120,137,137,239,239,256,276,292,167,186,186,186,43,43,74,3,3],"floor_reached":46,"playtime":2342,"items_purged":["Strike_G","Strike_G","Writhe"],"score":585,"play_id":"f527f2c7-2424-45fd-ab49-b9ce0b3a01c4","local_time":"20190518175454","is_ascension_mode":true,"campfire_choices":[{"data":"Noxious Fumes","floor":7.0,"key":"SMITH"},{"data":"Crippling Poison","floor":12.0,"key":"SMITH"},{"data":"Malaise","floor":15.0,"key":"SMITH"},{"floor":25,"key":"REST"},{"data":"Footwork","floor":28,"key":"SMITH"},{"data":"Adrenaline","floor":30,"key":"SMITH"},{"floor":32,"key":"REST"},{"floor":40,"key":"REST"}],"neow_cost":"NONE","seed_source_timestamp":310375299586609,"circlet_count":0,"master_deck":["Defend_G","Defend_G","Defend_G","Defend_G","Defend_G","Strike_G","Survivor","Neutralize+1","Crippling Poison+1","Noxious Fumes+1","Dagger Spray","Cloak And Dagger","PiercingWail","Malaise+1","Cloak And Dagger","Adrenaline+1","Footwork+1","PiercingWail","Leg Sweep","Flechettes","Blade Dance","Cloak And Dagger","Setup","Leg Sweep","Dodge and Roll","Wraith Form v2","Prepared+1","Backflip","Dodge and Roll","Expertise+1","Writhe","Well Laid Plans"],"special_seed":0,"relics":["Ring of the Snake","Anchor","Strawberry","Centennial Puzzle","Tiny Chest","Black Star","Paper Crane","Blood Vial","Tingsha","Singing Bowl","HoveringKite","Oddly Smooth Stone","Ice Cream","Smiling Mask"],"potions_floor_usage":[23,33,44,44],"damage_taken":[{"damage":2.0,"enemies":"Jaw Worm","floor":1.0,"turns":3.0},{"damage":0.0,"enemies":"Cultist","floor":4.0,"turns":5.0},{"damage":0.0,"enemies":"2 Louse","floor":5.0,"turns":3.0},{"damage":2.0,"enemies":"Exordium Thugs","floor":10.0,"turns":5.0},{"damage":5.0,"enemies":"Gremlin Gang","floor":11.0,"turns":4.0},{"damage":0.0,"enemies":"Lots of Slimes","floor":13.0,"turns":1.0},{"damage":24.0,"enemies":"Gremlin Nob","floor":14.0,"turns":4.0},{"damage":7.0,"enemies":"Hexaghost","floor":16.0,"turns":11.0},{"damage":14,"enemies":"2 Thieves","floor":18,"turns":4},{"damage":6,"enemies":"Shell Parasite","floor":22,"turns":11},{"damage":38,"enemies":"Gremlin Leader","floor":23,"turns":9},{"damage":0,"enemies":"Chosen and Byrds","floor":29,"turns":7},{"damage":3,"enemies":"Shelled Parasite and Fungi","floor":31,"turns":7},{"damage":18,"enemies":"Collector","floor":33,"turns":15},{"damage":2,"enemies":"Orb Walker","floor":35,"turns":4},{"damage":22,"enemies":"3 Darklings","floor":36,"turns":6},{"damage":7,"enemies":"Maw","floor":37,"turns":12},{"damage":20,"enemies":"4 Shapes","floor":39,"turns":5},{"damage":65,"enemies":"Reptomancer","floor":44,"turns":12},{"damage":30,"enemies":"Giant Head","floor":46,"turns":11}],"seed_played":"8613499483805640142","potions_obtained":[{"floor":1.0,"key":"FearPotion"},{"floor":5.0,"key":"Dexterity Potion"},{"floor":16.0,"key":"SteroidPotion"},{"floor":29,"key":"SteroidPotion"},{"floor":31,"key":"SkillPotion"},{"floor":33,"key":"SpeedPotion"},{"floor":36,"key":"Regen Potion"}],"is_trial":false,"path_per_floor":["M","?","$","M","M","?","R","$","T","M","M","R","M","E","R","B",null,"M","$","?","?","M","E","?","R","T","?","R","M","R","M","R","B",null,"M","M","M","$","M","R","?","$","T","E","$","E"],"character_chosen":"THE_SILENT","items_purchased":["Noxious Fumes","Footwork","PiercingWail","Oddly Smooth Stone","Well Laid Plans"],"campfire_rested":3,"item_purchase_floors":[3,19,19,42,45],"current_hp_per_floor":[68,68,68,68,68,75,75,75,75,73,68,68,68,44,44,37,67,53,53,53,53,47,9,9,32,32,32,32,34,34,33,56,40,68,68,48,43,43,25,48,67,67,67,21,21,0],"gold":3,"neow_bonus":"RANDOM_COMMON_RELIC","is_prod":false,"is_daily":false,"chose_seed":false,"campfire_upgraded":5,"win_rate":0,"timestamp":1558216494,"path_taken":["M","?","?","?","M","?","R","?","T","M","?","R","M","E","R","BOSS","M","?","?","?","M","E","?","R","T","?","R","M","R","M","R","BOSS","M","M","M","$","M","R","?","$","T","E","$","E"],"build_version":"2019-01-23","purchased_purges":3,"victory":false,"max_hp_per_floor":[70,70,70,70,70,77,77,77,77,77,77,77,77,77,77,77,77,77,77,77,77,77,77,77,77,77,77,77,77,77,77,77,77,77,77,77,77,77,77,77,77,77,77,79,79,79],"card_choices":[{"not_picked":["Poisoned Stab","Eviscerate"],"picked":"Crippling Poison","floor":1.0},{"not_picked":["Riddle With Holes","Distraction"],"picked":"Blade Dance","floor":4.0},{"not_picked":["Deflect","Outmaneuver"],"picked":"Dagger Spray","floor":5.0},{"not_picked":["Infinite Blades","Flying Knee"],"picked":"Cloak And Dagger","floor":10.0},{"not_picked":["Slice","Poisoned Stab"],"picked":"PiercingWail","floor":11.0},{"not_picked":["Riddle With Holes","Setup"],"picked":"Malaise","floor":13.0},{"not_picked":["Glass Knife","Grand Finale"],"picked":"Cloak And Dagger","floor":14.0},{"not_picked":["Corpse Explosion","Bullet Time"],"picked":"Adrenaline","floor":16.0},{"not_picked":["Heel Hook+1","Expertise","Dagger Throw+1"],"picked":"SKIP","floor":18},{"not_picked":["Terror+1","Flying Knee"],"picked":"Flechettes","floor":22},{"not_picked":["Masterful Stab","Backstab"],"picked":"Blade Dance","floor":23},{"not_picked":["Cloak And Dagger+1","Predator"],"picked":"Leg Sweep","floor":29},{"not_picked":["PiercingWail","Deflect"],"picked":"Dodge and Roll","floor":31},{"not_picked":["Envenom","Adrenaline"],"picked":"Wraith Form v2","floor":33},{"not_picked":["Eviscerate","Calculated Gamble"],"picked":"Prepared+1","floor":35},{"not_picked":["Dagger Throw","Flying Knee+1"],"picked":"Backflip","floor":36},{"not_picked":["All Out Attack","Heel Hook"],"picked":"Dodge and Roll","floor":37},{"not_picked":["Dagger Throw","Quick Slash"],"picked":"Expertise+1","floor":39},{"not_picked":["Predator","Prepared","Quick Slash+1"],"picked":"Singing Bowl","floor":44}],"player_experience":398460,"relics_obtained":[{"floor":9.0,"key":"Centennial Puzzle"},{"floor":14.0,"key":"Tiny Chest"},{"floor":23,"key":"Paper Crane"},{"floor":23,"key":"Blood Vial"},{"floor":26,"key":"Singing Bowl"},{"floor":44,"key":"Ice Cream"},{"floor":44,"key":"Smiling Mask"}],"event_choices":[{"damage_healed":0.0,"max_hp_gain":0.0,"max_hp_loss":0.0,"gold_gain":0.0,"event_name":"Living Wall","player_choice":"Grow","floor":2.0,"gold_loss":0.0,"damage_taken":0.0,"cards_upgraded":["Neutralize"]},{"cards_removed":["Blade Dance"],"damage_healed":0.0,"max_hp_gain":0.0,"max_hp_loss":0.0,"gold_gain":0.0,"event_name":"WeMeetAgain","player_choice":"Gave Card","floor":6.0,"gold_loss":0.0,"damage_taken":0.0,"relics_obtained":["Strawberry"]},{"damage_healed":0,"gold_gain":0,"player_choice":"Ignored","damage_taken":0,"max_hp_gain":0,"max_hp_loss":0,"event_name":"Vampires","floor":20,"gold_loss":0},{"damage_healed":0,"gold_gain":0,"player_choice":"Read","damage_taken":0,"max_hp_gain":0,"max_hp_loss":0,"event_name":"The Library","floor":21,"gold_loss":0,"cards_obtained":["Leg Sweep"]},{"damage_healed":0,"gold_gain":0,"player_choice":"Opened","damage_taken":0,"relics_obtained":["Tingsha"],"max_hp_gain":0,"max_hp_loss":0,"event_name":"The Mausoleum","floor":24,"gold_loss":0,"cards_obtained":["Writhe"]},{"damage_healed":0,"gold_gain":0,"cards_transformed":["Strike_G","Strike_G"],"player_choice":"Became Test Subject","damage_taken":0,"max_hp_gain":0,"max_hp_loss":0,"event_name":"Drug Dealer","floor":27,"gold_loss":0,"cards_obtained":["Cloak And Dagger","Setup"]},{"damage_healed":19,"gold_gain":0,"player_choice":"Writhe","damage_taken":0,"max_hp_gain":0,"max_hp_loss":0,"event_name":"Winding Halls","floor":41,"gold_loss":0,"cards_obtained":["Writhe"]}],"is_beta":false,"boss_relics":[{"not_picked":["White Beast Statue","Lizard Tail"],"picked":"Black Star"},{"not_picked":["Empty Cage","Busted Crown"],"picked":"HoveringKite"}],"items_purged_floors":[3,19,38],"is_endless":false,"potions_floor_spawned":[1,5,16,29,31,33,35,36],"killed_by":"Giant Head","ascension_level":5}