{"gold_per_floor":[13,13,13,32,48,48,81,1,53,82,92,110,140,205,205,302,302,319,331,351,351,368,395,395,407,434,459,476,493,493,512,512,608,608,624,624,624],"floor_reached":37,"playtime":2344,"items_purged":[],"score":483,"play_id":"c0e7bc8d-d323-49fb-a79d-2cad376e980e","local_time":"20181228141816","is_ascension_mode":false,"campfire_choices":[{"data":"Carnage","floor":6,"key":"SMITH"},{"data":"Armaments","floor":15,"key":"SMITH"},{"floor":30,"key":"REST"},{"floor":32,"key":"RECALL"}],"neow_cost":"NO_GOLD","seed_source_timestamp":434435705312899,"circlet_count":0,"master_deck":["Strike_R","Defend_R+1","Defend_R","Defend_R","Rampage+1","Flame Barrier+1","Carnage+1","Ghostly Armor","Feel No Pain","Headbutt","Pommel Strike","Armaments+1","Demon Form","Entrench+1","Reckless Charge+1","Barricade","Madness","Madness"],"relics":["Burning Blood","War Paint","Red Skull","Bag of Marbles","Turnip","Self Forming Clay","Sozu","Lantern","Pear","Oddly Smooth Stone","Empty Cage"],"potions_floor_usage":[10,16,33],"damage_taken":[{"damage":0,"enemies":"2 Louse","floor":1,"turns":3},{"damage":0,"enemies":"Small Slimes","floor":4,"turns":3},{"damage":1,"enemies":"Cultist","floor":5,"turns":4},{"damage":28,"enemies":"3 Sentries","floor":7,"turns":8},{"damage":12,"enemies":"Gremlin Nob","floor":10,"turns":4},{"damage":0,"enemies":"Red Slaver","floor":11,"turns":1},{"damage":0,"enemies":"3 Louse","floor":12,"turns":4},{"damage":8,"enemies":"3 Sentries","floor":13,"turns":7},{"damage":13,"enemies":"3 Sentries","floor":14,"turns":7},{"damage":0,"enemies":"Slime Boss","floor":16,"turns":6},{"damage":11,"enemies":"Spheric Guardian","floor":18,"turns":4},{"damage":7,"enemies":"3 Byrds","floor":19,"turns":5},{"damage":8,"enemies":"Centurion and Healer","floor":20,"turns":6},{"damage":10,"enemies":"Sentry and Sphere","floor":22,"turns":7},{"damage":33,"enemies":"Book of Stabbing","floor":23,"turns":7},{"damage":3,"enemies":"Snecko","floor":25,"turns":4},{"damage":21,"enemies":"Gremlin Leader","floor":27,"turns":7},{"damage":15,"enemies":"Cultist and Chosen","floor":28,"turns":6},{"damage":0,"enemies":"Centurion and Healer","floor":29,"turns":4},{"damage":0,"enemies":"Snake Plant","floor":31,"turns":6},{"damage":42,"enemies":"Automaton","floor":33,"turns":11},{"damage":1,"enemies":"3 Shapes","floor":35,"turns":5},{"damage":81,"enemies":"2 Orb Walkers","floor":37,"turns":6}],"seed_played":"-6812984667633562192","potions_obtained":[{"floor":1,"key":"SteroidPotion"},{"floor":5,"key":"Block Potion"},{"floor":10,"key":"Fire Potion"},{"floor":12,"key":"Ancient Potion"},{"floor":16,"key":"Dexterity Potion"}],"is_trial":false,"path_per_floor":["M","?","?","M","M","R","E","$","T","E","M","M","E","?","R","B",null,"M","M","M","?","M","E","?","M","T","E","M","M","R","M","R","B",null,"M","?","?"],"character_chosen":"IRONCLAD","items_purchased":["Feel No Pain"],"campfire_rested":1,"item_purchase_floors":[8],"current_hp_per_floor":[80,73,73,79,80,80,58,58,58,52,58,64,62,55,55,61,80,75,74,72,72,68,41,51,54,54,39,30,36,63,69,69,33,90,90,79,0],"gold":624,"neow_bonus":"TRANSFORM_TWO_CARDS","is_prod":false,"is_daily":false,"chose_seed":false,"campfire_upgraded":2,"win_rate":0,"timestamp":1545985096,"path_taken":["M","?","?","?","M","R","E","?","T","E","M","M","E","?","R","BOSS","M","M","M","?","M","E","?","?","T","E","M","M","R","M","R","BOSS","M","?","?"],"build_version":"2018-12-20","purchased_purges":0,"victory":false,"max_hp_per_floor":[80,80,80,80,80,80,80,80,80,80,80,80,80,80,80,80,80,80,80,80,80,80,80,90,90,90,90,90,90,90,90,90,90,90,90,90,90],"card_choices":[{"not_picked":["Seeing Red","Rupture","Cleave"],"picked":"SKIP","floor":1},{"not_picked":["Bloodletting","Searing Blow","Power Through"],"picked":"SKIP","floor":4},{"not_picked":["Flex","Armaments"],"picked":"Carnage","floor":5},{"not_picked":["Havoc","Clothesline"],"picked":"Ghostly Armor","floor":7},{"not_picked":["Whirlwind","Rupture","Anger"],"picked":"SKIP","floor":10},{"not_picked":["Metallicize","Flame Barrier"],"picked":"Headbutt","floor":11},{"not_picked":["Spot Weakness","Sword Boomerang","Iron Wave"],"picked":"SKIP","floor":12},{"not_picked":["Twin Strike","Berserk"],"picked":"Pommel Strike","floor":13},{"not_picked":["Intimidate","Pommel Strike"],"picked":"Armaments","floor":14},{"not_picked":["Impervious","Double Tap"],"picked":"Demon Form","floor":16},{"not_picked":["Anger","Sentinel","Sword Boomerang+1"],"picked":"SKIP","floor":18},{"not_picked":["Armaments","Twin Strike","Thunderclap"],"picked":"SKIP","floor":19},{"not_picked":["Shrug It Off","Rampage+1","Headbutt"],"picked":"SKIP","floor":20},{"not_picked":["Feel No Pain","Headbutt+1","Sentinel+1"],"picked":"SKIP","floor":22},{"not_picked":["Offering","Twin Strike"],"picked":"Entrench+1","floor":23},{"not_picked":["Pommel Strike","Clash+1","Seeing Red"],"picked":"SKIP","floor":25},{"not_picked":["Twin Strike","Juggernaut"],"picked":"Reckless Charge+1","floor":27},{"not_picked":["Clothesline","Entrench","Perfected Strike"],"picked":"SKIP","floor":28},{"not_picked":["Evolve","Clothesline","Sword Boomerang"],"picked":"SKIP","floor":29},{"not_picked":["Cleave","Hemokinesis","Perfected Strike"],"picked":"SKIP","floor":31},{"not_picked":["Berserk","Exhume"],"picked":"Barricade","floor":33},{"not_picked":["Cleave+1","Thunderclap","Sword Boomerang"],"picked":"SKIP","floor":35}],"player_experience":427525,"relics_obtained":[{"floor":7,"key":"War Paint"},{"floor":9,"key":"Red Skull"},{"floor":10,"key":"Bag of Marbles"},{"floor":13,"key":"Turnip"},{"floor":14,"key":"Self Forming Clay"},{"floor":23,"key":"Lantern"},{"floor":27,"key":"Oddly Smooth Stone"}],"event_choices":[{"cards_removed":["Strike_R"],"damage_healed":0,"gold_gain":0,"player_choice":"Card Removal","damage_taken":7,"max_hp_gain":0,"max_hp_loss":0,"event_name":"Golden Wing","floor":2,"gold_loss":0},{"damage_healed":0,"gold_gain":0,"player_choice":"Upgraded","damage_taken":0,"max_hp_gain":0,"max_hp_loss":0,"event_name":"Upgrade Shrine","floor":3,"gold_loss":0,"cards_upgraded":["Rampage"]},{"damage_healed":0,"gold_gain":0,"player_choice":"Searched \u00272\u0027 times","damage_taken":0,"max_hp_gain":0,"max_hp_loss":0,"event_name":"Dead Adventurer","floor":14,"gold_loss":0},{"cards_removed":["Strike_R"],"damage_healed":0,"gold_gain":0,"player_choice":"Elegance","damage_taken":0,"max_hp_gain":0,"max_hp_loss":0,"event_name":"Back to Basics","floor":21,"gold_loss":0},{"damage_healed":0,"gold_gain":0,"player_choice":"Gave Potion","damage_taken":0,"relics_obtained":["Pear"],"max_hp_gain":0,"max_hp_loss":0,"event_name":"WeMeetAgain","floor":24,"gold_loss":0},{"damage_healed":0,"gold_gain":0,"player_choice":"Embrace Madness","damage_taken":11,"max_hp_gain":0,"max_hp_loss":0,"event_name":"Winding Halls","floor":36,"gold_loss":0,"cards_obtained":["Madness","Madness"]},{"damage_healed":0,"gold_gain":0,"player_choice":"Fight","damage_taken":0,"max_hp_gain":0,"max_hp_loss":0,"event_name":"Mysterious Sphere","floor":37,"gold_loss":0}],"is_beta":false,"boss_relics":[{"not_picked":["Mark of Pain","Cursed Key"],"picked":"Sozu"},{"not_picked":["Lizard Tail","Coffee Dripper"],"picked":"Empty Cage"}],"items_purged_floors":[],"is_endless":false,"potions_floor_spawned":[1,5,10,12,14,16,20,27,28,29,31,33],"killed_by":"2 Orb Walkers","ascension_level":0}