{"gold_per_floor":[117,117,42,61,73,73,108,108,108,128,28,44,44,104,104,199,199,210,210,210,210,196,196,33,61,84,99,113,124,124,149,149,149],"floor_reached":33,"playtime":3574,"items_purged":["Strike_R","Strike_R","Strike_R"],"score":295,"play_id":"db1705b7-0a62-4285-97ae-63497d101535","local_time":"20181212135402","is_ascension_mode":false,"campfire_choices":[{"data":"Armaments","floor":6,"key":"SMITH"},{"data":"True Grit","floor":8,"key":"SMITH"},{"floor":15,"key":"REST"},{"floor":23,"key":"REST"},{"floor":30,"key":"REST"},{"floor":32,"key":"REST"}],"neow_cost":"PERCENT_DAMAGE","seed_source_timestamp":1619207447623359,"circlet_count":0,"master_deck":["Strike_R","Defend_R","Defend_R","Defend_R","Defend_R","Bash","Blind","Flash of Steel","True Grit+1","Armaments+1","Havoc","Headbutt","Impervious","Pommel Strike+1","Juggernaut","Feel No Pain","Shrug It Off","Feel No Pain","Shockwave","Barricade","Metallicize","Warcry"],"relics":["Black Blood","Question Card","Calipers","Tiny Chest","StoneCalendar","Juzu Bracelet","Matryoshka"],"potions_floor_usage":[7,10,14,22,31],"damage_taken":[{"damage":3,"enemies":"Jaw Worm","floor":1,"turns":4},{"damage":0,"enemies":"Cultist","floor":4,"turns":3},{"damage":7,"enemies":"2 Louse","floor":5,"turns":3},{"damage":25,"enemies":"Gremlin Nob","floor":7,"turns":5},{"damage":9,"enemies":"Large Slime","floor":10,"turns":6},{"damage":2,"enemies":"Lots of Slimes","floor":12,"turns":6},{"damage":19,"enemies":"3 Sentries","floor":14,"turns":13},{"damage":46,"enemies":"The Guardian","floor":16,"turns":14},{"damage":30,"enemies":"Chosen","floor":18,"turns":8},{"damage":12,"enemies":"2 Thieves","floor":22,"turns":5},{"damage":49,"enemies":"Gremlin Leader","floor":25,"turns":8},{"damage":16,"enemies":"Sentry and Sphere","floor":27,"turns":8},{"damage":16,"enemies":"Snake Plant","floor":28,"turns":7},{"damage":0,"enemies":"Cultist and Chosen","floor":29,"turns":7},{"damage":63,"enemies":"Slavers","floor":31,"turns":7},{"damage":50,"enemies":"Collector","floor":33,"turns":6}],"seed_played":"-2159951004547910524","potions_obtained":[{"floor":1,"key":"Strength Potion"},{"floor":5,"key":"FearPotion"},{"floor":12,"key":"BloodPotion"},{"floor":18,"key":"EssenceOfSteel"},{"floor":25,"key":"FairyPotion"},{"floor":28,"key":"SteroidPotion"}],"is_trial":false,"path_per_floor":["M","?","$","M","M","R","E","R","T","M","$","M","?","E","R","B",null,"M","?","?","?","M","R","$","E","T","M","M","M","R","E","R","B"],"character_chosen":"IRONCLAD","items_purchased":["Feel No Pain"],"campfire_rested":4,"item_purchase_floors":[24],"current_hp_per_floor":[59,59,59,65,64,64,45,45,45,42,42,46,39,34,58,18,80,60,60,60,60,58,80,80,41,41,35,29,39,63,18,42,0],"gold":149,"neow_bonus":"RANDOM_COLORLESS_2","is_prod":false,"is_daily":false,"chose_seed":false,"campfire_upgraded":2,"win_rate":0,"timestamp":1544601242,"path_taken":["M","?","$","M","M","R","E","R","T","M","?","M","?","E","R","BOSS","M","?","?","?","?","R","$","E","T","M","M","M","R","E","R","BOSS"],"build_version":"2018-12-06","purchased_purges":3,"victory":false,"max_hp_per_floor":[80,80,80,80,80,80,80,80,80,80,80,80,80,80,80,80,80,80,80,80,80,80,80,80,80,80,80,80,80,80,80,80,80],"card_choices":[{"not_picked":["Cleave","Perfected Strike"],"picked":"True Grit","floor":1},{"not_picked":["Thunderclap","Burning Pact","Body Slam"],"picked":"SKIP","floor":4},{"not_picked":["Iron Wave","Body Slam"],"picked":"Armaments","floor":5},{"not_picked":["Second Wind","Intimidate"],"picked":"Havoc","floor":7},{"not_picked":["Thunderclap","Warcry","Havoc"],"picked":"Headbutt","floor":10},{"not_picked":["Cleave","Seeing Red","Warcry"],"picked":"Impervious","floor":12},{"not_picked":["Shrug It Off","Anger","Hemokinesis"],"picked":"Pommel Strike","floor":14},{"not_picked":["Dark Embrace","Berserk","Feed"],"picked":"Juggernaut","floor":16},{"not_picked":["Cleave","Headbutt+1","Sever Soul+1"],"picked":"Feel No Pain","floor":18},{"not_picked":["Heavy Blade","Flex","Iron Wave"],"picked":"Shrug It Off","floor":22},{"not_picked":["Iron Wave","True Grit","Perfected Strike"],"picked":"Shockwave","floor":25},{"not_picked":["Iron Wave+1","Seeing Red","Perfected Strike+1"],"picked":"Barricade","floor":27},{"not_picked":["Shockwave","Anger","Pummel"],"picked":"Metallicize","floor":28},{"not_picked":["Clash+1","Armaments","Pummel"],"picked":"Warcry","floor":29},{"not_picked":["Wild Strike","Cleave","Dual Wield","Shockwave"],"picked":"SKIP","floor":31}],"player_experience":224248,"relics_obtained":[{"floor":7,"key":"Question Card"},{"floor":9,"key":"Calipers"},{"floor":14,"key":"Tiny Chest"},{"floor":25,"key":"StoneCalendar"},{"floor":26,"key":"Juzu Bracelet"},{"floor":31,"key":"Matryoshka"}],"event_choices":[{"damage_healed":0,"gold_gain":0,"player_choice":"Ignored","damage_taken":0,"max_hp_gain":0,"max_hp_loss":0,"event_name":"NoteForYourself","floor":2,"gold_loss":0},{"cards_removed":["Strike_R"],"damage_healed":0,"gold_gain":0,"player_choice":"Card Removal","damage_taken":7,"max_hp_gain":0,"max_hp_loss":0,"event_name":"Golden Wing","floor":13,"gold_loss":0},{"damage_healed":0,"gold_gain":0,"player_choice":"Ignored","damage_taken":0,"max_hp_gain":0,"max_hp_loss":0,"event_name":"Cursed Tome","floor":19,"gold_loss":0},{"damage_healed":0,"gold_gain":0,"player_choice":"Ignored","damage_taken":0,"max_hp_gain":0,"max_hp_loss":0,"event_name":"Vampires","floor":20,"gold_loss":0},{"damage_healed":0,"gold_gain":0,"player_choice":"Forge","damage_taken":0,"max_hp_gain":0,"max_hp_loss":0,"event_name":"Accursed Blacksmith","floor":21,"gold_loss":0,"cards_upgraded":["Pommel Strike"]}],"is_beta":false,"boss_relics":[{"not_picked":["Tiny House","White Beast Statue"],"picked":"Black Blood"}],"items_purged_floors":[3,11,24],"is_endless":false,"potions_floor_spawned":[1,5,12,18,25,28],"killed_by":"Collector","ascension_level":0}