{"gold_per_floor":[118,43,61,80,45,71,81,94,94,124,155,132,171,183],"floor_reached":14,"playtime":644,"items_purged":["Writhe"],"score":207,"play_id":"361c0c61-8b77-436f-a285-de5173be677a","local_time":"20190705132309","is_ascension_mode":true,"campfire_choices":[],"neow_cost":"CURSE","seed_source_timestamp":1270878585474487,"circlet_count":0,"master_deck":["AscendersBane","Strike_R","Strike_R","Strike_R","Strike_R","Strike_R","Defend_R","Defend_R","Defend_R","Defend_R","Bash","Feed","Rampage","Dropkick","Spot Weakness","Pummel","Power Through","True Grit","Iron Wave","Clothesline","Armaments"],"relics":["Burning Blood","Regal Pillow","MawBank","Pen Nib"],"potions_floor_usage":[10,13],"damage_taken":[{"damage":15,"enemies":"Cultist","floor":1,"turns":5},{"damage":5,"enemies":"2 Louse","floor":3,"turns":4},{"damage":9,"enemies":"Jaw Worm","floor":4,"turns":3},{"damage":25,"enemies":"3 Sentries","floor":6,"turns":7},{"damage":18,"enemies":"Exordium Wildlife","floor":7,"turns":6},{"damage":22,"enemies":"Large Slime","floor":8,"turns":6},{"damage":9,"enemies":"Blue Slaver","floor":10,"turns":4},{"damage":19,"enemies":"Lots of Slimes","floor":11,"turns":7},{"damage":33,"enemies":"Lagavulin","floor":13,"turns":10},{"damage":16,"enemies":"Exordium Wildlife","floor":14,"turns":3}],"seed_played":"2894630607714830062","potions_obtained":[{"floor":3,"key":"Block Potion"},{"floor":4,"key":"Weak Potion"},{"floor":10,"key":"SteroidPotion"},{"floor":13,"key":"Ancient Potion"}],"is_trial":false,"path_per_floor":["M","$","M","M","$","E","M","M","T","M","M","?","E","M"],"character_chosen":"IRONCLAD","items_purchased":["Pummel"],"campfire_rested":0,"item_purchase_floors":[5],"current_hp_per_floor":[62,62,66,66,66,50,41,28,28,28,18,42,15,0],"gold":183,"neow_bonus":"THREE_RARE_CARDS","is_prod":false,"is_daily":false,"chose_seed":false,"campfire_upgraded":0,"win_rate":0,"timestamp":1562350989,"path_taken":["M","$","M","M","?","E","M","M","T","M","M","?","E","M"],"build_version":"2019-07-01","purchased_purges":1,"victory":false,"max_hp_per_floor":[78,78,81,84,84,87,90,93,93,96,99,99,99,99],"card_choices":[{"not_picked":["Offering","Juggernaut"],"picked":"Feed","floor":0},{"not_picked":["Twin Strike","Flame Barrier"],"picked":"Rampage","floor":1},{"not_picked":["Burning Pact","Fire Breathing"],"picked":"Dropkick","floor":3},{"not_picked":["Heavy Blade","Shrug It Off"],"picked":"Spot Weakness","floor":4},{"not_picked":["Perfected Strike","Reckless Charge"],"picked":"Power Through","floor":6},{"not_picked":["Combust","Perfected Strike"],"picked":"True Grit","floor":7},{"not_picked":["Twin Strike","Perfected Strike"],"picked":"Iron Wave","floor":8},{"not_picked":["Clash","Pommel Strike"],"picked":"Clothesline","floor":10},{"not_picked":["Body Slam","Reckless Charge","Cleave"],"picked":"SKIP","floor":11},{"not_picked":["Thunderclap","Warcry"],"picked":"Armaments","floor":13}],"player_experience":344351,"relics_obtained":[{"floor":6,"key":"Regal Pillow"},{"floor":9,"key":"MawBank"},{"floor":13,"key":"Pen Nib"}],"event_choices":[{"damage_healed":24,"gold_gain":0,"player_choice":"Healed","damage_taken":0,"max_hp_gain":0,"max_hp_loss":0,"event_name":"The Cleric","floor":12,"gold_loss":35}],"is_beta":false,"boss_relics":[],"items_purged_floors":[2],"is_endless":false,"potions_floor_spawned":[3,4,7,10,13],"killed_by":"Exordium Wildlife","ascension_level":15}