{"gold_per_floor":[20,36,36,36,48,48,62,62,115,115,125,151,170,191,191,268,268,278,39,39,64,76,76,94,121,121,152,152,172,172,204,204,279,279,290,300,225,243,262,293,304,337,337,337,365,365,376,389,389,389,389,389,389,13,41,41],"floor_reached":57,"playtime":4022,"items_purged":[],"score":3058,"play_id":"2f8096f8-fa50-4ed6-a713-9fb8e824d9c8","local_time":"20190803151413","is_ascension_mode":true,"campfire_choices":[{"data":"Corpse Explosion","floor":6,"key":"SMITH"},{"data":"Deadly Poison","floor":8,"key":"SMITH"},{"data":"Neutralize","floor":10,"key":"SMITH"},{"data":"Malaise","floor":15,"key":"SMITH"},{"data":"Catalyst","floor":23,"key":"SMITH"},{"data":"Well Laid Plans","floor":30,"key":"SMITH"},{"data":"Prepared","floor":32,"key":"SMITH"},{"floor":46,"key":"RECALL"},{"floor":49,"key":"REST"},{"data":"Burst","floor":53,"key":"SMITH"}],"neow_cost":"NO_GOLD","seed_source_timestamp":28670818418222,"circlet_count":0,"master_deck":["AscendersBane","Strike_G+1","Strike_G+1","Strike_G+1","Defend_G+1","Defend_G+1","Defend_G+1","Defend_G+1","Defend_G+1","Survivor+1","Neutralize+1","Deadly Poison+1","Flying Knee","Corpse Explosion+1","Dagger Throw","Dagger Throw","Malaise+1","Dagger Throw","Adrenaline","Deadly Poison+1","PiercingWail","Prepared+1","Catalyst+1","Reflex","Envenom","Crippling Poison+1","Sucker Punch","Phantasmal Killer","PiercingWail+1","Adrenaline","PiercingWail+1","Prepared+1","Burst+1","Shame"],"relics":["Ring of the Snake","Tough Bandages","War Paint","Dream Catcher","Odd Mushroom","Cursed Key","Snake Skull","Red Mask","Regal Pillow","Calipers","Vajra","Runic Pyramid","Letter Opener","Gambling Chip","Blue Candle","TwistedFunnel","Centennial Puzzle","Ice Cream"],"potions_floor_usage":[56],"damage_taken":[{"damage":4,"enemies":"Cultist","floor":1,"turns":7},{"damage":0,"enemies":"2 Louse","floor":2,"turns":4},{"damage":4,"enemies":"Jaw Worm","floor":5,"turns":4},{"damage":3,"enemies":"Blue Slaver","floor":7,"turns":4},{"damage":0,"enemies":"3 Louse","floor":11,"turns":1},{"damage":0,"enemies":"3 Sentries","floor":12,"turns":2},{"damage":0,"enemies":"Exordium Wildlife","floor":13,"turns":5},{"damage":0,"enemies":"The Mushroom Lair","floor":14,"turns":2},{"damage":12,"enemies":"The Guardian","floor":16,"turns":11},{"damage":0,"enemies":"3 Byrds","floor":18,"turns":2},{"damage":5,"enemies":"Masked Bandits","floor":21,"turns":2},{"damage":5,"enemies":"Shell Parasite","floor":22,"turns":5},{"damage":4,"enemies":"Centurion and Healer","floor":24,"turns":3},{"damage":11,"enemies":"Gremlin Leader","floor":25,"turns":5},{"damage":2,"enemies":"Book of Stabbing","floor":27,"turns":5},{"damage":0,"enemies":"Snake Plant","floor":29,"turns":3},{"damage":2,"enemies":"Gremlin Leader","floor":31,"turns":4},{"damage":2,"enemies":"Champ","floor":33,"turns":7},{"damage":0,"enemies":"Orb Walker","floor":35,"turns":3},{"damage":0,"enemies":"3 Shapes","floor":36,"turns":3},{"damage":0,"enemies":"Sphere and 2 Shapes","floor":38,"turns":3},{"damage":2,"enemies":"Writhing Mass","floor":39,"turns":5},{"damage":31,"enemies":"Reptomancer","floor":40,"turns":8},{"damage":5,"enemies":"Spire Growth","floor":41,"turns":4},{"damage":1,"enemies":"Giant Head","floor":42,"turns":6},{"damage":0,"enemies":"Reptomancer","floor":45,"turns":2},{"damage":0,"enemies":"Sphere and 2 Shapes","floor":47,"turns":4},{"damage":0,"enemies":"Maw","floor":48,"turns":3},{"damage":0,"enemies":"Time Eater","floor":50,"turns":6},{"damage":0,"enemies":"Donu and Deca","floor":51,"turns":4},{"damage":2,"enemies":"Shield and Spear","floor":55,"turns":4},{"damage":2,"enemies":"The Heart","floor":56,"turns":8}],"seed_played":"7815079408024984138","potions_obtained":[{"floor":7,"key":"EssenceOfSteel"},{"floor":11,"key":"EssenceOfSteel"},{"floor":14,"key":"Block Potion"},{"floor":21,"key":"AttackPotion"},{"floor":22,"key":"Poison Potion"},{"floor":29,"key":"GhostInAJar"}],"is_trial":false,"path_per_floor":["M","M","?","?","M","R","M","R","T","R","M","E","M","?","R","B",null,"M","$","?","?","M","R","M","E","T","E","?","M","R","E","R","B",null,"M","M","?","M","M","E","M","E","T","?","E","R","M","M","R","B","B",null,"R","$","E","B",null],"character_chosen":"THE_SILENT","items_purchased":["Snake Skull","GhostInAJar","TwistedFunnel","Centennial Puzzle"],"campfire_rested":1,"item_purchase_floors":[19,19,54,54],"current_hp_per_floor":[55,55,55,55,51,51,48,48,48,48,48,48,48,48,48,36,59,59,59,59,54,49,49,45,34,34,32,32,32,32,30,30,28,57,57,57,57,57,55,24,19,18,18,18,18,18,18,18,52,52,52,63,63,63,61,59],"gold":41,"neow_bonus":"ONE_RARE_RELIC","is_prod":false,"is_daily":false,"chose_seed":false,"campfire_upgraded":8,"win_rate":0,"timestamp":1564859653,"path_taken":["M","?","?","?","M","R","M","R","T","R","M","E","M","?","R","BOSS","M","$","?","?","M","R","M","E","T","E","?","?","R","E","R","BOSS","M","M","?","?","M","E","M","E","T","?","E","R","M","M","R","BOSS","BOSS","R","$","E","BOSS"],"build_version":"2019-07-17","purchased_purges":0,"victory":true,"max_hp_per_floor":[66,66,66,66,66,66,66,66,66,66,66,66,66,66,66,66,66,66,66,66,66,66,66,66,66,66,66,66,66,66,66,66,66,66,66,66,66,66,66,66,66,66,66,66,66,66,66,66,66,66,66,66,66,66,66,66],"card_choices":[{"not_picked":["Poisoned Stab","Quick Slash"],"picked":"Deadly Poison","floor":1},{"not_picked":["PiercingWail","Acrobatics"],"picked":"Flying Knee","floor":2},{"not_picked":["Dodge and Roll","Prepared"],"picked":"Corpse Explosion","floor":5},{"not_picked":["Blade Dance","Slice"],"picked":"Dagger Throw","floor":7},{"not_picked":["Outmaneuver","Prepared"],"picked":"Dagger Throw","floor":11},{"not_picked":["Predator","Burst"],"picked":"Malaise","floor":12},{"not_picked":["Flechettes","Quick Slash","Slice"],"picked":"SKIP","floor":13},{"not_picked":["Skewer","Masterful Stab"],"picked":"Dagger Throw","floor":14},{"not_picked":["Corpse Explosion","Unload"],"picked":"Adrenaline","floor":16},{"not_picked":["Slice","Quick Slash"],"picked":"Deadly Poison+1","floor":18},{"not_picked":["Flying Knee","Infinite Blades"],"picked":"Prepared","floor":21},{"not_picked":["Backflip+1","Dodge and Roll"],"picked":"Catalyst","floor":22},{"not_picked":["Dodge and Roll","Skewer","Bouncing Flask"],"picked":"SKIP","floor":24},{"not_picked":["Bane","Deflect"],"picked":"Reflex","floor":25},{"not_picked":["Slice","Eviscerate"],"picked":"Well Laid Plans","floor":27},{"not_picked":["Deadly Poison","Setup"],"picked":"Envenom","floor":29},{"not_picked":["Well Laid Plans","Backstab","Bouncing Flask"],"picked":"SKIP","floor":31},{"not_picked":["Bane+1","Blade Dance","Underhanded Strike"],"picked":"SKIP","floor":35},{"not_picked":["Outmaneuver","Expertise"],"picked":"Crippling Poison+1","floor":36},{"not_picked":["Dagger Throw","Bane"],"picked":"PiercingWail+1","floor":38},{"not_picked":["Slice","Backstab+1"],"picked":"Adrenaline","floor":39},{"not_picked":["Sucker Punch","Blade Dance"],"picked":"PiercingWail+1","floor":40},{"not_picked":["Heel Hook","Underhanded Strike"],"picked":"Prepared+1","floor":41},{"not_picked":["Leg Sweep","After Image"],"picked":"Burst","floor":42},{"not_picked":["Masterful Stab","Infinite Blades","Underhanded Strike"],"picked":"SKIP","floor":45},{"not_picked":["Endless Agony+1","Concentrate","Acrobatics"],"picked":"SKIP","floor":47},{"not_picked":["Poisoned Stab","Backflip","Blade Dance"],"picked":"SKIP","floor":48},{"not_picked":["Riddle With Holes","Well Laid Plans","Crippling Poison"],"picked":"SKIP","floor":55},{"not_picked":["Riddle With Holes","Well Laid Plans","Crippling Poison"],"picked":"SKIP","floor":55}],"player_experience":2330915,"relics_obtained":[{"floor":9,"key":"War Paint"},{"floor":12,"key":"Dream Catcher"},{"floor":14,"key":"Odd Mushroom"},{"floor":21,"key":"Red Mask"},{"floor":25,"key":"Regal Pillow"},{"floor":27,"key":"Calipers"},{"floor":31,"key":"Vajra"},{"floor":40,"key":"Letter Opener"},{"floor":42,"key":"Gambling Chip"},{"floor":45,"key":"Blue Candle"},{"floor":55,"key":"Ice Cream"}],"event_choices":[{"damage_healed":0,"gold_gain":0,"player_choice":"Leave","damage_taken":0,"max_hp_gain":0,"max_hp_loss":0,"event_name":"The Cleric","floor":3,"gold_loss":0},{"damage_healed":0,"gold_gain":0,"player_choice":"Ignored","damage_taken":0,"max_hp_gain":0,"max_hp_loss":0,"event_name":"Liars Game","floor":4,"gold_loss":0},{"damage_healed":0,"gold_gain":0,"player_choice":"Fought Mushrooms","damage_taken":0,"max_hp_gain":0,"max_hp_loss":0,"event_name":"Mushrooms","floor":14,"gold_loss":0},{"damage_healed":0,"gold_gain":0,"player_choice":"Read","damage_taken":0,"max_hp_gain":0,"max_hp_loss":0,"event_name":"The Library","floor":20,"gold_loss":0,"cards_obtained":["PiercingWail"]},{"damage_healed":0,"gold_gain":0,"player_choice":"Fought Bandits","damage_taken":0,"max_hp_gain":0,"max_hp_loss":0,"event_name":"Masked Bandits","floor":21,"gold_loss":0},{"damage_healed":0,"gold_gain":0,"player_choice":"Simplicity","damage_taken":0,"max_hp_gain":0,"max_hp_loss":0,"event_name":"Back to Basics","floor":28,"gold_loss":0,"cards_upgraded":["Strike_G","Strike_G","Strike_G","Strike_G","Strike_G","Defend_G","Defend_G","Defend_G","Defend_G"]},{"damage_healed":0,"gold_gain":0,"cards_transformed":["Strike_G","Well Laid Plans"],"player_choice":"Transformed Cards","damage_taken":0,"max_hp_gain":0,"max_hp_loss":0,"event_name":"Designer","floor":37,"gold_loss":75,"cards_obtained":["Sucker Punch","Phantasmal Killer"]},{"cards_removed":["Strike_G"],"damage_healed":0,"gold_gain":0,"player_choice":"Removed Attack","damage_taken":0,"max_hp_gain":0,"max_hp_loss":0,"event_name":"Falling","floor":44,"gold_loss":0}],"is_beta":false,"boss_relics":[{"not_picked":["Tiny House","Empty Cage"],"picked":"Cursed Key"},{"not_picked":["Calling Bell","White Beast Statue"],"picked":"Runic Pyramid"}],"items_purged_floors":[],"is_endless":false,"potions_floor_spawned":[7,11,14,21,22,25,27,29,31,35,38,45,47,48],"ascension_level":20}