{"gold_per_floor":[116,133,58,133,133,166,166,166,166,178,178,195,195,74,74,74],"floor_reached":16,"playtime":363,"items_purged":["Strike_R","Strike_R"],"score":98,"play_id":"7a820acc-10c0-4505-b401-3e7601715563","local_time":"20190806232538","is_ascension_mode":false,"campfire_choices":[{"data":"Bash","floor":8,"key":"SMITH"},{"data":"Dropkick","floor":13,"key":"SMITH"},{"data":"Clothesline","floor":15,"key":"SMITH"}],"neow_cost":"NONE","seed_source_timestamp":100833083130118,"circlet_count":0,"master_deck":["Strike_R","Strike_R","Defend_R","Defend_R","Defend_R","Defend_R","Bash+1","Dropkick+1","True Grit+1","Clothesline+1"],"relics":["Burning Blood","The Courier","GremlinMask","Toxic Egg 2"],"potions_floor_usage":[6],"damage_taken":[{"damage":5,"enemies":"Small Slimes","floor":1,"turns":4},{"damage":2,"enemies":"2 Louse","floor":2,"turns":4},{"damage":26,"enemies":"Lagavulin","floor":6,"turns":6},{"damage":6,"enemies":"Cultist","floor":10,"turns":4},{"damage":10,"enemies":"Large Slime","floor":12,"turns":6},{"damage":56,"enemies":"Slime Boss","floor":16,"turns":12}],"seed_played":"-3687692387779365068","potions_obtained":[{"floor":1,"key":"Weak Potion"}],"is_trial":false,"path_per_floor":["M","M","$","?","?","E","?","R","T","M","?","M","R","$","R","B"],"character_chosen":"IRONCLAD","items_purchased":["Clothesline"],"campfire_rested":0,"item_purchase_floors":[14],"current_hp_per_floor":[88,88,88,77,77,57,57,57,57,57,62,58,58,58,58,2],"gold":74,"neow_bonus":"TEN_PERCENT_HP_BONUS","is_prod":false,"is_daily":false,"chose_seed":false,"campfire_upgraded":3,"win_rate":0,"timestamp":1565148338,"path_taken":["M","M","$","?","?","E","?","R","T","?","?","M","R","$","R","BOSS"],"build_version":"2019-07-17","purchased_purges":2,"victory":false,"max_hp_per_floor":[88,88,88,88,88,88,88,88,88,88,93,93,93,93,93,93],"card_choices":[{"not_picked":["Burning Pact","Armaments","Headbutt"],"picked":"SKIP","floor":1},{"not_picked":["Pommel Strike","Heavy Blade"],"picked":"Dropkick","floor":2},{"not_picked":["Flex","Infernal Blade","Wild Strike"],"picked":"SKIP","floor":6},{"not_picked":["Dark Embrace","Clash","Anger"],"picked":"SKIP","floor":10},{"not_picked":["Body Slam","Clothesline"],"picked":"True Grit+1","floor":12}],"player_experience":753294,"relics_obtained":[{"floor":6,"key":"The Courier"},{"floor":9,"key":"Toxic Egg 2"}],"event_choices":[{"damage_healed":0,"gold_gain":75,"player_choice":"Gather Gold","damage_taken":11,"max_hp_gain":0,"max_hp_loss":0,"event_name":"World of Goop","floor":4,"gold_loss":0},{"cards_removed":["Strike_R"],"damage_healed":0,"gold_gain":0,"player_choice":"Forget","damage_taken":0,"max_hp_gain":0,"max_hp_loss":0,"event_name":"Living Wall","floor":5,"gold_loss":0},{"damage_healed":0,"gold_gain":0,"player_choice":"Trade","damage_taken":0,"relics_obtained":["GremlinMask"],"max_hp_gain":0,"max_hp_loss":0,"event_name":"FaceTrader","floor":7,"gold_loss":0},{"damage_healed":0,"gold_gain":0,"player_choice":"Donut","damage_taken":0,"max_hp_gain":5,"max_hp_loss":0,"event_name":"Big Fish","floor":11,"gold_loss":0}],"is_beta":false,"boss_relics":[],"items_purged_floors":[3,14],"is_endless":false,"potions_floor_spawned":[1,10],"killed_by":"Slime Boss","ascension_level":0}