{"path_per_floor":["M","M","?","?","M","E","R","E","T","?","$","R","M","?","R","B",null,"M","?","M","M","$","E","$","R","T","R","E","M","M","?","R","B",null,"M","?","M","?","M","E","R","M","T","R","$","M","R","M","R"],"character_chosen":"THE_SILENT","items_purchased":["Bottled Flame","Noxious Fumes","Noxious Fumes"],"gold_per_floor":[109,119,119,219,236,266,266,291,291,291,38,38,52,52,52,153,153,166,166,186,198,42,68,68,68,118,118,149,167,183,108,108,206,206,226,226,236,236,254,279,279,289,289,289,111,127,127,137,137],"floor_reached":50,"campfire_rested":7,"playtime":4408,"current_hp_per_floor":[67,67,71,71,71,62,62,72,72,72,72,72,72,72,72,64,77,62,46,39,39,39,9,9,32,32,55,46,46,46,46,69,39,77,75,75,60,60,51,10,33,36,36,59,59,55,77,66,77],"items_purged":["Defend_G","Strike_G"],"gold":137,"play_id":"ef580320-7056-4099-be52-8b888e480fdb","is_prod":false,"is_daily":false,"is_ascension_mode":false,"campfire_upgraded":3,"path_taken":["M","M","?","?","M","E","R","E","T","?","$","R","M","?","R","BOSS","M","?","?","M","?","E","$","R","T","R","E","M","M","?","R","BOSS","M","?","M","?","M","E","R","M","T","R","$","?","R","M","R","BOSS"],"build_version":"2018-01-25-PROD3","purchased_purges":3,"victory":false,"master_deck":["Defend_G","Defend_G","Strike_G","Survivor","Neutralize+1","Sucker Punch+1","Deflect","Cloak And Dagger","Noxious Fumes+1","Well Laid Plans","Die Die Die+1","Unload","Quick Slash+1","Quick Slash","Backflip","Noxious Fumes","Prepared+1","Quick Slash","Distraction","Dagger Spray","Die Die Die","Bane+1","Blur+1","Crippling Poison+1","Quick Slash+1","Prepared+1","Crippling Poison","Poisoned Stab+1","Bane","Bane","Noxious Fumes","Bouncing Flask","Cloak And Dagger+1"],"max_hp_per_floor":[70,70,77,77,77,77,77,77,77,77,77,77,77,77,77,77,77,77,77,77,77,77,77,77,77,77,77,77,77,77,77,77,77,77,77,77,77,77,77,77,77,77,77,77,77,77,77,77,77],"relics":["Ring of the Snake","Strawberry","Paper Crane","Frozen Eye","Molten Egg","Bottled Flame","Mummified Hand","The Specimen","Enchiridion","Gremlin Horn","Orichalcum","Bag of Marbles","Astrolabe","Bronze Scales","Dodecahedron"],"card_choices":[{"not_picked":["Acrobatics","PiercingWail"],"picked":"Sucker Punch"},{"not_picked":["Riddle With Holes","Leg Sweep"],"picked":"Deflect"},{"not_picked":["Flying Knee","Dodge and Roll"],"picked":"Cloak And Dagger"},{"not_picked":["Choke","Acrobatics"],"picked":"Noxious Fumes"},{"not_picked":["Choke","Backstab"],"picked":"Well Laid Plans"},{"not_picked":["Slice","Choke"],"picked":"Die Die Die"},{"not_picked":["Burst","Corpse Explosion"],"picked":"Unload"},{"not_picked":["Footwork","Dodge and Roll"],"picked":"Quick Slash"},{"not_picked":["Terror","Poisoned Stab"],"picked":"Quick Slash"},{"not_picked":["Flechettes","Blur"],"picked":"Backflip"},{"not_picked":["Riddle With Holes","Calculated Gamble"],"picked":"Prepared"},{"not_picked":["Cloak And Dagger","Malaise"],"picked":"Quick Slash"},{"not_picked":["Bane","Predator"],"picked":"Distraction"},{"not_picked":["Choke","Outmaneuver"],"picked":"Dagger Spray"},{"not_picked":["Corpse Explosion","Doppelganger"],"picked":"Die Die Die"},{"not_picked":["Flying Knee","Eviscerate"],"picked":"Quick Slash"},{"not_picked":["Quick Slash","Blur"],"picked":"Prepared"},{"not_picked":["Backstab","Quick Slash"],"picked":"Poisoned Stab"},{"not_picked":["Venomology","Cloak And Dagger"],"picked":"Bane"},{"not_picked":["Choke","Poisoned Stab"],"picked":"Bane"},{"not_picked":["Slice","Deadly Poison"],"picked":"Bouncing Flask"},{"not_picked":["Dash","Deadly Poison"],"picked":"Cloak And Dagger"}],"player_experience":65609,"potions_floor_usage":[5,6,6,8,13,16,18,20,20,21,23,23,28,28,30,30,30,35,37,39,40,42,46,50],"damage_taken":[{"damage":3,"enemies":"Jaw Worm","floor":1,"turns":6},{"damage":0,"enemies":"Small Slimes","floor":2,"turns":4},{"damage":0,"enemies":"Cultist","floor":5,"turns":2},{"damage":9,"enemies":"3 Sentries","floor":6,"turns":7},{"damage":5,"enemies":"Lagavulin","floor":8,"turns":10},{"damage":0,"enemies":"Exordium Wildlife","floor":13,"turns":6},{"damage":8,"enemies":"Hexaghost","floor":16,"turns":10},{"damage":15,"enemies":"Shell Parasite","floor":18,"turns":8},{"damage":7,"enemies":"3 Byrds","floor":20,"turns":3},{"damage":0,"enemies":"Snecko","floor":21,"turns":5},{"damage":30,"enemies":"Gremlin Leader","floor":23,"turns":5},{"damage":9,"enemies":"Book of Stabbing","floor":28,"turns":6},{"damage":0,"enemies":"Centurion and Healer","floor":29,"turns":4},{"damage":0,"enemies":"Slaver and Parasite","floor":30,"turns":3},{"damage":30,"enemies":"Collector","floor":33,"turns":8},{"damage":2,"enemies":"Orb Walker","floor":35,"turns":4},{"damage":15,"enemies":"3 Shapes","floor":37,"turns":2},{"damage":9,"enemies":"Maw","floor":39,"turns":7},{"damage":41,"enemies":"Giant Head","floor":40,"turns":10},{"damage":6,"enemies":"4 Shapes","floor":42,"turns":3},{"damage":4,"enemies":"3 Darklings","floor":46,"turns":3},{"damage":11,"enemies":"Maw","floor":48,"turns":6},{"damage":80,"enemies":"Time Eater","floor":50,"turns":11}],"event_choices":[{"event_name":"Scrap Ooze","player_choice":"success","floor":3,"damage_taken":3},{"event_name":"Golden Shrine","player_choice":"Pray","floor":4,"damage_taken":0},{"event_name":"The Lab","player_choice":"Got Potions","floor":10,"damage_taken":0},{"event_name":"Dead Adventurer","player_choice":"Searched \u00271\u0027 times","floor":14,"damage_taken":0},{"event_name":"Cursed Tome","player_choice":"Obtained Book","floor":19,"damage_taken":0},{"event_name":"Beggar","player_choice":"Gave Gold","floor":31,"damage_taken":0},{"event_name":"Transmorgrifier","player_choice":"Transform","floor":38,"damage_taken":0}],"boss_relics":[{"not_picked":["Calling Bell","Black Star"],"picked":"The Specimen"},{"not_picked":["Runic Dome","Orrery"],"picked":"Astrolabe"}],"potions_floor_spawned":[2,8,13,20,23,30,33,37,39,40,48],"seed_played":"8613267639475843382","killed_by":"Time Eater","ascension_level":0,"is_trial":false}