{"gold_per_floor":[116,129,129,145,162,162,162,191,191,226,238,265,291,332,344,356],"floor_reached":16,"playtime":660,"items_purged":[],"score":180,"play_id":"f43b86e0-e294-47f8-8dd5-907663ae248b","local_time":"20190620181241","is_ascension_mode":true,"campfire_choices":[{"data":"Twin Strike","floor":6,"key":"SMITH"},{"data":"Infernal Blade","floor":11,"key":"SMITH"},{"data":"Spot Weakness","floor":15,"key":"SMITH"}],"neow_cost":"NONE","seed_source_timestamp":766759167970063,"circlet_count":0,"master_deck":["Strike_R","Strike_R","Strike_R","Strike_R","Defend_R","Defend_R","Defend_R","Defend_R","Bash","Reaper","Twin Strike+1","Wild Strike","Battle Trance","Infernal Blade+1","Spot Weakness+1","Shockwave","Juggernaut","Sentinel"],"relics":["Burning Blood","Anchor","The Courier","MawBank","Calipers"],"potions_floor_usage":[7,14,16,16],"damage_taken":[{"damage":13,"enemies":"2 Louse","floor":1,"turns":2},{"damage":15,"enemies":"Cultist","floor":2,"turns":5},{"damage":0,"enemies":"Small Slimes","floor":4,"turns":3},{"damage":13,"enemies":"Blue Slaver","floor":5,"turns":3},{"damage":0,"enemies":"Exordium Wildlife","floor":7,"turns":1},{"damage":37,"enemies":"Lagavulin","floor":8,"turns":7},{"damage":20,"enemies":"3 Sentries","floor":10,"turns":5},{"damage":1,"enemies":"Looter","floor":12,"turns":2},{"damage":13,"enemies":"Large Slime","floor":13,"turns":5},{"damage":25,"enemies":"Lagavulin","floor":14,"turns":5},{"damage":65,"enemies":"Hexaghost","floor":16,"turns":9}],"seed_played":"6448646475213903703","potions_obtained":[{"floor":2,"key":"Ancient Potion"},{"floor":5,"key":"SmokeBomb"},{"floor":10,"key":"GamblersBrew"},{"floor":13,"key":"Fire Potion"},{"floor":14,"key":"SkillPotion"}],"is_trial":false,"path_per_floor":["M","M","?","M","M","R","M","E","T","E","R","M","M","E","R","B"],"character_chosen":"IRONCLAD","items_purchased":[],"campfire_rested":0,"item_purchase_floors":[],"current_hp_per_floor":[73,68,68,75,74,74,80,49,49,56,56,61,62,43,43,0],"gold":356,"neow_bonus":"ONE_RANDOM_RARE_CARD","is_prod":false,"is_daily":false,"chose_seed":false,"campfire_upgraded":3,"win_rate":0,"timestamp":1561072361,"path_taken":["M","M","?","M","M","R","M","E","T","E","R","?","M","E","R","BOSS"],"build_version":"2019-01-23","purchased_purges":0,"victory":false,"max_hp_per_floor":[80,80,80,80,80,80,80,80,80,80,80,80,80,80,80,80],"card_choices":[{"not_picked":["Sword Boomerang","Disarm"],"picked":"Twin Strike","floor":1},{"not_picked":["Armaments","Twin Strike"],"picked":"Wild Strike","floor":2},{"not_picked":["Sword Boomerang","Burning Pact"],"picked":"Battle Trance","floor":4},{"not_picked":["Combust","Twin Strike"],"picked":"Infernal Blade","floor":5},{"not_picked":["Wild Strike","Perfected Strike"],"picked":"Spot Weakness","floor":8},{"not_picked":["Sentinel","Feel No Pain"],"picked":"Shockwave","floor":10},{"not_picked":["Headbutt","Clothesline"],"picked":"Juggernaut","floor":12},{"not_picked":["Wild Strike","Heavy Blade"],"picked":"Sentinel","floor":13},{"not_picked":["Bloodletting","Anger","Cleave"],"picked":"SKIP","floor":14}],"player_experience":224930,"relics_obtained":[{"floor":8,"key":"Anchor"},{"floor":9,"key":"The Courier"},{"floor":10,"key":"MawBank"},{"floor":14,"key":"Calipers"}],"event_choices":[{"cards_removed":["Strike_R"],"damage_healed":0,"gold_gain":0,"player_choice":"Offered Basic","damage_taken":0,"max_hp_gain":0,"max_hp_loss":0,"event_name":"Bonfire Elementals","floor":3,"gold_loss":0}],"is_beta":false,"boss_relics":[],"items_purged_floors":[],"is_endless":false,"potions_floor_spawned":[2,5,10,13,14],"killed_by":"Hexaghost","ascension_level":9}