{"gold_per_floor":[114,39,52,52,52,67,99,117,117,192,205,170,170,190,190,190],"floor_reached":16,"playtime":713,"items_purged":["Defend_R"],"score":112,"play_id":"392f2e16-9ede-4023-a972-bfe2dbdf19fb","local_time":"20190727173946","is_ascension_mode":true,"campfire_choices":[{"data":"Body Slam","floor":13,"key":"SMITH"},{"data":"Shrug It Off","floor":15,"key":"SMITH"}],"neow_cost":"NONE","seed_source_timestamp":199753768107942,"circlet_count":0,"master_deck":["Strike_R","Strike_R","Strike_R","Strike_R","Strike_R","Defend_R","Defend_R","Defend_R","Bash+1","Ghostly Armor","Pommel Strike","Shrug It Off+1","Body Slam+1","Perfected Strike","Limit Break"],"relics":["Burning Blood","The Courier","Lantern","Paper Frog"],"potions_floor_usage":[16,16],"damage_taken":[{"damage":7,"enemies":"Small Slimes","floor":1,"turns":4},{"damage":7,"enemies":"2 Louse","floor":3,"turns":3},{"damage":6,"enemies":"Cultist","floor":6,"turns":3},{"damage":46,"enemies":"Lagavulin","floor":7,"turns":6},{"damage":1,"enemies":"2 Fungi Beasts","floor":8,"turns":4},{"damage":16,"enemies":"3 Louse","floor":11,"turns":4},{"damage":0,"enemies":"Large Slime","floor":14,"turns":6},{"damage":48,"enemies":"Slime Boss","floor":16,"turns":9}],"seed_played":"-6630748304026772566","potions_obtained":[{"floor":1,"key":"Ancient Potion"},{"floor":11,"key":"PowerPotion"},{"floor":14,"key":"SkillPotion"}],"is_trial":false,"path_per_floor":["M","$","M","?","?","M","E","M","T","?","M","?","R","M","R","B"],"character_chosen":"IRONCLAD","items_purchased":[],"campfire_rested":0,"item_purchase_floors":[],"current_hp_per_floor":[79,79,78,78,78,78,38,43,43,32,22,42,42,48,48,0],"gold":190,"neow_bonus":"UPGRADE_CARD","is_prod":false,"is_daily":false,"chose_seed":false,"campfire_upgraded":2,"win_rate":0,"timestamp":1564274386,"path_taken":["M","$","M","?","?","M","E","?","T","?","M","?","R","M","R","BOSS"],"build_version":"2019-07-17","purchased_purges":1,"victory":false,"max_hp_per_floor":[80,80,80,80,80,80,80,80,80,80,80,80,80,80,80,80],"card_choices":[{"not_picked":["Uppercut","Warcry"],"picked":"Ghostly Armor","floor":1},{"not_picked":["Flex","Whirlwind"],"picked":"Pommel Strike","floor":3},{"not_picked":["Reckless Charge","Rage"],"picked":"Shrug It Off","floor":6},{"not_picked":["Sword Boomerang","Dropkick"],"picked":"Body Slam","floor":7},{"not_picked":["Second Wind","Sword Boomerang","Searing Blow"],"picked":"SKIP","floor":8},{"not_picked":["Headbutt","Cleave"],"picked":"Perfected Strike","floor":11},{"not_picked":["Heavy Blade","Headbutt"],"picked":"Limit Break","floor":14}],"player_experience":236098,"relics_obtained":[{"floor":7,"key":"Lantern"},{"floor":9,"key":"Paper Frog"}],"event_choices":[{"damage_healed":0,"gold_gain":0,"player_choice":"Ignored","damage_taken":0,"max_hp_gain":0,"max_hp_loss":0,"event_name":"Liars Game","floor":4,"gold_loss":0},{"damage_healed":0,"gold_gain":0,"player_choice":"Gave Potion","damage_taken":0,"relics_obtained":["The Courier"],"max_hp_gain":0,"max_hp_loss":0,"event_name":"WeMeetAgain","floor":5,"gold_loss":0},{"damage_healed":0,"gold_gain":75,"player_choice":"Gather Gold","damage_taken":11,"max_hp_gain":0,"max_hp_loss":0,"event_name":"World of Goop","floor":10,"gold_loss":0},{"damage_healed":20,"gold_gain":0,"player_choice":"Healed","damage_taken":0,"max_hp_gain":0,"max_hp_loss":0,"event_name":"The Cleric","floor":12,"gold_loss":35}],"is_beta":false,"boss_relics":[],"items_purged_floors":[2],"is_endless":false,"potions_floor_spawned":[1,11,14],"killed_by":"Slime Boss","ascension_level":2}