{"gold_per_floor":[117,135,210,19,38,38,48,48,48,48,61,73,73,90,90,191,191,201,218,218],"floor_reached":20,"playtime":2140,"items_purged":[],"score":218,"play_id":"00dd800b-7612-4ed7-bbc3-15032864a37e","local_time":"20190818105912","is_ascension_mode":true,"campfire_choices":[{"data":"Backflip","floor":6,"key":"SMITH"},{"data":"Escape Plan","floor":8,"key":"SMITH"},{"data":"Neutralize","floor":10,"key":"SMITH"},{"data":"Calculated Gamble","floor":13,"key":"SMITH"},{"floor":15,"key":"REST"}],"neow_cost":"NONE","seed_source_timestamp":0,"circlet_count":0,"master_deck":["Strike_G","Strike_G","Defend_G","Defend_G","Defend_G","Defend_G","Defend_G","Survivor","Neutralize+1","Backflip+1","Escape Plan+1","Calculated Gamble+1","Venomology","Slice","Malaise","Blur+1","Underhanded Strike+1","Footwork+1","Slice","Dodge and Roll+1"],"special_seed":0,"relics":["Ring of the Snake","Centennial Puzzle","Membership Card","Ornamental Fan","Astrolabe"],"potions_floor_usage":[5,14,14,16,16,18,19,20,20],"damage_taken":[{"damage":1.0,"enemies":"Jaw Worm","floor":1.0,"turns":7.0},{"damage":1,"enemies":"Cultist","floor":2,"turns":5},{"damage":0,"enemies":"Small Slimes","floor":5,"turns":3},{"damage":0,"enemies":"Looter","floor":7,"turns":4},{"damage":5,"enemies":"Large Slime","floor":11,"turns":9},{"damage":0,"enemies":"2 Fungi Beasts","floor":12,"turns":5},{"damage":0,"enemies":"Exordium Thugs","floor":14,"turns":9},{"damage":64,"enemies":"The Guardian","floor":16,"turns":27},{"damage":13,"enemies":"3 Byrds","floor":18,"turns":11},{"damage":0,"enemies":"Shell Parasite","floor":19,"turns":14},{"damage":61,"enemies":"3 Cultists","floor":20,"turns":15}],"seed_played":"7690640698759995987","potions_obtained":[{"floor":1,"key":"Poison Potion"},{"floor":11,"key":"Strength Potion"},{"floor":14,"key":"Swift Potion"},{"floor":16,"key":"Weak Potion"},{"floor":19,"key":"FairyPotion"}],"is_trial":false,"path_per_floor":["M","M","?","$","M","R","M","R","T","R","M","M","R","M","R","B",null,"M","M","M"],"character_chosen":"THE_SILENT","items_purchased":["Membership Card"],"campfire_rested":1,"item_purchase_floors":[4],"current_hp_per_floor":[62,61,54,54,54,54,54,54,54,54,49,49,49,49,70,6,54,41,41,0],"gold":218,"neow_bonus":"RANDOM_COMMON_RELIC","is_prod":false,"is_daily":false,"chose_seed":false,"campfire_upgraded":4,"win_rate":0,"timestamp":1566122352,"path_taken":["M","M","?","$","M","R","M","R","T","R","M","M","R","M","R","BOSS","M","?","M"],"build_version":"2019-07-17","purchased_purges":0,"victory":false,"max_hp_per_floor":[70,70,70,70,70,70,70,70,70,70,70,70,70,70,70,70,70,70,70,70],"card_choices":[{"not_picked":["Distraction","Dash"],"picked":"Backflip","floor":1},{"not_picked":["Acrobatics","Tactician","Dagger Spray"],"picked":"SKIP","floor":2},{"not_picked":["Skewer","Reflex"],"picked":"Escape Plan","floor":5},{"not_picked":["Tactician","Outmaneuver","Prepared"],"picked":"SKIP","floor":7},{"not_picked":["PiercingWail","Dagger Throw"],"picked":"Calculated Gamble","floor":11},{"not_picked":["Blade Dance","Crippling Poison"],"picked":"Venomology","floor":12},{"not_picked":["Backflip","Riddle With Holes"],"picked":"Slice","floor":14},{"not_picked":["Corpse Explosion","Unload"],"picked":"Malaise","floor":16},{"not_picked":["Deflect","Cloak And Dagger"],"picked":"Slice","floor":18},{"not_picked":["Flying Knee","Deflect"],"picked":"Dodge and Roll+1","floor":19}],"player_experience":401495,"relics_obtained":[{"floor":9,"key":"Ornamental Fan"}],"event_choices":[{"damage_healed":0,"gold_gain":75,"player_choice":"Touch","damage_taken":7,"max_hp_gain":0,"max_hp_loss":0,"event_name":"FaceTrader","floor":3,"gold_loss":0}],"is_beta":false,"boss_relics":[{"not_picked":["Pandora\u0027s Box","Snecko Eye"],"picked":"Astrolabe"}],"items_purged_floors":[],"is_endless":false,"potions_floor_spawned":[1,11,14,16,19],"killed_by":"3 Cultists","ascension_level":6}