{"gold_per_floor":[118,128,128,128,128,153,171,184,184,184,200,234,246,246,246,345,345,360,73,172,172,186,186,200,200,500,535,535,564,564,593,605,617],"floor_reached":33,"playtime":1047,"items_purged":[],"score":413,"play_id":"82859e48-f554-4a87-9e03-7884ddf8f374","local_time":"20190616164720","is_ascension_mode":true,"campfire_choices":[{"data":"Limit Break","floor":10,"key":"SMITH"},{"data":"Pummel","floor":15,"key":"SMITH"},{"floor":23,"key":"REST"},{"floor":25,"key":"REST"},{"floor":28,"key":"REST"},{"floor":32,"key":"REST"}],"neow_cost":"NONE","seed_source_timestamp":415650258309920,"circlet_count":0,"master_deck":["Strike_R","Strike_R","Strike_R","Strike_R","Strike_R","Defend_R","Defend_R","Defend_R","Defend_R","Bash","Twin Strike+1","Rampage","Pommel Strike","Limit Break+1","Headbutt","Pummel+1","Clothesline","Flame Barrier","Immolate","Offering","Disarm"],"relics":["Burning Blood","Smiling Mask","Boot","Gremlin Horn","Fusion Hammer","Calipers","Old Coin","Question Card","Anchor","MawBank"],"potions_floor_usage":[6,13,18,27,29,29,33],"damage_taken":[{"damage":0,"enemies":"Small Slimes","floor":1,"turns":3},{"damage":6,"enemies":"Cultist","floor":2,"turns":4},{"damage":16,"enemies":"Gremlin Nob","floor":6,"turns":3},{"damage":1,"enemies":"2 Louse","floor":7,"turns":3},{"damage":15,"enemies":"2 Fungi Beasts","floor":8,"turns":3},{"damage":0,"enemies":"Large Slime","floor":11,"turns":4},{"damage":25,"enemies":"3 Sentries","floor":12,"turns":6},{"damage":0,"enemies":"Exordium Wildlife","floor":13,"turns":2},{"damage":53,"enemies":"Slime Boss","floor":16,"turns":10},{"damage":22,"enemies":"2 Thieves","floor":18,"turns":2},{"damage":26,"enemies":"Shell Parasite","floor":22,"turns":5},{"damage":0,"enemies":"3 Cultists","floor":24,"turns":3},{"damage":48,"enemies":"Book of Stabbing","floor":27,"turns":5},{"damage":23,"enemies":"Gremlin Leader","floor":29,"turns":4},{"damage":33,"enemies":"Snake Plant","floor":31,"turns":5},{"damage":53,"enemies":"Collector","floor":33,"turns":3}],"seed_played":"-473555718186559686","potions_obtained":[{"floor":1,"key":"AttackPotion"},{"floor":8,"key":"Regen Potion"},{"floor":12,"key":"Energy Potion"},{"floor":16,"key":"SteroidPotion"},{"floor":24,"key":"Fire Potion"},{"floor":27,"key":"LiquidBronze"},{"floor":31,"key":"SkillPotion"}],"is_trial":false,"path_per_floor":["M","M","?","$","?","E","M","M","T","R","M","E","M","?","R","B",null,"M","$","?","?","M","R","M","R","T","E","R","E","?","M","R","B"],"character_chosen":"IRONCLAD","items_purchased":["Calipers"],"campfire_rested":4,"item_purchase_floors":[19],"current_hp_per_floor":[78,78,78,78,78,68,73,64,64,64,70,51,57,80,80,33,68,52,52,52,52,32,56,62,80,80,38,62,45,45,18,42,0],"gold":617,"neow_bonus":"THREE_CARDS","is_prod":false,"is_daily":false,"chose_seed":false,"campfire_upgraded":2,"win_rate":0,"timestamp":1560721640,"path_taken":["M","M","?","?","?","E","M","M","T","R","M","E","M","?","R","BOSS","M","$","?","?","M","R","M","R","T","E","R","E","?","M","R","BOSS"],"build_version":"2019-01-23","purchased_purges":0,"victory":false,"max_hp_per_floor":[80,80,80,80,80,80,80,80,80,80,80,80,80,80,80,80,80,80,80,80,80,80,80,80,80,80,80,80,80,80,80,80,80],"card_choices":[{"not_picked":["True Grit","Heavy Blade"],"picked":"Twin Strike","floor":0},{"not_picked":["True Grit","Pommel Strike"],"picked":"Rampage","floor":1},{"not_picked":["Reckless Charge","True Grit"],"picked":"Pommel Strike","floor":2},{"not_picked":["Iron Wave","Headbutt"],"picked":"Limit Break","floor":6},{"not_picked":["Sword Boomerang","Second Wind"],"picked":"Headbutt","floor":7},{"not_picked":["Pommel Strike","Sentinel"],"picked":"Pummel","floor":8},{"not_picked":["Body Slam","Thunderclap"],"picked":"Clothesline","floor":11},{"not_picked":["True Grit","Rage","Dual Wield"],"picked":"SKIP","floor":12},{"not_picked":["Blood for Blood","Reckless Charge"],"picked":"Flame Barrier","floor":13},{"not_picked":["Offering","Barricade"],"picked":"Immolate","floor":16},{"not_picked":["Reckless Charge","Perfected Strike","Entrench"],"picked":"SKIP","floor":18},{"not_picked":["Rampage+1","Iron Wave","Flex"],"picked":"SKIP","floor":22},{"not_picked":["Anger","Twin Strike","Flex"],"picked":"SKIP","floor":24},{"not_picked":["Twin Strike","Metallicize","Sever Soul+1"],"picked":"SKIP","floor":27},{"not_picked":["Armaments","Second Wind","Heavy Blade+1"],"picked":"Offering","floor":29},{"not_picked":["Blood for Blood","Burning Pact","Dual Wield"],"picked":"Disarm","floor":31}],"player_experience":202270,"relics_obtained":[{"floor":6,"key":"Smiling Mask"},{"floor":9,"key":"Boot"},{"floor":12,"key":"Gremlin Horn"},{"floor":26,"key":"Old Coin"},{"floor":27,"key":"Question Card"},{"floor":29,"key":"Anchor"}],"event_choices":[{"damage_healed":0,"gold_gain":0,"player_choice":"Forge","damage_taken":0,"max_hp_gain":0,"max_hp_loss":0,"event_name":"Accursed Blacksmith","floor":3,"gold_loss":0,"cards_upgraded":["Twin Strike"]},{"damage_healed":0,"gold_gain":0,"player_choice":"Leave","damage_taken":0,"max_hp_gain":0,"max_hp_loss":0,"event_name":"The Cleric","floor":5,"gold_loss":0},{"damage_healed":26,"gold_gain":0,"player_choice":"Banana","damage_taken":0,"max_hp_gain":0,"max_hp_loss":0,"event_name":"Big Fish","floor":14,"gold_loss":0},{"damage_healed":0,"gold_gain":99,"player_choice":"Stole From Cult","damage_taken":0,"max_hp_gain":0,"max_hp_loss":0,"event_name":"Nest","floor":20,"gold_loss":0},{"damage_healed":0,"gold_gain":0,"player_choice":"Ignored","damage_taken":0,"max_hp_gain":0,"max_hp_loss":0,"event_name":"Beggar","floor":21,"gold_loss":0},{"damage_healed":0,"gold_gain":0,"player_choice":"Opened","damage_taken":0,"relics_obtained":["MawBank"],"max_hp_gain":0,"max_hp_loss":0,"event_name":"The Mausoleum","floor":30,"gold_loss":0}],"is_beta":false,"boss_relics":[{"not_picked":["Coffee Dripper","White Beast Statue"],"picked":"Fusion Hammer"}],"items_purged_floors":[],"is_endless":false,"potions_floor_spawned":[1,8,12,16,24,27,31],"killed_by":"Collector","ascension_level":8}