{"gold_per_floor":[113,113,113,132,57,57,87,87,112,12,12,29,39,39],"floor_reached":14,"playtime":215,"items_purged":["Strike_R","Defend_R"],"score":88,"play_id":"12ac7589-ebee-4813-9a82-d1a171df17bb","local_time":"20190807231617","is_ascension_mode":false,"campfire_choices":[{"data":"True Grit","floor":6,"key":"SMITH"},{"data":"Bash","floor":11,"key":"SMITH"}],"neow_cost":"NONE","seed_source_timestamp":186820335418118,"circlet_count":0,"master_deck":["Strike_R","Strike_R","Strike_R","Defend_R","Defend_R","Defend_R","Bash+1","True Grit+1"],"relics":["Burning Blood","Regal Pillow","GremlinMask","Anchor","Bronze Scales","Dream Catcher"],"potions_floor_usage":[],"damage_taken":[{"damage":10,"enemies":"2 Louse","floor":1,"turns":3},{"damage":5,"enemies":"Jaw Worm","floor":4,"turns":4},{"damage":36,"enemies":"Gremlin Nob","floor":7,"turns":5},{"damage":6,"enemies":"Cultist","floor":12,"turns":3},{"damage":16,"enemies":"Exordium Thugs","floor":13,"turns":5},{"damage":0,"enemies":"Lagavulin","floor":14,"turns":2}],"seed_played":"204358125561129570","potions_obtained":[{"floor":13,"key":"SneckoOil"}],"is_trial":false,"path_per_floor":["M","?","?","M","$","R","E","T","T","$","R","M","M","E"],"character_chosen":"IRONCLAD","items_purchased":[],"campfire_rested":0,"item_purchase_floors":[],"current_hp_per_floor":[76,69,69,70,70,70,40,40,40,40,40,40,30,30],"gold":39,"neow_bonus":"RANDOM_COMMON_RELIC","is_prod":false,"is_daily":false,"chose_seed":false,"campfire_upgraded":2,"win_rate":0,"timestamp":1565234177,"path_taken":["M","?","?","?","$","R","E","?","T","$","R","M","M","E"],"build_version":"2019-07-17","purchased_purges":2,"victory":false,"max_hp_per_floor":[80,80,80,80,80,80,80,80,80,80,80,80,80,80],"card_choices":[{"not_picked":["Twin Strike","Iron Wave"],"picked":"True Grit","floor":1},{"not_picked":["Havoc","Rupture","Pommel Strike"],"picked":"SKIP","floor":4},{"not_picked":["Uppercut","Infernal Blade","Evolve"],"picked":"SKIP","floor":7},{"not_picked":["Twin Strike","Metallicize","Wild Strike"],"picked":"SKIP","floor":12},{"not_picked":["Warcry","Seeing Red","Thunderclap"],"picked":"SKIP","floor":13}],"player_experience":764383,"relics_obtained":[{"floor":7,"key":"Anchor"},{"floor":8,"key":"Bronze Scales"},{"floor":9,"key":"Dream Catcher"}],"event_choices":[{"cards_removed":["Strike_R"],"damage_healed":0,"gold_gain":0,"player_choice":"Card Removal","damage_taken":7,"max_hp_gain":0,"max_hp_loss":0,"event_name":"Golden Wing","floor":2,"gold_loss":0},{"damage_healed":0,"gold_gain":0,"player_choice":"Trade","damage_taken":0,"relics_obtained":["GremlinMask"],"max_hp_gain":0,"max_hp_loss":0,"event_name":"FaceTrader","floor":3,"gold_loss":0}],"is_beta":false,"boss_relics":[],"items_purged_floors":[5,10],"is_endless":false,"potions_floor_spawned":[13],"killed_by":"Lagavulin","ascension_level":0}