{"gold_per_floor":[112,262,262,280,122,122,122,151,151,169,203,203,217,317,317,396,396,396,10,10,10,10,10],"floor_reached":23,"playtime":1333,"items_purged":["Doubt","Strike_R"],"score":448,"play_id":"2575f004-6338-4fae-9e1b-7df3252f3ddb","local_time":"20190115222750","is_ascension_mode":true,"campfire_choices":[{"data":"Armaments","floor":6,"key":"SMITH"},{"data":"Inflame","floor":12,"key":"SMITH"},{"data":"Rampage","floor":15,"key":"SMITH"}],"neow_cost":"NONE","seed_source_timestamp":3372134032243,"circlet_count":0,"master_deck":["AscendersBane","Strike_R+1","Strike_R+1","Strike_R+1","Defend_R+1","Defend_R+1","Defend_R+1","Defend_R+1","Bash","Armaments+1","Feel No Pain","Rampage+1","Rupture","Havoc","Inflame+1","Corruption","Brutality","Rupture","Rage","Mayhem","Dual Wield+1"],"relics":["Burning Blood","NeowsBlessing","Dream Catcher","Happy Flower","Kunai","hubris:Spice","Ectoplasm"],"potions_floor_usage":[16,23],"damage_taken":[{"damage":0,"enemies":"Small Slimes","floor":1,"turns":1},{"damage":0,"enemies":"2 Louse","floor":4,"turns":1},{"damage":0,"enemies":"Gremlin Nob","floor":8,"turns":1},{"damage":1,"enemies":"Cultist","floor":10,"turns":4},{"damage":25,"enemies":"Lagavulin","floor":11,"turns":6},{"damage":5,"enemies":"2 Fungi Beasts","floor":13,"turns":3},{"damage":40,"enemies":"Hexaghost","floor":16,"turns":11},{"damage":7,"enemies":"Chosen","floor":18,"turns":5},{"damage":48,"enemies":"3 Byrds","floor":20,"turns":6},{"damage":9,"enemies":"Snecko","floor":22,"turns":6},{"damage":29,"enemies":"Gremlin Leader","floor":23,"turns":3}],"seed_played":"-7921849629719787552","potions_obtained":[{"floor":1,"key":"GamblersBrew"},{"floor":11,"key":"SkillPotion"},{"floor":16,"key":"Explosive Potion"}],"is_trial":false,"path_per_floor":["M","?","?","M","$","R","?","E","T","M","E","R","M","?","R","B",null,"M","$","M","?","M","E"],"character_chosen":"IRONCLAD","items_purchased":["Rampage","Rage","Mayhem"],"campfire_rested":0,"item_purchase_floors":[5,19,19],"current_hp_per_floor":[74,74,39,45,45,45,45,51,51,56,45,45,46,46,46,12,65,64,64,22,22,19,0],"gold":10,"neow_bonus":"THREE_ENEMY_KILL","is_prod":false,"is_daily":false,"chose_seed":false,"campfire_upgraded":3,"win_rate":0,"timestamp":1547587670,"path_taken":["M","?","?","M","$","R","?","E","T","M","E","R","?","?","R","BOSS","M","$","M","?","M","E"],"build_version":"2019-01-10","purchased_purges":2,"victory":false,"max_hp_per_floor":[75,75,75,75,75,75,75,75,75,75,83,83,83,83,83,83,83,83,83,83,83,83,83],"card_choices":[{"not_picked":["Corruption","Clash"],"picked":"Armaments","floor":1},{"not_picked":["Heavy Blade","Armaments"],"picked":"Feel No Pain","floor":4},{"not_picked":["hubris:ReadiedAction","Cleave","Fire Breathing"],"picked":"SKIP","floor":8},{"not_picked":["Rampage","Blood for Blood"],"picked":"Havoc","floor":10},{"not_picked":["Body Slam","Reckless Charge"],"picked":"Inflame","floor":11},{"not_picked":["Perfected Strike","Wild Strike"],"picked":"Corruption","floor":13},{"not_picked":["Berserk","Feed"],"picked":"Brutality","floor":16},{"not_picked":["Clash+1","Shrug It Off"],"picked":"Rupture","floor":18},{"not_picked":["Metallicize","Warcry","Iron Wave"],"picked":"SKIP","floor":20},{"not_picked":["Wild Strike","Headbutt"],"picked":"Dual Wield+1","floor":22}],"player_experience":1124366,"relics_obtained":[{"floor":8,"key":"Happy Flower"},{"floor":9,"key":"Kunai"},{"floor":11,"key":"hubris:Spice"}],"event_choices":[{"damage_healed":0,"gold_gain":150,"player_choice":"AGREE","damage_taken":0,"max_hp_gain":0,"max_hp_loss":0,"event_name":"Liars Game","floor":2,"gold_loss":0,"cards_obtained":["Doubt"]},{"damage_healed":0,"gold_gain":0,"player_choice":"Success","damage_taken":35,"relics_obtained":["Dream Catcher"],"max_hp_gain":0,"max_hp_loss":0,"event_name":"Scrap Ooze","floor":3,"gold_loss":0},{"damage_healed":0,"gold_gain":0,"cards_transformed":["Strike_R"],"player_choice":"Transformed","damage_taken":0,"max_hp_gain":0,"max_hp_loss":0,"event_name":"Transmorgrifier","floor":7,"gold_loss":0,"cards_obtained":["Rupture"]},{"damage_healed":0,"gold_gain":100,"player_choice":"Gold","damage_taken":0,"max_hp_gain":0,"max_hp_loss":0,"event_name":"Wheel of Change","floor":14,"gold_loss":0},{"damage_healed":0,"gold_gain":0,"player_choice":"Simplicity","damage_taken":0,"max_hp_gain":0,"max_hp_loss":0,"event_name":"Back to Basics","floor":21,"gold_loss":0,"cards_upgraded":["Strike_R","Strike_R","Strike_R","Defend_R","Defend_R","Defend_R","Defend_R"]}],"is_beta":false,"boss_relics":[{"not_picked":["Black Blood","Velvet Choker"],"picked":"Ectoplasm"}],"items_purged_floors":[5,19],"is_endless":false,"potions_floor_spawned":[1,11,16,18,22],"killed_by":"Gremlin Leader","ascension_level":20}