{"gold_per_floor":[19,169,186,59,73,100,100,130,210,222,222,242,268,82,82,159,159,172,201,201,116,129,154,154,184,184,209,209,219,249,11,11,11],"floor_reached":33,"playtime":5472,"items_purged":["Doubt","Strike_R"],"score":707,"play_id":"690901ad-d181-4dc0-aeb3-828743bb4b4f","local_time":"20190115130939","is_ascension_mode":true,"campfire_choices":[{"data":"Armaments","floor":7,"key":"SMITH"},{"data":"Immolate","floor":11,"key":"SMITH"},{"data":"Disarm","floor":15,"key":"SMITH"},{"floor":24,"key":"REST"},{"floor":28,"key":"REST"},{"data":"Brutality","floor":32,"key":"SMITH"}],"neow_cost":"NO_GOLD","seed_source_timestamp":2258070838223,"circlet_count":0,"master_deck":["AscendersBane","Strike_R","Strike_R","Strike_R","Strike_R","Defend_R","Defend_R","Defend_R","Defend_R","Bash","Immolate+1","Anger","Disarm","Armaments+1","Body Slam","Disarm+1","Metallicize","Shrug It Off","Shockwave","Juggernaut","Disarm+1","Corruption","Shrug It Off+1","Brutality+1","Dual Wield","Shrug It Off","Disarm","Evolve"],"relics":["Burning Blood","Ice Cream","Potion Belt","Mercury Hourglass","Boot","Mark of Pain","Red Mask","hubris:Towel","hubris:CrystalStatue","Happy Flower","Bottled Flame","Meat on the Bone","Regal Pillow","Oddly Smooth Stone"],"potions_floor_usage":[19,23,27],"damage_taken":[{"damage":1,"enemies":"Cultist","floor":1,"turns":3},{"damage":8,"enemies":"Small Slimes","floor":3,"turns":3},{"damage":1,"enemies":"2 Louse","floor":5,"turns":3},{"damage":30,"enemies":"3 Sentries","floor":6,"turns":5},{"damage":12,"enemies":"Lagavulin","floor":8,"turns":6},{"damage":7,"enemies":"Lots of Slimes","floor":10,"turns":3},{"damage":17,"enemies":"Exordium Thugs","floor":12,"turns":4},{"damage":10,"enemies":"3 Sentries","floor":13,"turns":3},{"damage":12,"enemies":"Hexaghost","floor":16,"turns":13},{"damage":14,"enemies":"2 Thieves","floor":18,"turns":2},{"damage":21,"enemies":"Masked Bandits","floor":19,"turns":4},{"damage":9,"enemies":"3 Byrds","floor":22,"turns":4},{"damage":22,"enemies":"Slavers","floor":23,"turns":4},{"damage":25,"enemies":"Gremlin Leader","floor":25,"turns":6},{"damage":14,"enemies":"Book of Stabbing","floor":27,"turns":5},{"damage":15,"enemies":"Centurion and Healer","floor":29,"turns":6},{"damage":18,"enemies":"Slavers","floor":30,"turns":5},{"damage":40,"enemies":"Collector","floor":33,"turns":6}],"seed_played":"-1537597825514954124","potions_obtained":[{"floor":6,"key":"SkillPotion"},{"floor":8,"key":"Ancient Potion"},{"floor":16,"key":"SneckoOil"},{"floor":18,"key":"Weak Potion"},{"floor":23,"key":"LiquidBronze"},{"floor":30,"key":"Swift Potion"}],"is_trial":false,"path_per_floor":["M","?","M","$","M","E","R","E","T","M","R","M","E","$","R","B",null,"M","?","?","$","M","E","R","E","T","E","R","M","E","$","R","B"],"character_chosen":"IRONCLAD","items_purchased":["Armaments","Shockwave","Corruption","Evolve","Oddly Smooth Stone"],"campfire_rested":2,"item_purchase_floors":[4,14,21,31,31],"current_hp_per_floor":[73,73,71,71,75,51,51,45,45,44,44,33,29,29,29,23,62,54,39,39,39,36,20,42,23,23,15,37,40,40,40,40,0],"gold":11,"neow_bonus":"THREE_RARE_CARDS","is_prod":false,"is_daily":false,"chose_seed":false,"campfire_upgraded":4,"win_rate":0,"timestamp":1547554179,"path_taken":["M","?","M","$","M","E","R","E","T","M","R","M","E","$","R","BOSS","M","?","?","$","M","E","R","E","T","E","R","?","E","$","R","BOSS"],"build_version":"2019-01-10","purchased_purges":2,"victory":false,"max_hp_per_floor":[75,75,75,75,75,75,75,75,75,75,75,75,75,75,75,75,75,75,75,75,75,75,75,75,75,75,75,75,75,75,75,75,75],"card_choices":[{"not_picked":["Barricade","Offering"],"picked":"Immolate","floor":0},{"not_picked":["Shrug It Off","Clothesline"],"picked":"Anger","floor":1},{"not_picked":["Searing Blow","Ghostly Armor"],"picked":"Disarm","floor":3},{"not_picked":["Wild Strike","Evolve"],"picked":"Body Slam","floor":5},{"not_picked":["Combust","Clothesline"],"picked":"Disarm","floor":6},{"not_picked":["Whirlwind","Rampage","Cleave"],"picked":"SKIP","floor":8},{"not_picked":["Clash","Anger"],"picked":"Metallicize","floor":10},{"not_picked":["Anger","Body Slam"],"picked":"Shrug It Off","floor":12},{"not_picked":["Intimidate","Clothesline","Uppercut"],"picked":"SKIP","floor":13},{"not_picked":["Fiend Fire","Berserk"],"picked":"Juggernaut","floor":16},{"not_picked":["Headbutt","Shrug It Off"],"picked":"Disarm+1","floor":18},{"not_picked":["Headbutt","Armaments+1"],"picked":"Shrug It Off+1","floor":22},{"not_picked":["Armaments","Dropkick"],"picked":"Brutality","floor":23},{"not_picked":["Blood for Blood","Thunderclap"],"picked":"Dual Wield","floor":25},{"not_picked":["Heavy Blade","Immolate"],"picked":"Shrug It Off","floor":27},{"not_picked":["Sword Boomerang","Havoc"],"picked":"Disarm","floor":29},{"not_picked":["Uppercut","Disarm","Headbutt"],"picked":"SKIP","floor":30}],"player_experience":1114654,"relics_obtained":[{"floor":6,"key":"Ice Cream"},{"floor":8,"key":"Potion Belt"},{"floor":9,"key":"Mercury Hourglass"},{"floor":13,"key":"Boot"},{"floor":19,"key":"Red Mask"},{"floor":23,"key":"hubris:CrystalStatue"},{"floor":25,"key":"Happy Flower"},{"floor":26,"key":"Bottled Flame"},{"floor":27,"key":"Meat on the Bone"},{"floor":30,"key":"Regal Pillow"}],"event_choices":[{"damage_healed":0,"gold_gain":150,"player_choice":"AGREE","damage_taken":0,"max_hp_gain":0,"max_hp_loss":0,"event_name":"Liars Game","floor":2,"gold_loss":0,"cards_obtained":["Doubt"]},{"damage_healed":0,"gold_gain":0,"player_choice":"Fought Bandits","damage_taken":0,"max_hp_gain":0,"max_hp_loss":0,"event_name":"Masked Bandits","floor":19,"gold_loss":0}],"is_beta":false,"boss_relics":[{"not_picked":["Eternal Feather","Black Blood"],"picked":"Mark of Pain"}],"items_purged_floors":[4,14],"is_endless":false,"potions_floor_spawned":[6,8,16,18,23,30],"killed_by":"Collector","ascension_level":20}