{"gold_per_floor":[109,109,127,22,43,43,77,18,42,117,117,136,169,169,169,169],"floor_reached":16,"playtime":327,"items_purged":["Strike_R"],"score":216,"play_id":"f23ea150-8d55-4e5e-97a7-47f45b14fc42","local_time":"20190809013311","is_ascension_mode":true,"campfire_choices":[{"data":"Immolate","floor":6,"key":"SMITH"},{"data":"Armaments","floor":15,"key":"SMITH"}],"neow_cost":"TEN_PERCENT_HP_LOSS","seed_source_timestamp":14465925390588,"circlet_count":0,"master_deck":["AscendersBane","Strike_R+1","Strike_R","Strike_R","Defend_R","Defend_R","Defend_R","Defend_R","Bash+1","Immolate+1","Spot Weakness","Armaments+1","Anger","Thunderclap","Shrug It Off","Spot Weakness"],"relics":["Burning Blood","Golden Idol","Whetstone","Oddly Smooth Stone","Self Forming Clay"],"potions_floor_usage":[7,13],"damage_taken":[{"damage":7,"enemies":"Small Slimes","floor":1,"turns":3},{"damage":21,"enemies":"Jaw Worm","floor":3,"turns":6},{"damage":0,"enemies":"Cultist","floor":5,"turns":2},{"damage":32,"enemies":"Gremlin Nob","floor":7,"turns":4},{"damage":4,"enemies":"Exordium Wildlife","floor":12,"turns":3},{"damage":13,"enemies":"Lagavulin","floor":13,"turns":7},{"damage":15,"enemies":"Hexaghost","floor":16,"turns":7}],"seed_played":"8776252499554586884","potions_obtained":[{"floor":1,"key":"AttackPotion"},{"floor":12,"key":"SpeedPotion"}],"is_trial":false,"path_per_floor":["M","?","M","$","M","R","E","$","T","?","?","M","E","?","R","B"],"character_chosen":"IRONCLAD","items_purchased":["Anger","Shrug It Off"],"campfire_rested":0,"item_purchase_floors":[4,8],"current_hp_per_floor":[67,62,47,47,53,53,27,27,27,16,16,18,11,11,11,0],"gold":169,"neow_bonus":"THREE_RARE_CARDS","is_prod":false,"is_daily":false,"chose_seed":false,"campfire_upgraded":2,"win_rate":0,"timestamp":1565307191,"path_taken":["M","?","M","$","M","R","E","$","T","?","?","?","E","?","R","BOSS"],"build_version":"2019-07-17","purchased_purges":1,"victory":false,"max_hp_per_floor":[68,62,62,62,62,62,62,62,62,62,62,62,62,62,62,62],"card_choices":[{"not_picked":["Berserk","Fiend Fire"],"picked":"Immolate","floor":0},{"not_picked":["Iron Wave","Sword Boomerang"],"picked":"Spot Weakness","floor":1},{"not_picked":["Cleave","Searing Blow"],"picked":"Armaments","floor":3},{"not_picked":["Anger","Perfected Strike"],"picked":"Thunderclap","floor":5},{"not_picked":["Bloodletting","Burning Pact","Cleave"],"picked":"SKIP","floor":7},{"not_picked":["Reckless Charge","Intimidate"],"picked":"Spot Weakness","floor":12},{"not_picked":["Reckless Charge","Flex","Cleave"],"picked":"SKIP","floor":13}],"player_experience":1895971,"relics_obtained":[{"floor":7,"key":"Whetstone"},{"floor":9,"key":"Oddly Smooth Stone"},{"floor":13,"key":"Self Forming Clay"}],"event_choices":[{"damage_healed":0,"gold_gain":0,"player_choice":"Lose Max HP","damage_taken":0,"relics_obtained":["Golden Idol"],"max_hp_gain":0,"max_hp_loss":6,"event_name":"Golden Idol","floor":2,"gold_loss":0},{"damage_healed":0,"gold_gain":75,"player_choice":"Gather Gold","damage_taken":11,"max_hp_gain":0,"max_hp_loss":0,"event_name":"World of Goop","floor":10,"gold_loss":0},{"damage_healed":0,"gold_gain":0,"player_choice":"Ignored","damage_taken":0,"max_hp_gain":0,"max_hp_loss":0,"event_name":"Shining Light","floor":11,"gold_loss":0},{"cards_removed":["Strike_R"],"damage_healed":0,"gold_gain":0,"player_choice":"Purged","damage_taken":0,"max_hp_gain":0,"max_hp_loss":0,"event_name":"Purifier","floor":14,"gold_loss":0}],"is_beta":false,"boss_relics":[],"items_purged_floors":[4],"is_endless":false,"potions_floor_spawned":[1,12],"killed_by":"Hexaghost","ascension_level":20}