{"gold_per_floor":[116,76,87,107,107,135,60,60,83,122,152,164,176,203,215,227],"floor_reached":16,"playtime":476,"items_purged":["Strike_R"],"score":110,"play_id":"d410ad44-98fb-44b7-86ff-268389cd25ff","local_time":"20181114185222","is_ascension_mode":false,"campfire_choices":[{"data":"Infernal Blade","floor":8,"key":"SMITH"},{"data":"Second Wind","floor":13,"key":"SMITH"},{"data":"Bludgeon","floor":15,"key":"SMITH"}],"neow_cost":"NONE","seed_source_timestamp":32947302496393,"circlet_count":0,"master_deck":["Strike_R","Strike_R+1","Strike_R","Strike_R","Defend_R","Defend_R","Defend_R","Defend_R","Bash+1","Shrug It Off","Shrug It Off","Twin Strike","Infernal Blade+1","Headbutt","Second Wind+1","Bludgeon+1"],"relics":["Burning Blood","Regal Pillow","MawBank","Mummified Hand"],"potions_floor_usage":[16,16],"damage_taken":[{"damage":6,"enemies":"2 Louse","floor":1,"turns":2},{"damage":6,"enemies":"Cultist","floor":3,"turns":3},{"damage":7,"enemies":"Jaw Worm","floor":4,"turns":4},{"damage":24,"enemies":"Gremlin Nob","floor":6,"turns":4},{"damage":12,"enemies":"Lagavulin","floor":10,"turns":5},{"damage":2,"enemies":"2 Fungi Beasts","floor":11,"turns":3},{"damage":0,"enemies":"Large Slime","floor":14,"turns":2},{"damage":58,"enemies":"Hexaghost","floor":16,"turns":14}],"seed_played":"324240555419436120","potions_obtained":[{"floor":1,"key":"EssenceOfSteel"},{"floor":2,"key":"EssenceOfSteel"},{"floor":2,"key":"Strength Potion"},{"floor":11,"key":"Dexterity Potion"}],"is_trial":false,"path_per_floor":["M","?","M","M","?","E","$","R","T","E","M","$","R","M","R","B"],"character_chosen":"IRONCLAD","items_purchased":[],"campfire_rested":0,"item_purchase_floors":[],"current_hp_per_floor":[88,88,88,87,69,51,51,51,51,45,49,49,49,55,55,0],"gold":227,"neow_bonus":"TEN_PERCENT_HP_BONUS","is_prod":false,"is_daily":false,"chose_seed":false,"campfire_upgraded":3,"win_rate":0,"timestamp":1542217942,"path_taken":["M","?","?","M","?","E","$","R","T","E","M","$","R","M","R","BOSS"],"build_version":"2018-11-13","purchased_purges":1,"victory":false,"max_hp_per_floor":[88,88,88,88,88,88,88,88,88,88,88,88,88,88,88,88],"card_choices":[{"not_picked":["Disarm","Rage"],"picked":"Shrug It Off","floor":1},{"not_picked":["Evolve","Bloodletting"],"picked":"Shrug It Off","floor":3},{"not_picked":["Rupture","Clash"],"picked":"Twin Strike","floor":4},{"not_picked":["Armaments","Intimidate"],"picked":"Infernal Blade","floor":6},{"not_picked":["Sentinel","Reckless Charge"],"picked":"Headbutt","floor":10},{"not_picked":["Sword Boomerang","True Grit"],"picked":"Second Wind","floor":11},{"not_picked":["Perfected Strike","Sentinel"],"picked":"Bludgeon","floor":14}],"player_experience":804703,"relics_obtained":[{"floor":6,"key":"Regal Pillow"},{"floor":9,"key":"MawBank"},{"floor":10,"key":"Mummified Hand"}],"event_choices":[{"damage_healed":0,"gold_gain":0,"player_choice":"Bought 3 Potions","damage_taken":0,"max_hp_gain":0,"max_hp_loss":0,"event_name":"The Woman in Blue","floor":2,"gold_loss":0},{"damage_healed":0,"gold_gain":0,"player_choice":"Entered Light","damage_taken":18,"max_hp_gain":0,"max_hp_loss":0,"event_name":"Shining Light","floor":5,"gold_loss":0,"cards_upgraded":["Bash","Strike_R"]}],"is_beta":true,"boss_relics":[],"items_purged_floors":[7],"is_endless":false,"potions_floor_spawned":[1,4,11,14],"killed_by":"Hexaghost","ascension_level":0}