{"gold_per_floor":[111,130,147,247,258,258,287,287,287,358,113,113,170,195,195,272,272,287,301,35,45,56,56,81,81,154,164,40,59,59,77,77,152,152,162,177,187,187,198,198,229,229,300,400,417,442,442,469,469,469],"floor_reached":51,"playtime":2858,"items_purged":["Strike_G"],"score":1421,"play_id":"3579f94e-3f88-41cf-9b01-be9a5710cce1","local_time":"20181115191210","is_ascension_mode":true,"campfire_choices":[{"data":"Crippling Poison","floor":6,"key":"SMITH"},{"data":"Neutralize","floor":8,"key":"SMITH"},{"data":"Noxious Fumes","floor":12,"key":"SMITH"},{"data":"Infinite Blades","floor":15,"key":"SMITH"},{"floor":23,"key":"REST"},{"floor":30,"key":"REST"},{"floor":32,"key":"REST"},{"floor":40,"key":"REST"},{"floor":47,"key":"REST"},{"floor":49,"key":"REST"}],"neow_cost":"NONE","seed_source_timestamp":7206753549226,"circlet_count":0,"master_deck":["AscendersBane","Defend_G","Defend_G","Defend_G","Defend_G","Defend_G","Strike_G","Strike_G","Strike_G","Survivor","Neutralize+1","Unload","Dodge and Roll","Deadly Poison","Dash","Crippling Poison+1","Escape Plan+1","Noxious Fumes+1","Backflip+1","Madness+1","Infinite Blades+1","Adrenaline+1","Die Die Die","Footwork","Mayhem","Blade Dance+1","Expertise+1","Deadly Poison+1","Noxious Fumes+1","Dark Shackles+1","Well Laid Plans","Burst+1","Leg Sweep+1","Corpse Explosion+1","Blur+1","Catalyst+1","Escape Plan+1","Crippling Poison+1","Crippling Poison+1"],"relics":["Ring of the Snake","Toxic Egg 2","Gremlin Horn","The Courier","Du-Vu Doll","Fusion Hammer","Omamori","FossilizedHelix","Letter Opener","Cursed Key","Singing Bowl","Blue Candle","Tingsha","Pantograph","Kunai"],"potions_floor_usage":[19,19,29,31],"damage_taken":[{"damage":0,"enemies":"2 Louse","floor":1,"turns":2},{"damage":1,"enemies":"Cultist","floor":2,"turns":4},{"damage":1,"enemies":"Jaw Worm","floor":3,"turns":7},{"damage":0,"enemies":"Red Slaver","floor":5,"turns":4},{"damage":8,"enemies":"Gremlin Nob","floor":7,"turns":4},{"damage":15,"enemies":"Lagavulin Event","floor":13,"turns":6},{"damage":18,"enemies":"3 Sentries","floor":14,"turns":7},{"damage":3,"enemies":"Hexaghost","floor":16,"turns":9},{"damage":0,"enemies":"Shell Parasite","floor":18,"turns":4},{"damage":5,"enemies":"2 Thieves","floor":19,"turns":3},{"damage":17,"enemies":"Shelled Parasite and Fungi","floor":21,"turns":5},{"damage":20,"enemies":"Snake Plant","floor":22,"turns":5},{"damage":22,"enemies":"Slavers","floor":24,"turns":4},{"damage":0,"enemies":"Chosen and Byrds","floor":27,"turns":4},{"damage":0,"enemies":"3 Cultists","floor":29,"turns":4},{"damage":0,"enemies":"Sentry and Sphere","floor":31,"turns":3},{"damage":4,"enemies":"Collector","floor":33,"turns":8},{"damage":12,"enemies":"3 Shapes","floor":35,"turns":4},{"damage":1,"enemies":"Orb Walker","floor":36,"turns":3},{"damage":0,"enemies":"Jaw Worm Horde","floor":37,"turns":2},{"damage":1,"enemies":"Transient","floor":39,"turns":5},{"damage":0,"enemies":"Giant Head","floor":41,"turns":7},{"damage":0,"enemies":"Mind Bloom Boss Battle","floor":44,"turns":5},{"damage":0,"enemies":"4 Shapes","floor":45,"turns":5},{"damage":22,"enemies":"Nemesis","floor":46,"turns":7},{"damage":0,"enemies":"Reptomancer","floor":48,"turns":4},{"damage":18,"enemies":"Awakened One","floor":50,"turns":11}],"seed_played":"-3662840829025392323","potions_obtained":[{"floor":2,"key":"Dexterity Potion"},{"floor":13,"key":"SkillPotion"},{"floor":22,"key":"Swift Potion"},{"floor":24,"key":"Fire Potion"},{"floor":31,"key":"Ancient Potion"},{"floor":36,"key":"AttackPotion"}],"is_trial":false,"path_per_floor":["M","M","M","?","M","R","E","R","T","?","$","R","?","E","R","B",null,"M","M","$","M","M","R","E","?","T","M","$","M","R","M","R","B",null,"M","M","M","$","M","R","E","?","T","?","M","E","R","E","R","B",null],"character_chosen":"THE_SILENT","items_purchased":["Noxious Fumes","Backflip+1","Madness+1","Mayhem","Omamori","Dark Shackles+1","Well Laid Plans"],"campfire_rested":6,"item_purchase_floors":[11,11,11,20,20,28,28],"current_hp_per_floor":[59,58,57,57,57,57,49,49,49,49,49,49,34,16,16,13,53,53,48,48,31,11,30,8,8,8,8,8,8,27,27,46,42,60,48,47,47,47,46,65,65,65,65,67,67,45,65,67,70,52],"gold":469,"neow_bonus":"ONE_RANDOM_RARE_CARD","is_prod":false,"is_daily":false,"chose_seed":false,"campfire_upgraded":4,"win_rate":0,"timestamp":1542305530,"path_taken":["M","M","M","?","?","R","E","R","T","?","$","R","?","E","R","BOSS","M","M","$","M","M","R","E","?","T","M","$","M","R","M","R","BOSS","M","M","M","$","M","R","E","?","T","?","M","E","R","E","R","BOSS"],"build_version":"2018-11-14","purchased_purges":1,"victory":true,"max_hp_per_floor":[66,66,66,66,66,66,66,66,66,66,66,66,66,66,66,66,66,66,66,66,66,66,66,66,66,66,66,66,66,66,66,66,66,66,66,66,66,66,66,66,66,66,66,68,68,68,68,70,70,70],"card_choices":[{"not_picked":["Prepared","Tactician"],"picked":"Dodge and Roll","floor":1},{"not_picked":["Cloak And Dagger","Prepared"],"picked":"Deadly Poison","floor":2},{"not_picked":["Deflect","Cloak And Dagger"],"picked":"Dash","floor":3},{"not_picked":["Slice","Tactician"],"picked":"Crippling Poison","floor":5},{"not_picked":["Outmaneuver","Cloak And Dagger"],"picked":"Escape Plan","floor":7},{"not_picked":["Sucker Punch","Prepared+1"],"picked":"Infinite Blades","floor":13},{"not_picked":["Blade Dance+1","Deflect+1"],"picked":"Adrenaline+1","floor":14},{"not_picked":["Phantasmal Killer+1","Venomology+1"],"picked":"Die Die Die","floor":16},{"not_picked":["Underhanded Strike","All Out Attack"],"picked":"Footwork","floor":18},{"not_picked":["Outmaneuver+1","Finisher","Sucker Punch"],"picked":"SKIP","floor":19},{"not_picked":["Bane","Acrobatics+1"],"picked":"Blade Dance+1","floor":21},{"not_picked":["Quick Slash","Backstab"],"picked":"Expertise+1","floor":22},{"not_picked":["Bane","Tools of the Trade"],"picked":"Deadly Poison+1","floor":24},{"not_picked":["Backstab","Cloak And Dagger+1","Dagger Throw"],"picked":"SKIP","floor":27},{"not_picked":["All Out Attack","Outmaneuver+1"],"picked":"Burst+1","floor":29},{"not_picked":["Poisoned Stab+1","Endless Agony"],"picked":"Leg Sweep+1","floor":31},{"not_picked":["Glass Knife","Storm of Steel+1"],"picked":"Corpse Explosion+1","floor":33},{"not_picked":["Cloak And Dagger+1","Flying Knee+1","Slice"],"picked":"SKIP","floor":35},{"not_picked":["Flechettes+1","Skewer+1"],"picked":"Blur+1","floor":36},{"not_picked":["Acrobatics+1","Bane","Quick Slash"],"picked":"SKIP","floor":37},{"not_picked":["Accuracy+1","Backstab"],"picked":"Catalyst+1","floor":39},{"not_picked":["Choke+1","Prepared+1"],"picked":"Escape Plan+1","floor":41},{"not_picked":["Endless Agony","Cloak And Dagger+1","Dagger Throw"],"picked":"Singing Bowl","floor":44},{"not_picked":["Underhanded Strike","Caltrops"],"picked":"Crippling Poison+1","floor":45},{"not_picked":["Accuracy","Skewer"],"picked":"Crippling Poison+1","floor":46},{"not_picked":["Dagger Spray+1","Caltrops","Flying Knee+1"],"picked":"Singing Bowl","floor":48}],"player_experience":812259,"relics_obtained":[{"floor":7,"key":"Toxic Egg 2"},{"floor":9,"key":"Gremlin Horn"},{"floor":13,"key":"The Courier"},{"floor":14,"key":"Du-Vu Doll"},{"floor":24,"key":"FossilizedHelix"},{"floor":26,"key":"Letter Opener"},{"floor":41,"key":"Singing Bowl"},{"floor":43,"key":"Blue Candle"},{"floor":44,"key":"Tingsha"},{"floor":46,"key":"Pantograph"},{"floor":48,"key":"Kunai"}],"event_choices":[{"damage_healed":0,"gold_gain":100,"player_choice":"Gold","damage_taken":0,"max_hp_gain":0,"max_hp_loss":0,"event_name":"Wheel of Change","floor":4,"gold_loss":0},{"damage_healed":0,"gold_gain":71,"player_choice":"Gained Gold","damage_taken":0,"max_hp_gain":0,"max_hp_loss":0,"event_name":"Golden Wing","floor":10,"gold_loss":0},{"damage_healed":0,"gold_gain":30,"player_choice":"Searched \u00272\u0027 times","damage_taken":0,"max_hp_gain":0,"max_hp_loss":0,"event_name":"Dead Adventurer","floor":13,"gold_loss":0},{"damage_healed":0,"gold_gain":0,"player_choice":"Copied","damage_taken":0,"max_hp_gain":0,"max_hp_loss":0,"event_name":"Duplicator","floor":25,"gold_loss":0,"cards_obtained":["Noxious Fumes"]},{"cards_removed":["Strike_G"],"damage_healed":0,"gold_gain":0,"player_choice":"Removed Attack","damage_taken":0,"max_hp_gain":0,"max_hp_loss":0,"event_name":"Falling","floor":42,"gold_loss":0},{"damage_healed":0,"gold_gain":0,"player_choice":"Fight","damage_taken":0,"max_hp_gain":0,"max_hp_loss":0,"event_name":"MindBloom","floor":44,"gold_loss":0}],"is_beta":true,"boss_relics":[{"not_picked":["Empty Cage","Snecko Eye"],"picked":"Fusion Hammer"},{"not_picked":["Sozu","WristBlade"],"picked":"Cursed Key"}],"items_purged_floors":[11],"is_endless":false,"potions_floor_spawned":[2,13,16,18,22,24,31,36,37,39,44],"ascension_level":14}