{"gold_per_floor":[111,111,122,8,18,43,63,95,121,121,147,30,48,74,74,151,151,151,98,98,18,18,18,18,18],"floor_reached":25,"playtime":933,"items_purged":["Strike_G"],"score":548,"play_id":"b6d13ff4-9a10-4584-a727-72c4b2b567b3","local_time":"20190328111606","is_ascension_mode":true,"campfire_choices":[{"floor":10,"key":"REST"},{"floor":15,"key":"REST"},{"data":"Wraith Form v2","floor":23,"key":"SMITH"}],"neow_cost":"NONE","seed_source_timestamp":6595306926906,"circlet_count":0,"master_deck":["AscendersBane","Defend_G","Defend_G","Defend_G","Defend_G","Defend_G","Strike_G","Strike_G","Strike_G","Survivor","Neutralize","Noxious Fumes","Quick Slash","Deadly Poison","Bouncing Flask","PiercingWail","After Image","Noxious Fumes","Wraith Form v2+1","Leg Sweep","Well Laid Plans"],"relics":["Ring of the Snake","NeowsBlessing","Pear","Anchor","Omamori","Art of War","Mummified Hand","Ectoplasm","Singing Bowl","Potion Belt"],"potions_floor_usage":[6,14,16,25],"damage_taken":[{"damage":0,"enemies":"2 Louse","floor":1,"turns":1},{"damage":0,"enemies":"Cultist","floor":3,"turns":1},{"damage":0,"enemies":"Jaw Worm","floor":5,"turns":1},{"damage":27,"enemies":"3 Sentries","floor":6,"turns":10},{"damage":0,"enemies":"Looter","floor":7,"turns":4},{"damage":22,"enemies":"Lagavulin","floor":8,"turns":8},{"damage":28,"enemies":"3 Sentries","floor":11,"turns":9},{"damage":0,"enemies":"3 Louse","floor":13,"turns":4},{"damage":6,"enemies":"Gremlin Nob","floor":14,"turns":4},{"damage":21,"enemies":"The Guardian","floor":16,"turns":9},{"damage":1,"enemies":"Shell Parasite","floor":18,"turns":5},{"damage":14,"enemies":"2 Thieves","floor":21,"turns":4},{"damage":0,"enemies":"Gremlin Leader","floor":24,"turns":8},{"damage":54,"enemies":"Masked Bandits","floor":25,"turns":3}],"seed_played":"5108557862314755711","potions_obtained":[{"floor":3,"key":"LiquidBronze"},{"floor":11,"key":"GamblersBrew"},{"floor":13,"key":"GhostInAJar"},{"floor":18,"key":"LiquidBronze"},{"floor":24,"key":"SteroidPotion"}],"is_trial":false,"path_per_floor":["M","?","M","$","M","E","M","E","T","R","E","$","M","E","R","B",null,"M","$","?","M","T","R","E","?"],"character_chosen":"THE_SILENT","items_purchased":["Deadly Poison","Fire Potion","Noxious Fumes","PowerPotion"],"campfire_rested":2,"item_purchase_floors":[4,4,12,19],"current_hp_per_floor":[59,59,59,59,59,42,42,20,20,42,14,14,14,8,30,9,59,58,58,58,44,44,44,44,0],"gold":18,"neow_bonus":"THREE_ENEMY_KILL","is_prod":false,"is_daily":false,"chose_seed":false,"campfire_upgraded":1,"win_rate":0,"timestamp":1553768166,"path_taken":["M","?","M","$","?","E","M","E","T","R","E","$","M","E","R","BOSS","M","$","?","M","?","R","E","?"],"build_version":"2019-01-23","purchased_purges":1,"victory":false,"max_hp_per_floor":[66,66,66,66,66,76,76,76,76,76,76,76,76,76,76,76,76,76,76,76,76,76,76,76,76],"card_choices":[{"not_picked":["Slice","Dagger Spray"],"picked":"Noxious Fumes","floor":1},{"not_picked":["Deflect","Dagger Spray"],"picked":"Quick Slash","floor":3},{"not_picked":["Cloak And Dagger","Dagger Throw"],"picked":"Bouncing Flask","floor":5},{"not_picked":["Deadly Poison","Tools of the Trade"],"picked":"PiercingWail","floor":6},{"not_picked":["Slice","Blade Dance","Sucker Punch"],"picked":"SKIP","floor":7},{"not_picked":["Underhanded Strike","Concentrate"],"picked":"After Image","floor":8},{"not_picked":["Flechettes","Prepared","Acrobatics"],"picked":"SKIP","floor":11},{"not_picked":["Sucker Punch","Deflect","Prepared"],"picked":"SKIP","floor":13},{"not_picked":["Choke","A Thousand Cuts","Bane"],"picked":"SKIP","floor":14},{"not_picked":["Night Terror","Adrenaline"],"picked":"Wraith Form v2","floor":16},{"not_picked":["Poisoned Stab","Quick Slash","Deadly Poison"],"picked":"SKIP","floor":18},{"not_picked":["Deflect","Prepared"],"picked":"Leg Sweep","floor":21},{"not_picked":["Deflect","Quick Slash"],"picked":"Well Laid Plans","floor":24}],"player_experience":1493068,"relics_obtained":[{"floor":6,"key":"Pear"},{"floor":8,"key":"Anchor"},{"floor":9,"key":"Omamori"},{"floor":11,"key":"Art of War"},{"floor":14,"key":"Mummified Hand"},{"floor":22,"key":"Singing Bowl"},{"floor":24,"key":"Potion Belt"}],"event_choices":[{"cards_removed":["Strike_G"],"damage_healed":0,"gold_gain":0,"player_choice":"Card Removal","damage_taken":0,"max_hp_gain":0,"max_hp_loss":0,"event_name":"Wheel of Change","floor":2,"gold_loss":0},{"damage_healed":0,"gold_gain":0,"player_choice":"Smashed Altar","damage_taken":0,"max_hp_gain":0,"max_hp_loss":0,"event_name":"Forgotten Altar","floor":20,"gold_loss":0,"cards_obtained":["Decay"]},{"damage_healed":0,"gold_gain":0,"player_choice":"Fought Bandits","damage_taken":0,"max_hp_gain":0,"max_hp_loss":0,"event_name":"Masked Bandits","floor":25,"gold_loss":0}],"is_beta":false,"boss_relics":[{"not_picked":["HoveringKite","Empty Cage"],"picked":"Ectoplasm"}],"items_purged_floors":[12],"is_endless":false,"potions_floor_spawned":[3,11,13,18,24],"killed_by":"Masked Bandits","ascension_level":20}