{"gold_per_floor":[114,124,124,299,185,185,31,58,131,165,165,200,219,189],"floor_reached":14,"playtime":1146,"items_purged":["Doubt"],"score":159,"play_id":"cf74f99f-ad2f-47ba-9165-9b5c41015979","local_time":"20180923002333","is_ascension_mode":true,"campfire_choices":[{"data":"Footwork","floor":6,"key":"SMITH"},{"data":"Noxious Fumes","floor":11,"key":"SMITH"}],"neow_cost":"NONE","seed_source_timestamp":10556186011141,"circlet_count":0,"master_deck":["Defend_G","Defend_G","Defend_G","Defend_G","Defend_G","Strike_G","Strike_G","Strike_G","Strike_G","Strike_G","Survivor","Neutralize","AscendersBane","Blade Dance","Dagger Spray","Footwork+1","Noxious Fumes","Malaise","Flechettes","Noxious Fumes+1","Corpse Explosion","Bane+1"],"relics":["Ring of the Snake","Bag of Marbles","Bottled Flame","Pear","Bronze Scales","Molten Egg 2"],"potions_floor_usage":[10,10,12,13],"damage_taken":[{"damage":0,"enemies":"Cultist","floor":1,"turns":3},{"damage":0,"enemies":"Small Slimes","floor":2,"turns":4},{"damage":34,"enemies":"3 Sentries","floor":8,"turns":7},{"damage":16,"enemies":"Lagavulin","floor":10,"turns":6},{"damage":19,"enemies":"Gremlin Nob","floor":12,"turns":3},{"damage":0,"enemies":"2 Louse","floor":13,"turns":1},{"damage":4,"enemies":"Exordium Thugs","floor":14,"turns":2}],"seed_played":"340152697237736893","potions_obtained":[{"floor":2,"key":"Poison Potion"},{"floor":8,"key":"AttackPotion"},{"floor":10,"key":"AttackPotion"},{"floor":12,"key":"SteroidPotion"}],"is_trial":false,"path_per_floor":["M","M","?","?","$","R","$","E","T","E","R","E","M"],"character_chosen":"THE_SILENT","items_purchased":["Footwork","Noxious Fumes","Malaise"],"campfire_rested":0,"item_purchase_floors":[5,7,7],"current_hp_per_floor":[63,63,63,63,63,63,63,29,39,23,23,4,4,0],"gold":189,"neow_bonus":"RANDOM_COMMON_RELIC","is_prod":false,"is_daily":false,"chose_seed":false,"campfire_upgraded":2,"win_rate":0,"timestamp":1537655013,"path_taken":["M","M","?","?","?","R","$","E","T","E","R","E","?","M"],"build_version":"2018-09-20","purchased_purges":1,"victory":false,"max_hp_per_floor":[70,70,70,70,70,70,70,70,80,80,80,80,80,80],"card_choices":[{"not_picked":["Choke","Terror"],"picked":"Blade Dance","floor":1},{"not_picked":["Poisoned Stab","Acrobatics"],"picked":"Dagger Spray","floor":2},{"not_picked":["Riddle With Holes","Leg Sweep"],"picked":"Flechettes","floor":8},{"not_picked":["Escape Plan","Tactician"],"picked":"Noxious Fumes","floor":10},{"not_picked":["Flechettes","Bouncing Flask"],"picked":"Corpse Explosion","floor":12},{"not_picked":["Dagger Spray+1","Outmaneuver"],"picked":"Bane+1","floor":13}],"player_experience":483293,"relics_obtained":[{"floor":8,"key":"Bottled Flame"},{"floor":9,"key":"Pear"},{"floor":10,"key":"Bronze Scales"},{"floor":12,"key":"Molten Egg 2"}],"event_choices":[{"event_name":"Golden Wing","player_choice":"Ignored","floor":3,"damage_taken":0},{"event_name":"Liars Game","player_choice":"agreed","floor":4,"damage_taken":0}],"is_beta":true,"boss_relics":[],"items_purged_floors":[5],"is_endless":false,"potions_floor_spawned":[2,8,10,12],"killed_by":"Exordium Thugs","ascension_level":10}