{"path_per_floor":["M","$","?","?","M","R","?","E","T","E","M","R","E","M","R","B",null,"M","M","M","?","$"],"character_chosen":"DEFECT","items_purchased":["Double Energy","Panacea","BootSequence","Storm","Glacier"],"gold_per_floor":[361,73,73,23,39,39,39,65,65,94,109,109,139,149,149,244,244,259,275,289,289,183,183],"floor_reached":23,"campfire_rested":0,"playtime":1209,"item_purchase_floors":[2,2,2,22,22],"current_hp_per_floor":[64,64,64,64,61,61,61,45,45,47,54,54,25,40,40,45,68,42,35,32,16,16,0],"items_purged":["Regret"],"gold":183,"score":293,"play_id":"d0fd0f3c-6e01-4847-9f83-aa147de25560","local_time":"20180610214333","is_prod":false,"is_daily":false,"chose_seed":false,"is_ascension_mode":true,"campfire_upgraded":3,"win_rate":0,"timestamp":1528659813,"campfire_choices":[{"data":"Dualcast","floor":6,"key":"SMITH"},{"data":"Double Energy","floor":12,"key":"SMITH"},{"data":"Multi-Cast","floor":15,"key":"SMITH"}],"path_taken":["M","$","?","?","M","R","?","E","T","E","?","R","E","M","R","BOSS","M","M","M","?","$","E"],"build_version":"2018-06-08","seed_source_timestamp":39338146982654,"purchased_purges":1,"victory":false,"master_deck":["Strike_B","Strike_B","Strike_B","Strike_B","Defend_B","Defend_B","Defend_B","Zap+1","Dualcast+1","Ball Lightning","Double Energy+1","Panacea","BootSequence","Self Repair","Leap","Multi-Cast+1","Go for the Eyes","Amplify","Rip and Tear","Creative AI","Conserve Battery","Double Energy","Ball Lightning+1","Necronomicurse","Storm","Glacier"],"max_hp_per_floor":[75,75,75,75,75,75,75,75,75,75,75,75,75,75,75,75,75,75,75,75,75,75,75],"relics":["Cracked Core","Pantograph","Centennial Puzzle","Shuriken","Bird Faced Urn","Nuclear Battery","Necronomicon"],"card_choices":[{"not_picked":["Rebound","Steam"],"picked":"Ball Lightning","floor":1},{"not_picked":["Aggregate","Beam Cell"],"picked":"Self Repair","floor":5},{"not_picked":["Stack","Ball Lightning"],"picked":"Leap","floor":8},{"not_picked":["Reprogram","Conserve Battery"],"picked":"Multi-Cast","floor":10},{"not_picked":["Rebound","Sweeping Beam"],"picked":"Go for the Eyes","floor":11},{"not_picked":["Self Repair","Redo"],"picked":"Amplify","floor":13},{"not_picked":["Gash","Compile Driver"],"picked":"Rip and Tear","floor":14},{"not_picked":["Thunder Strike","Reboot"],"picked":"Creative AI","floor":16},{"not_picked":["Rebound","Beam Cell"],"picked":"Conserve Battery","floor":18},{"not_picked":["Conserve Battery+1","Sweeping Beam"],"picked":"Double Energy","floor":19},{"not_picked":["Coolheaded","FTL"],"picked":"Ball Lightning+1","floor":20}],"player_experience":306548,"potions_floor_usage":[8,10,10,18,20,23],"damage_taken":[{"damage":4,"enemies":"Jaw Worm","floor":1,"turns":3},{"damage":3,"enemies":"Small Slimes","floor":5,"turns":3},{"damage":23,"enemies":"3 Sentries","floor":8,"turns":6},{"damage":5,"enemies":"Lagavulin","floor":10,"turns":5},{"damage":0,"enemies":"2 Louse","floor":11,"turns":2},{"damage":36,"enemies":"Gremlin Nob","floor":13,"turns":5},{"damage":3,"enemies":"Exordium Thugs","floor":14,"turns":4},{"damage":29,"enemies":"The Guardian","floor":16,"turns":12},{"damage":53,"enemies":"3 Byrds","floor":18,"turns":5},{"damage":30,"enemies":"Chosen","floor":19,"turns":7},{"damage":20,"enemies":"Snecko","floor":20,"turns":5},{"damage":28,"enemies":"Book of Stabbing","floor":23,"turns":4}],"relics_obtained":[{"floor":8,"key":"Pantograph"},{"floor":9,"key":"Centennial Puzzle"},{"floor":10,"key":"Shuriken"},{"floor":13,"key":"Bird Faced Urn"},{"floor":21,"key":"Necronomicon"}],"event_choices":[{"event_name":"Living Wall","player_choice":"Grow","floor":3,"damage_taken":0},{"event_name":"The Cleric","player_choice":"Card Removal","floor":4,"damage_taken":0},{"event_name":"The Lab","player_choice":"Got Potions","floor":7,"damage_taken":0},{"event_name":"Cursed Tome","player_choice":"Obtained Book","floor":21,"damage_taken":0}],"boss_relics":[{"not_picked":["Calling Bell","Orrery"],"picked":"Nuclear Battery"}],"items_purged_floors":[2],"potions_floor_spawned":[5,8,11,20],"seed_played":"-1919299563346608246","killed_by":"Book of Stabbing","ascension_level":8,"potions_obtained":[{"floor":5,"key":"Block Potion"},{"floor":7,"key":"SpeedPotion"},{"floor":7,"key":"SteroidPotion"},{"floor":8,"key":"Poison Potion"},{"floor":11,"key":"Energy Potion"},{"floor":20,"key":"EssenceOfSteel"}],"is_trial":false}