{"gold_per_floor":[115,129,143,103,118,118,153,172,172,182,182,216,28,56,56,130,130,140,152,52,52,72,72,72,105,105,115,115],"floor_reached":28,"playtime":1143,"items_purged":["Strike_R","Strike_R"],"score":645,"play_id":"e40b2e9f-6694-449a-b969-c60cf1bf8046","local_time":"20190523110127","is_ascension_mode":true,"campfire_choices":[{"data":"Uppercut","floor":6.0,"key":"SMITH"},{"floor":11.0,"key":"REST"},{"data":"Armaments","floor":15.0,"key":"SMITH"},{"floor":23.0,"key":"REST"}],"neow_cost":"NONE","seed_source_timestamp":0,"circlet_count":0,"master_deck":["AscendersBane","Strike_R","Strike_R","Strike_R","Defend_R","Defend_R","Defend_R","Defend_R","Bash","Rampage","Uppercut+1","Pommel Strike","Disarm","Disarm","Inflame","Heavy Blade","Spot Weakness","Battle Trance","Armaments+1","Feed","Reaper","Shrug It Off+1"],"special_seed":0,"relics":["Burning Blood","Red Skull","Self Forming Clay","Sundial","Ornamental Fan","Runic Pyramid","Kunai","Bronze Scales","Shuriken"],"potions_floor_usage":[27,28],"damage_taken":[{"damage":1.0,"enemies":"Cultist","floor":1.0,"turns":3.0},{"damage":11.0,"enemies":"Jaw Worm","floor":2.0,"turns":4.0},{"damage":5.0,"enemies":"2 Louse","floor":3.0,"turns":3.0},{"damage":14.0,"enemies":"Exordium Wildlife","floor":5.0,"turns":3.0},{"damage":39.0,"enemies":"Lagavulin","floor":7.0,"turns":6.0},{"damage":16.0,"enemies":"Exordium Thugs","floor":8.0,"turns":4.0},{"damage":10.0,"enemies":"3 Louse","floor":10.0,"turns":4.0},{"damage":8.0,"enemies":"Gremlin Nob","floor":12.0,"turns":3.0},{"damage":19.0,"enemies":"3 Sentries","floor":14.0,"turns":6.0},{"damage":0.0,"enemies":"Hexaghost","floor":16.0,"turns":7.0},{"damage":31.0,"enemies":"Spheric Guardian","floor":18.0,"turns":6.0},{"damage":16.0,"enemies":"3 Byrds","floor":19.0,"turns":7.0},{"damage":8.0,"enemies":"Snecko","floor":22.0,"turns":4.0},{"damage":37.0,"enemies":"Slavers","floor":25.0,"turns":6.0},{"damage":8,"enemies":"Snake Plant","floor":27,"turns":2},{"damage":24,"enemies":"Book of Stabbing","floor":28,"turns":5}],"seed_played":"2485797760647327328","potions_obtained":[{"floor":1.0,"key":"EssenceOfSteel"},{"floor":4.0,"key":"BloodPotion"},{"floor":4.0,"key":"LiquidBronze"},{"floor":7.0,"key":"PowerPotion"},{"floor":10.0,"key":"SkillPotion"},{"floor":12.0,"key":"Poison Potion"},{"floor":14.0,"key":"PowerPotion"},{"floor":22.0,"key":"SteroidPotion"},{"floor":25.0,"key":"Energy Potion"},{"floor":27,"key":"AttackPotion"}],"is_trial":false,"path_per_floor":["M","M","M","?","M","R","E","M","T","M","R","E","$","E","R","B",null,"M","M","$","?","M","R","T","E","T","M","E"],"character_chosen":"IRONCLAD","items_purchased":["Spot Weakness","Battle Trance"],"campfire_rested":2,"item_purchase_floors":[13,13],"current_hp_per_floor":[73,68,69,69,61,61,28,18,18,14,36,34,34,21,21,27,63,42,36,36,12,14,41,41,13,13,14,0],"gold":115,"neow_bonus":"THREE_CARDS","is_prod":false,"is_daily":false,"chose_seed":false,"campfire_upgraded":2,"win_rate":0,"timestamp":1558602087,"path_taken":["M","?","M","?","M","R","E","M","T","M","R","E","?","E","R","BOSS","M","?","$","?","M","R","?","E","T","M","E"],"build_version":"2019-01-23","purchased_purges":2,"victory":false,"max_hp_per_floor":[75,75,75,75,75,75,75,75,75,75,75,75,75,75,75,75,75,79,83,83,88,92,92,92,95,95,98,98],"card_choices":[{"not_picked":["Flex","Pommel Strike"],"picked":"Rampage","floor":0.0},{"not_picked":["Entrench","Cleave"],"picked":"Uppercut","floor":1.0},{"not_picked":["Sword Boomerang","Wild Strike"],"picked":"Pommel Strike","floor":2.0},{"not_picked":["Warcry","Inflame"],"picked":"Disarm","floor":3.0},{"not_picked":["Flex","Intimidate","Barricade"],"picked":"SKIP","floor":5.0},{"not_picked":["Headbutt","Entrench"],"picked":"Disarm","floor":7.0},{"not_picked":["Rampage","Reckless Charge"],"picked":"Inflame","floor":8.0},{"not_picked":["Intimidate","Metallicize"],"picked":"Heavy Blade","floor":10.0},{"not_picked":["Havoc","Rupture","Seeing Red"],"picked":"SKIP","floor":12.0},{"not_picked":["Uppercut","Burning Pact"],"picked":"Armaments","floor":14.0},{"not_picked":["Double Tap","Juggernaut"],"picked":"Feed","floor":16.0},{"not_picked":["Carnage","Body Slam","Cleave"],"picked":"SKIP","floor":18.0},{"not_picked":["Carnage+1","Fire Breathing","Thunderclap"],"picked":"SKIP","floor":19.0},{"not_picked":["Heavy Blade","Clash+1","Body Slam"],"picked":"SKIP","floor":22.0},{"not_picked":["Thunderclap","Whirlwind"],"picked":"Reaper","floor":25.0},{"not_picked":["Rage","Hemokinesis"],"picked":"Shrug It Off+1","floor":27}],"player_experience":1705668,"relics_obtained":[{"floor":7.0,"key":"Red Skull"},{"floor":9.0,"key":"Self Forming Clay"},{"floor":12.0,"key":"Sundial"},{"floor":14.0,"key":"Ornamental Fan"},{"floor":24.0,"key":"Kunai"},{"floor":25.0,"key":"Bronze Scales"},{"floor":26.0,"key":"Shuriken"}],"event_choices":[{"damage_healed":0.0,"max_hp_gain":0.0,"max_hp_loss":0.0,"gold_gain":0.0,"event_name":"The Woman in Blue","player_choice":"Bought 3 Potions","floor":4.0,"gold_loss":0.0,"damage_taken":0.0},{"damage_healed":0.0,"max_hp_gain":5.0,"max_hp_loss":0.0,"gold_gain":0.0,"event_name":"Forgotten Altar","player_choice":"Shed Blood","floor":21.0,"gold_loss":0.0,"damage_taken":29.0}],"is_beta":false,"boss_relics":[{"not_picked":["Black Star","Mark of Pain"],"picked":"Runic Pyramid"}],"items_purged_floors":[13,20],"is_endless":false,"potions_floor_spawned":[1,5,7,10,12,14,22,25,27],"killed_by":"Book of Stabbing","ascension_level":20}