{"gold_per_floor":[214,232,23,23,62,111,111,125,125,125,144,155,206,225,225,324,324,334,53,53,28,28],"floor_reached":22,"playtime":883,"items_purged":["Grand Finale"],"score":196,"play_id":"f23ed255-6099-4a2d-b332-5d53c8cba554","local_time":"20190630221127","is_ascension_mode":false,"campfire_choices":[{"floor":7,"key":"REST"},{"floor":10,"key":"REST"},{"floor":15,"key":"REST"}],"neow_cost":"NONE","seed_source_timestamp":1209142002478372,"circlet_count":0,"master_deck":["Survivor","Neutralize+1","Sucker Punch","Footwork","Deadly Poison","HandOfGreed","Bouncing Flask","Noxious Fumes","Sucker Punch","Caltrops","Catalyst","Infinite Blades","Setup","Wraith Form v2","Terror","All Out Attack","Catalyst","Phantasmal Killer","Footwork","All Out Attack","Slice","Night Terror","Caltrops","Outmaneuver","Poisoned Stab","Flying Knee"],"relics":["Ring of the Snake","Sundial","Bottled Tornado","Letter Opener","Pandora\u0027s Box","Snake Skull"],"potions_floor_usage":[6,13,16,20,22],"damage_taken":[{"damage":2,"enemies":"2 Louse","floor":1,"turns":4},{"damage":2,"enemies":"Small Slimes","floor":2,"turns":4},{"damage":0,"enemies":"Jaw Worm","floor":5,"turns":5},{"damage":46,"enemies":"3 Sentries","floor":6,"turns":16},{"damage":2,"enemies":"2 Fungi Beasts","floor":8,"turns":4},{"damage":6,"enemies":"Red Slaver","floor":11,"turns":4},{"damage":8,"enemies":"Exordium Thugs","floor":12,"turns":4},{"damage":26,"enemies":"Lagavulin","floor":13,"turns":6},{"damage":3,"enemies":"Looter","floor":14,"turns":3},{"damage":26,"enemies":"The Guardian","floor":16,"turns":8},{"damage":7,"enemies":"Spheric Guardian","floor":18,"turns":3},{"damage":45,"enemies":"Colosseum Slavers","floor":20,"turns":4},{"damage":22,"enemies":"Shell Parasite","floor":22,"turns":3}],"seed_played":"2672045298381296816","potions_obtained":[{"floor":1,"key":"AttackPotion"},{"floor":8,"key":"SpeedPotion"},{"floor":11,"key":"SpeedPotion"},{"floor":13,"key":"PowerPotion"},{"floor":14,"key":"FearPotion"},{"floor":18,"key":"Energy Potion"}],"is_trial":false,"path_per_floor":["M","M","$","?","M","E","R","M","T","R","M","M","E","M","R","B",null,"M","$","?","$","M"],"character_chosen":"THE_SILENT","items_purchased":["Deadly Poison","HandOfGreed","Snake Skull","Poisoned Stab","Flying Knee"],"campfire_rested":3,"item_purchase_floors":[3,3,19,19,21],"current_hp_per_floor":[68,66,66,66,66,20,41,39,39,60,54,46,20,17,38,12,70,63,63,18,18,0],"gold":28,"neow_bonus":"HUNDRED_GOLD","is_prod":false,"is_daily":false,"chose_seed":false,"campfire_upgraded":0,"win_rate":0,"timestamp":1561900287,"path_taken":["M","M","$","?","M","E","R","M","T","R","M","M","E","M","R","BOSS","M","$","?","$","M"],"build_version":"2019-01-23","purchased_purges":1,"victory":false,"max_hp_per_floor":[70,70,70,70,70,70,70,70,70,70,70,70,70,70,70,70,70,70,70,70,70,70],"card_choices":[{"not_picked":["Backflip","Expertise"],"picked":"Sucker Punch","floor":1},{"not_picked":["Dagger Throw","Well Laid Plans"],"picked":"Footwork","floor":2},{"not_picked":["Dagger Throw","Outmaneuver"],"picked":"Bouncing Flask","floor":5},{"not_picked":["Cloak And Dagger","Quick Slash"],"picked":"Noxious Fumes","floor":6},{"not_picked":["Masterful Stab","Escape Plan"],"picked":"Sucker Punch","floor":8},{"not_picked":["Malaise","Infinite Blades"],"picked":"Caltrops","floor":11},{"not_picked":["Prepared","Terror"],"picked":"Catalyst","floor":12},{"not_picked":["Tactician","Flechettes"],"picked":"Infinite Blades","floor":13},{"not_picked":["Predator","Dodge and Roll"],"picked":"Setup","floor":14},{"not_picked":["Burst","Doppelganger"],"picked":"Wraith Form v2","floor":16},{"not_picked":["Distraction","PiercingWail"],"picked":"Outmaneuver","floor":18}],"player_experience":204786,"relics_obtained":[{"floor":6,"key":"Sundial"},{"floor":9,"key":"Bottled Tornado"},{"floor":13,"key":"Letter Opener"}],"event_choices":[{"damage_healed":0,"gold_gain":0,"player_choice":"Grow","damage_taken":0,"max_hp_gain":0,"max_hp_loss":0,"event_name":"Living Wall","floor":4,"gold_loss":0,"cards_upgraded":["Neutralize"]},{"damage_healed":0,"gold_gain":0,"player_choice":"Fight","damage_taken":0,"max_hp_gain":0,"max_hp_loss":0,"event_name":"Colosseum","floor":20,"gold_loss":0},{"damage_healed":0,"gold_gain":0,"player_choice":"Fled From Nobs","damage_taken":0,"max_hp_gain":0,"max_hp_loss":0,"event_name":"Colosseum","floor":20,"gold_loss":0}],"is_beta":false,"boss_relics":[{"not_picked":["Cursed Key","Tiny House"],"picked":"Pandora\u0027s Box"}],"items_purged_floors":[19],"is_endless":false,"potions_floor_spawned":[1,8,11,13,14,18,20],"killed_by":"Shell Parasite","ascension_level":0}