{"gold_per_floor":[117,131,143,68,88,120,137,137,137,137],"floor_reached":10,"playtime":540,"items_purged":["Defend_R"],"score":70,"play_id":"e71b098b-8db2-4baa-a7f6-596f247aee48","local_time":"20191002102932","is_ascension_mode":false,"campfire_choices":[],"neow_cost":"NONE","seed_source_timestamp":1361133183483300,"circlet_count":0,"master_deck":["Strike_R","Strike_R","Strike_R","Strike_R","Defend_R","Defend_R","Defend_R","Bash","Armaments"],"special_seed":0,"relics":["Burning Blood","Letter Opener","Meat on the Bone"],"potions_floor_usage":[],"damage_taken":[{"damage":8.0,"enemies":"Jaw Worm","floor":1.0,"turns":3.0},{"damage":5.0,"enemies":"Small Slimes","floor":2.0,"turns":4.0},{"damage":2.0,"enemies":"2 Louse","floor":3.0,"turns":4.0},{"damage":28.0,"enemies":"Gremlin Gang","floor":5.0,"turns":9.0},{"damage":54.0,"enemies":"Lagavulin","floor":6.0,"turns":8.0},{"damage":8.0,"enemies":"Large Slime","floor":7.0,"turns":8.0},{"damage":10,"enemies":"3 Louse","floor":10,"turns":2}],"seed_played":"-1125619072782655914","potions_obtained":[{"floor":5.0,"key":"Swift Potion"},{"floor":6.0,"key":"Block Potion"}],"is_trial":false,"path_per_floor":["M","M","M","$","M","E","M","?","T","M"],"character_chosen":"IRONCLAD","items_purchased":[],"campfire_rested":0,"item_purchase_floors":[],"current_hp_per_floor":[78,79,80,80,58,10,8,8,8,0],"gold":137,"neow_bonus":"REMOVE_CARD","is_prod":false,"is_daily":false,"chose_seed":false,"campfire_upgraded":0,"win_rate":0,"timestamp":1569983372,"path_taken":["M","M","M","$","M","E","M","?","T","M"],"build_version":"2019-09-27","purchased_purges":1,"victory":false,"max_hp_per_floor":[80,80,80,80,80,80,80,80,80,80],"card_choices":[{"not_picked":["Perfected Strike","Thunderclap","Feel No Pain"],"picked":"SKIP","floor":1.0},{"not_picked":["Feel No Pain","Pommel Strike","Inflame"],"picked":"SKIP","floor":2.0},{"not_picked":["Headbutt","Clash","Rupture"],"picked":"SKIP","floor":3.0},{"not_picked":["Seeing Red","True Grit","Perfected Strike"],"picked":"SKIP","floor":5.0},{"not_picked":["Warcry","Body Slam"],"picked":"Armaments","floor":6.0},{"not_picked":["Clothesline","Iron Wave","Warcry"],"picked":"SKIP","floor":7.0}],"player_experience":321663,"relics_obtained":[{"floor":6.0,"key":"Letter Opener"},{"floor":9.0,"key":"Meat on the Bone"}],"event_choices":[{"damage_healed":0.0,"max_hp_gain":0.0,"max_hp_loss":0.0,"gold_gain":0.0,"event_name":"Dead Adventurer","player_choice":"Searched \u00270\u0027 times","floor":8.0,"gold_loss":0.0,"damage_taken":0.0}],"is_beta":true,"boss_relics":[],"items_purged_floors":[4],"is_endless":false,"potions_floor_spawned":[5,6],"killed_by":"3 Louse","ascension_level":0}