{"gold_per_floor":[109,109,122,132,146,174,205,217,229,241,287,37,48,48,48,48],"floor_reached":16,"playtime":2861,"items_purged":[],"score":168,"play_id":"3542b6ce-97bc-4279-98a4-c2d0abd0a14e","local_time":"20180922232212","is_ascension_mode":true,"campfire_choices":[{"data":"Dash","floor":8,"key":"SMITH"},{"floor":10,"key":"REST"},{"floor":15,"key":"REST"}],"neow_cost":"","seed_source_timestamp":5145365856104,"circlet_count":0,"master_deck":["Defend_G+1","Defend_G","Defend_G+1","Defend_G","Defend_G","Strike_G","Strike_G","Strike_G","Strike_G","Strike_G","Survivor","Neutralize","AscendersBane","All Out Attack","Masterful Stab","Calculated Gamble","Dash+1","Blade Dance","Dagger Spray","Heel Hook","Deadly Poison"],"relics":["Ring of the Snake","MawBank","Bottled Lightning","Snake Skull","Ninja Scroll","Shuriken"],"potions_floor_usage":[6,11],"damage_taken":[{"damage":0,"enemies":"2 Louse","floor":1,"turns":4},{"damage":0,"enemies":"Small Slimes","floor":3,"turns":3},{"damage":0,"enemies":"Cultist","floor":4,"turns":3},{"damage":1,"enemies":"Blue Slaver","floor":5,"turns":4},{"damage":30,"enemies":"Lagavulin","floor":6,"turns":11},{"damage":3,"enemies":"Looter","floor":7,"turns":3},{"damage":27,"enemies":"Gremlin Nob","floor":11,"turns":5},{"damage":0,"enemies":"Exordium Wildlife","floor":13,"turns":3},{"damage":32,"enemies":"Hexaghost","floor":16,"turns":9}],"seed_played":"225423949535267907","potions_obtained":[{"floor":1,"key":"Ancient Potion"},{"floor":4,"key":"Dexterity Potion"},{"floor":5,"key":"Energy Potion"},{"floor":7,"key":"SpeedPotion"}],"is_trial":false,"path_per_floor":["M","?","M","M","M","E","M","R","T","R","E","$","M","?","R"],"character_chosen":"THE_SILENT","items_purchased":["Ninja Scroll"],"campfire_rested":2,"item_purchase_floors":[12],"current_hp_per_floor":[63,49,49,49,48,18,15,15,15,36,9,9,9,9,30,0],"gold":48,"neow_bonus":"","is_prod":false,"is_daily":false,"chose_seed":false,"campfire_upgraded":1,"win_rate":0,"timestamp":1537651332,"path_taken":["M","?","M","M","M","E","M","R","T","R","E","$","M","?","R","BOSS"],"build_version":"2018-09-20","purchased_purges":0,"victory":false,"max_hp_per_floor":[70,70,70,70,70,70,70,70,70,70,70,70,70,70,70,70],"card_choices":[{"not_picked":["Concentrate","Dagger Throw"],"picked":"All Out Attack","floor":1},{"not_picked":["Quick Slash","All Out Attack"],"picked":"Masterful Stab","floor":3},{"not_picked":["Endless Agony","Poisoned Stab"],"picked":"Calculated Gamble","floor":4},{"not_picked":["Prepared","Bane"],"picked":"Dash","floor":5},{"not_picked":["Dagger Spray","Sucker Punch"],"picked":"Blade Dance","floor":6},{"not_picked":["Deflect","Underhanded Strike"],"picked":"Dagger Spray","floor":7},{"not_picked":["PiercingWail","Concentrate"],"picked":"Heel Hook","floor":11},{"not_picked":["Backflip","Bane"],"picked":"Deadly Poison","floor":13}],"player_experience":478047,"relics_obtained":[{"floor":6,"key":"MawBank"},{"floor":9,"key":"Bottled Lightning"},{"floor":11,"key":"Snake Skull"}],"event_choices":[{"event_name":"Shining Light","player_choice":"Entered Light","floor":2,"damage_taken":0},{"event_name":"Dead Adventurer","player_choice":"Searched \u00272\u0027 times","floor":14,"damage_taken":0}],"is_beta":true,"boss_relics":[],"items_purged_floors":[],"is_endless":false,"potions_floor_spawned":[1,4,5,7],"killed_by":"Hexaghost","ascension_level":10}