{"gold_per_floor":[115,115,190,210,285,313,313,333,333,333,347,379,397,397,397,470,470,485,485,497,151,66,66,93,143,143,143,143,160,185,185],"floor_reached":31,"playtime":1322,"items_purged":["Strike_R"],"score":612,"play_id":"41f46f13-57b2-4c2b-92c8-04ca4301a077","local_time":"20181120171449","is_ascension_mode":true,"campfire_choices":[{"data":"Iron Wave","floor":7,"key":"SMITH"},{"data":"Anger","floor":10,"key":"SMITH"},{"data":"Whirlwind","floor":15,"key":"SMITH"},{"data":"True Grit","floor":23,"key":"SMITH"},{"data":"Demon Form","floor":28,"key":"SMITH"}],"neow_cost":"NONE","seed_source_timestamp":32235326469923,"circlet_count":0,"master_deck":["AscendersBane","Strike_R+1","Strike_R","Strike_R","Strike_R+1","Defend_R","Defend_R","Defend_R","Defend_R","Bash+1","Iron Wave+1","Pommel Strike","Headbutt","Anger+1","Whirlwind+1","Body Slam","Anger","Demon Form+1","Spot Weakness","True Grit+1","Dual Wield","Shockwave","Warcry"],"relics":["Burning Blood","NeowsBlessing","Letter Opener","Self Forming Clay","Ice Cream","Runic Cube","Chemical X","Bag of Preparation","Bottled Tornado","Paper Frog","Pantograph","Whetstone"],"potions_floor_usage":[29,30,30],"damage_taken":[{"damage":0,"enemies":"Jaw Worm","floor":1,"turns":1},{"damage":0,"enemies":"2 Louse","floor":4,"turns":1},{"damage":0,"enemies":"Gremlin Nob","floor":6,"turns":1},{"damage":2,"enemies":"Small Slimes","floor":8,"turns":3},{"damage":0,"enemies":"2 Fungi Beasts","floor":11,"turns":3},{"damage":22,"enemies":"Lagavulin","floor":12,"turns":7},{"damage":13,"enemies":"Large Slime","floor":13,"turns":6},{"damage":27,"enemies":"Slime Boss","floor":16,"turns":8},{"damage":26,"enemies":"2 Thieves","floor":18,"turns":4},{"damage":10,"enemies":"3 Byrds","floor":20,"turns":4},{"damage":38,"enemies":"Book of Stabbing","floor":24,"turns":4},{"damage":18,"enemies":"Centurion and Healer","floor":29,"turns":3},{"damage":0,"enemies":"Slavers","floor":30,"turns":2},{"damage":17,"enemies":"Snake Plant","floor":31,"turns":3}],"seed_played":"-7880182592555001939","potions_obtained":[{"floor":8,"key":"Swift Potion"},{"floor":11,"key":"Ancient Potion"},{"floor":24,"key":"SkillPotion"},{"floor":29,"key":"SkillPotion"}],"is_trial":false,"path_per_floor":["M","?","?","M","?","E","R","M","T","R","M","E","M","?","R","B",null,"M","?","M","$","?","R","E","?","T","T","R","M","E","M"],"character_chosen":"IRONCLAD","items_purchased":["Chemical X","True Grit"],"campfire_rested":0,"item_purchase_floors":[21,21],"current_hp_per_floor":[74,74,74,75,64,70,70,74,74,74,75,59,52,52,52,31,64,44,59,55,55,55,55,23,23,23,23,23,11,17,0],"gold":185,"neow_bonus":"THREE_ENEMY_KILL","is_prod":false,"is_daily":false,"chose_seed":false,"campfire_upgraded":5,"win_rate":0,"timestamp":1542730489,"path_taken":["M","?","?","M","?","E","R","M","T","R","M","E","M","?","R","BOSS","M","?","M","$","?","R","E","?","T","?","R","M","E","M"],"build_version":"2018-11-15","purchased_purges":1,"victory":false,"max_hp_per_floor":[75,75,75,75,75,75,75,75,75,75,75,75,75,75,75,75,75,75,75,75,75,75,75,75,75,75,75,75,75,75,75],"card_choices":[{"not_picked":["Warcry","Twin Strike"],"picked":"Iron Wave","floor":1},{"not_picked":["Bloodletting","Wild Strike"],"picked":"Pommel Strike","floor":4},{"not_picked":["Evolve","Pommel Strike"],"picked":"Headbutt","floor":6},{"not_picked":["Body Slam","Wild Strike"],"picked":"Anger","floor":8},{"not_picked":["Entrench","Dropkick"],"picked":"Whirlwind","floor":11},{"not_picked":["Entrench","True Grit"],"picked":"Body Slam","floor":12},{"not_picked":["Pommel Strike","Power Through"],"picked":"Anger","floor":13},{"not_picked":["Juggernaut","Reaper"],"picked":"Demon Form","floor":16},{"not_picked":["Clash","Sword Boomerang"],"picked":"Spot Weakness","floor":18},{"not_picked":["Reckless Charge","Twin Strike","Evolve"],"picked":"SKIP","floor":20},{"not_picked":["Cleave","Wild Strike"],"picked":"Dual Wield","floor":24},{"not_picked":["Shrug It Off","Anger+1"],"picked":"Shockwave","floor":29},{"not_picked":["Twin Strike","Rampage"],"picked":"Warcry","floor":30}],"player_experience":847851,"relics_obtained":[{"floor":6,"key":"Letter Opener"},{"floor":9,"key":"Self Forming Clay"},{"floor":12,"key":"Ice Cream"},{"floor":24,"key":"Bottled Tornado"},{"floor":26,"key":"Paper Frog"},{"floor":27,"key":"Pantograph"},{"floor":30,"key":"Whetstone"}],"event_choices":[{"damage_healed":0,"gold_gain":0,"player_choice":"Grow","damage_taken":0,"max_hp_gain":0,"max_hp_loss":0,"event_name":"Living Wall","floor":2,"gold_loss":0,"cards_upgraded":["Bash"]},{"damage_healed":0,"gold_gain":75,"player_choice":"Gained Gold","damage_taken":0,"max_hp_gain":0,"max_hp_loss":0,"event_name":"Golden Wing","floor":3,"gold_loss":0},{"damage_healed":0,"gold_gain":75,"player_choice":"Gather Gold","damage_taken":11,"max_hp_gain":0,"max_hp_loss":0,"event_name":"World of Goop","floor":5,"gold_loss":0},{"damage_healed":0,"gold_gain":0,"player_choice":"Ignored","damage_taken":0,"max_hp_gain":0,"max_hp_loss":0,"event_name":"Liars Game","floor":14,"gold_loss":0},{"damage_healed":15,"gold_gain":0,"player_choice":"Heal","damage_taken":0,"max_hp_gain":0,"max_hp_loss":0,"event_name":"The Library","floor":19,"gold_loss":0},{"damage_healed":0,"gold_gain":0,"player_choice":"Obtained Relic","damage_taken":0,"relics_obtained":["Bag of Preparation"],"max_hp_gain":0,"max_hp_loss":0,"event_name":"Addict","floor":22,"gold_loss":85},{"damage_healed":0,"gold_gain":50,"player_choice":"Stole From Cult","damage_taken":0,"max_hp_gain":0,"max_hp_loss":0,"event_name":"Nest","floor":25,"gold_loss":0}],"is_beta":true,"boss_relics":[{"not_picked":["Lizard Tail","White Beast Statue"],"picked":"Runic Cube"}],"items_purged_floors":[21],"is_endless":false,"potions_floor_spawned":[8,11,13,24,29],"killed_by":"Snake Plant","ascension_level":17}