{"gold_per_floor":[13,13,13,31,50,84,102,102,102,136,147,180,199,314,314,392,392,503,623,623,641,653,653,683,683,683,683,710,710,59,59,59,137,137,147,19,37,47,215,243,243,343,343,343,373,387,402,489,489,563,640,640,657,732,742,760,773,808,821,856,909,909,926,941,941,971,971,1047,1047,1062,1260,18,33,33,33,60,77,104,138,153,183,199,215,215,293,293,311,326,342,20,30,57,457,475,475,475,505,525,525,525,525,599,676,676,694,340,340,370,244,271,286,315,315,315,332,332,360,285,285,362,362],"floor_reached":121,"playtime":5322,"items_purged":["Strike_B+1"],"score":8161,"play_id":"cee2e0a1-c36c-49e1-a702-3ede35afdeb9","local_time":"20190319192954","is_ascension_mode":true,"campfire_choices":[{"data":"Zap","floor":8.0,"key":"SMITH"},{"floor":15.0,"key":"REST"},{"data":"Heatsinks","floor":23.0,"key":"SMITH"},{"data":"infinitespire:Gouge","floor":25.0,"key":"SMITH"},{"data":"Darkness","floor":27.0,"key":"SMITH"},{"data":"Defragment","floor":32.0,"key":"SMITH"},{"data":"hubris:PowerSurge","floor":41.0,"key":"SMITH"},{"data":"Storm","floor":44.0,"key":"SMITH"},{"data":"Biased Cognition","floor":49.0,"key":"SMITH"},{"data":"Biased Cognition","floor":62.0,"key":"SMITH"},{"data":"Capacitor","floor":65.0,"key":"SMITH"},{"data":"Electrodynamics","floor":67.0,"key":"SMITH"},{"data":"infinitespire:UltimateForm","floor":75.0,"key":"SMITH"},{"data":"Loop","floor":84.0,"key":"SMITH"},{"data":"Electrodynamics","floor":96.0,"key":"SMITH"},{"data":"hubris:InfiniteBlow+41","floor":99.0,"key":"SMITH"},{"data":"hubris:InfiniteBlow+42","floor":101.0,"key":"SMITH"},{"data":"hubris:InfiniteBlow+43","floor":114.0,"key":"SMITH"},{"data":"hubris:InfiniteBlow+44","floor":116.0,"key":"SMITH"},{"data":"hubris:InfiniteBlow+45","floor":119.0,"key":"SMITH"}],"neow_cost":"NO_GOLD","seed_source_timestamp":0,"circlet_count":14,"master_deck":["AscendersBane","Defend_B+1","Defend_B+1","Defend_B+1","Defend_B+1","Zap+1","Dualcast","Gash+1","Self Repair","Compile Driver","Gash","Genetic Algorithm","Double Energy","Cold Snap+1","BootSequence","Biased Cognition+1","Heatsinks+1","Electrodynamics+1","Sweeping Beam","Streamline","Electrodynamics+1","Ball Lightning+1","Madness+1","Darkness+1","Seek+1","Tempest+1","Multi-Cast+1","Defragment+1","Heatsinks","Loop+1","Static Discharge","Capacitor+1","Biased Cognition+1","Steam Power+1","Hologram+1","Scrape+1","Consume+1","Storm+1","Madness+1","Storm+1","Madness+1","Double Energy+1","Static Discharge","Madness+1","Buffer+1","Madness+1","Reinforced Body+1","Loop+1","Loop+1","Creative AI+1","White Noise+1","Madness+1","Madness+1","Seek+1","Storm+1","Loop+1","Loop+1","Static Discharge+1","Static Discharge+1","Defragment+1","Madness+1","Capacitor+1","Loop+1","Electrodynamics+1","Defragment+1","Loop+1","Heatsinks+1","Capacitor+1","Hello World+1","Defragment+1","Self Repair+1","Madness+1","Loop+1","Biased Cognition+1","Seek+1","Storm+1","Amplify+1","Defragment+1","Storm+1","Defragment+1","Defragment+1","Storm+1","Self Repair+1","Aggregate+1","Madness+1","Core Surge","Defragment+1","Mayhem+1","Panacea+1","Capacitor+1","Self Repair+1","Meteor Strike","Double Energy+1"],"special_seed":0,"relics":["FrozenCore","Circlet","Omamori","Oddly Smooth Stone","Dead Branch","Whetstone","Red Mask","Ancient Tea Set","The Courier","Boot","Toxic Egg 2","Singing Bowl","Astrolabe","Unceasing Top","Symbiotic Virus","Dream Catcher","Frozen Egg 2","Bottled Lightning","Strawberry","Eternal Feather","Art of War","Bottled Flame","Cables","Potion Belt","Anchor","Blood Vial","Charon\u0027s Ashes","Nunchaku","PreservedInsect","Old Coin","Mercury Hourglass","Lantern","Centennial Puzzle","Runic Pyramid","Ginger","Tiny Chest","Bag of Preparation","Bronze Scales"],"potions_floor_usage":[],"damage_taken":[{"damage":3.0,"enemies":"2 Louse","floor":1.0,"turns":2.0},{"damage":4.0,"enemies":"Jaw Worm","floor":4.0,"turns":3.0},{"damage":0.0,"enemies":"Cultist","floor":5.0,"turns":3.0},{"damage":24.0,"enemies":"Lagavulin","floor":6.0,"turns":6.0},{"damage":10.0,"enemies":"Exordium Wildlife","floor":7.0,"turns":3.0},{"damage":38.0,"enemies":"3 Sentries","floor":10.0,"turns":10.0},{"damage":9.0,"enemies":"Blue Slaver","floor":11.0,"turns":2.0},{"damage":28.0,"enemies":"Gremlin Nob","floor":12.0,"turns":4.0},{"damage":0.0,"enemies":"3 Louse","floor":13.0,"turns":3.0},{"damage":0.0,"enemies":"Large Slime","floor":14.0,"turns":4.0},{"damage":0.0,"enemies":"The Guardian","floor":16.0,"turns":12.0},{"damage":0.0,"enemies":"Spheric Guardian","floor":18.0,"turns":1.0},{"damage":0.0,"enemies":"2 Thieves","floor":19.0,"turns":1.0},{"damage":0.0,"enemies":"Shelled Parasite and Fungi","floor":21.0,"turns":1.0},{"damage":0.0,"enemies":"Centurion and Healer","floor":22.0,"turns":1.0},{"damage":0.0,"enemies":"Nightmare","floor":24.0,"turns":1.0},{"damage":0.0,"enemies":"Slavers","floor":28.0,"turns":1.0},{"damage":0.0,"enemies":"Champ","floor":33.0,"turns":1.0},{"damage":0.0,"enemies":"3 Shapes","floor":35.0,"turns":1.0},{"damage":0.0,"enemies":"Orb Walker","floor":37.0,"turns":1.0},{"damage":0.0,"enemies":"Spire Growth","floor":38.0,"turns":1.0},{"damage":0.0,"enemies":"Giant Head","floor":40.0,"turns":1.0},{"damage":0.0,"enemies":"Mind Bloom Boss Battle","floor":42.0,"turns":1.0},{"damage":0.0,"enemies":"Nightmare","floor":45.0,"turns":1.0},{"damage":0.0,"enemies":"Writhing Mass","floor":46.0,"turns":1.0},{"damage":0.0,"enemies":"Maw","floor":47.0,"turns":1.0},{"damage":0.0,"enemies":"Jaw Worm Horde","floor":48.0,"turns":1.0},{"damage":0.0,"enemies":"Awakened One","floor":50.0,"turns":2.0},{"damage":32.0,"enemies":"Time Eater","floor":51.0,"turns":3.0},{"damage":0.0,"enemies":"2 Louse","floor":53.0,"turns":1.0},{"damage":0.0,"enemies":"Jaw Worm","floor":55.0,"turns":1.0},{"damage":0.0,"enemies":"Small Slimes","floor":56.0,"turns":1.0},{"damage":0.0,"enemies":"Looter","floor":57.0,"turns":1.0},{"damage":0.0,"enemies":"Gremlin Nob","floor":58.0,"turns":1.0},{"damage":0.0,"enemies":"Blue Slaver","floor":59.0,"turns":1.0},{"damage":0.0,"enemies":"3 Sentries","floor":60.0,"turns":1.0},{"damage":0.0,"enemies":"3 Louse","floor":63.0,"turns":1.0},{"damage":0.0,"enemies":"Large Slime","floor":64.0,"turns":1.0},{"damage":0.0,"enemies":"Nightmare","floor":66.0,"turns":1.0},{"damage":0.0,"enemies":"Slime Boss","floor":68.0,"turns":1.0},{"damage":0.0,"enemies":"Chosen","floor":70.0,"turns":1.0},{"damage":0.0,"enemies":"Colosseum Slavers","floor":71.0,"turns":1.0},{"damage":0.0,"enemies":"Colosseum Nobs","floor":71.0,"turns":1.0},{"damage":0.0,"enemies":"3 Byrds","floor":73.0,"turns":1.0},{"damage":0.0,"enemies":"Nightmare","floor":76.0,"turns":1.0},{"damage":0.0,"enemies":"Snecko","floor":77.0,"turns":1.0},{"damage":0.0,"enemies":"Book of Stabbing","floor":79.0,"turns":1.0},{"damage":0.0,"enemies":"Snake Plant","floor":80.0,"turns":1.0},{"damage":0.0,"enemies":"Slavers","floor":81.0,"turns":1.0},{"damage":0.0,"enemies":"Cultist and Chosen","floor":82.0,"turns":1.0},{"damage":0.0,"enemies":"Snecko","floor":83.0,"turns":1.0},{"damage":0.0,"enemies":"Automaton","floor":85.0,"turns":1.0},{"damage":0.0,"enemies":"3 Darklings","floor":87.0,"turns":1.0},{"damage":0.0,"enemies":"Orb Walker","floor":88.0,"turns":1.0},{"damage":0.0,"enemies":"4 Shapes","floor":89.0,"turns":1.0},{"damage":0.0,"enemies":"3 Darklings","floor":91.0,"turns":1.0},{"damage":0.0,"enemies":"Reptomancer","floor":92.0,"turns":1.0},{"damage":0.0,"enemies":"Mind Bloom Boss Battle","floor":93.0,"turns":1.0},{"damage":0.0,"enemies":"Transient","floor":94.0,"turns":1.0},{"damage":0.0,"enemies":"Nightmare","floor":97.0,"turns":1.0},{"damage":0.0,"enemies":"Spire Growth","floor":98.0,"turns":1.0},{"damage":0.0,"enemies":"Time Eater","floor":102.0,"turns":2.0},{"damage":0.0,"enemies":"Donu and Deca","floor":103.0,"turns":1.0},{"damage":0.0,"enemies":"Jaw Worm","floor":105.0,"turns":1.0},{"damage":0.0,"enemies":"Nightmare","floor":110.0,"turns":1.0},{"damage":0.0,"enemies":"Cultist","floor":111.0,"turns":1.0},{"damage":0.0,"enemies":"3 Sentries","floor":112.0,"turns":1.0},{"damage":0.0,"enemies":"2 Louse","floor":115.0,"turns":1.0},{"damage":0.0,"enemies":"Gremlin Nob","floor":117.0,"turns":1.0},{"damage":0.0,"enemies":"LordOfAnnihilation","floor":120.0,"turns":25.0}],"seed_played":"-461528069857801633","potions_obtained":[{"floor":1.0,"key":"EssenceOfSteel"},{"floor":5.0,"key":"SpeedPotion"},{"floor":10.0,"key":"Dexterity Potion"},{"floor":18.0,"key":"FocusPotion"},{"floor":24.0,"key":"infinitespire:BlackPotion"},{"floor":79.0,"key":"Poison Potion"},{"floor":82.0,"key":"FocusPotion"},{"floor":97.0,"key":"infinitespire:BlackPotion"}],"is_trial":false,"path_per_floor":["M","?","?","M","M","E","M","R","T","E","M","E","M","M","R","B",null,"M","M","?","M","M","R","NM","R","T","R","E","?","$","?","R","B",null,"M","$","M","M","?","E","R","?","T","R","NM","M","M","M","R","B","B",null,"M","?","M","M","M","E","M","E","T","R","M","M","R","NM","R","B",null,"M","?","$","M","?","R","NM","M","T","E","M","E","M","M","R","B",null,"M","M","M","$","M","E","?","M","T","R","NM","M","R","T","R","B","B",null,"M","$","?","T","$","NM","M","E","T","R","M","R","E","?","R","B",null],"character_chosen":"DEFECT","items_purchased":["Tempest+1","Multi-Cast+1","Defragment","Heatsinks","hubris:SlimyHat","Loop","Loop","Static Discharge","Capacitor","Consume+1","Storm","Storm+1","Loop+1","Loop+1","Static Discharge+1","Static Discharge+1","Defragment+1","hubris:SpecializedCircuitry+1","Capacitor+1","Loop+1","Electrodynamics+1","Defragment+1","Loop+1","Heatsinks+1","Capacitor+1","Hello World+1","Defragment+1","Self Repair+1","hubris:PowerSurge+1","Loop+1","Storm+1","Defragment+1","Defragment+1","Storm+1","Hello World+1","Self Repair+1","Defragment+1","Mayhem+1","Panacea+1","Capacitor+1","Self Repair+1"],"campfire_rested":1,"item_purchase_floors":[30,30,30,30,30,30,30,30,30,36,36,72,72,72,72,72,72,72,72,72,72,72,72,72,72,72,72,72,72,72,90,90,90,90,90,90,106,106,106,109,109],"current_hp_per_floor":[75,75,75,78,85,68,65,65,65,34,32,11,11,11,36,43,75,82,85,85,85,85,85,85,85,85,85,85,85,85,85,85,85,85,87,87,89,91,91,91,91,91,91,91,91,91,93,95,95,95,63,87,89,78,78,78,80,80,82,82,89,89,89,89,89,98,98,98,107,109,111,111,113,113,116,116,118,118,120,122,122,124,126,126,126,126,128,128,130,130,132,132,134,136,136,136,138,140,140,140,140,142,142,142,142,142,142,142,142,142,142,142,142,142,142,142,142,142,142,142,142],"gold":362,"neow_bonus":"TWENTY_PERCENT_HP_BONUS","is_prod":false,"is_daily":false,"chose_seed":false,"campfire_upgraded":19,"win_rate":0,"timestamp":1553020194,"path_taken":["M","?","?","M","M","E","M","R","T","E","M","E","M","?","R","BOSS","M","M","?","M","M","R","NM","R","T","R","E","?","$","?","R","BOSS","M","$","M","M","?","E","R","?","T","R","NM","M","M","M","R","BOSS","BOSS","M","?","M","M","M","E","M","E","T","R","M","M","R","NM","R","BOSS","M","?","$","M","?","R","NM","?","T","E","M","E","M","?","R","BOSS","M","M","M","$","M","E","?","M","T","R","NM","M","R","?","R","BOSS","BOSS","M","$","?","?","$","NM","M","E","T","R","?","R","E","?","R","BOSS"],"build_version":"2019-01-23","purchased_purges":1,"victory":false,"max_hp_per_floor":[85,85,85,85,85,85,85,85,85,85,85,85,85,85,85,85,85,85,85,85,85,85,85,85,85,85,85,85,85,85,85,85,85,85,87,87,89,91,91,91,91,91,91,91,91,91,93,95,95,95,95,95,97,97,97,97,99,99,101,101,108,108,108,108,108,110,110,110,110,112,114,114,116,116,116,116,118,118,120,122,122,124,126,126,126,126,128,128,130,130,132,132,134,136,136,136,138,140,140,140,140,142,142,142,142,142,142,142,142,142,142,142,142,142,142,142,142,142,142,142,142],"card_choices":[{"not_picked":["Hologram","Compile Driver"],"picked":"Gash","floor":1.0},{"not_picked":["Chaos","Blizzard"],"picked":"Steam","floor":4.0},{"not_picked":["hubris:SpecializedCircuitry","Hologram"],"picked":"Compile Driver","floor":5.0},{"not_picked":["Blizzard","Go for the Eyes"],"picked":"Gash","floor":6.0},{"not_picked":["Tempest","Sunder"],"picked":"Genetic Algorithm","floor":7.0},{"not_picked":["Reprogram","Heatsinks"],"picked":"Double Energy","floor":10.0},{"not_picked":["Undo","Compile Driver"],"picked":"Cold Snap","floor":11.0},{"not_picked":["Conserve Battery","Hologram"],"picked":"BootSequence","floor":12.0},{"not_picked":["Redo","Leap"],"picked":"Biased Cognition","floor":13.0},{"not_picked":["Barrage","Leap"],"picked":"Heatsinks","floor":14.0},{"not_picked":["Thunder Strike","Reboot"],"picked":"Electrodynamics","floor":16.0},{"not_picked":["Beam Cell","Genetic Algorithm"],"picked":"Sweeping Beam","floor":18.0},{"not_picked":["Leap","Rip and Tear"],"picked":"Streamline","floor":19.0},{"not_picked":["Go for the Eyes+1","Ball Lightning"],"picked":"Electrodynamics","floor":21.0},{"not_picked":["Steam Power","Go for the Eyes"],"picked":"Ball Lightning+1","floor":22.0},{"not_picked":["infinitespire:FutureSight","infinitespire:FinalStrike"],"picked":"infinitespire:Gouge","floor":24.0},{"not_picked":["Rebound","Coolheaded"],"picked":"Darkness","floor":24.0},{"not_picked":["Stack","Skim"],"picked":"Seek","floor":28.0},{"not_picked":["All For One","Thunder Strike"],"picked":"Biased Cognition","floor":33.0},{"not_picked":["Turbo+1","Cold Snap","Conserve Battery+1"],"picked":"Singing Bowl","floor":35.0},{"not_picked":["Go for the Eyes","Gash","Rebound+1"],"picked":"Singing Bowl","floor":37.0},{"not_picked":["Doom and Gloom+1","Cold Snap+1","Lockon"],"picked":"Singing Bowl","floor":38.0},{"not_picked":["BootSequence+1","Seek+1"],"picked":"hubris:PowerSurge","floor":40.0},{"not_picked":["Ball Lightning","Sweeping Beam"],"picked":"Storm+1","floor":42.0},{"not_picked":["infinitespire:Punishment","infinitespire:Execution"],"picked":"infinitespire:UltimateForm","floor":45.0},{"not_picked":["Redo+1","FTL+1"],"picked":"Double Energy+1","floor":45.0},{"not_picked":["Conserve Battery+1","Steam+1"],"picked":"Static Discharge","floor":46.0},{"not_picked":["Auto Shields+1","Compile Driver+1","Stack+1"],"picked":"Singing Bowl","floor":47.0},{"not_picked":["BootSequence+1","Coolheaded+1","Redo+1"],"picked":"Singing Bowl","floor":48.0},{"not_picked":["Hyperbeam","Reboot+1"],"picked":"hubris:SpecializedCircuitry+1","floor":50.0},{"not_picked":["Meteor Strike","Amplify+1"],"picked":"Buffer+1","floor":51.0},{"not_picked":["infinitespire:Fortify","infinitespire:Virus"],"picked":"infinitespire:Collect","floor":51.0},{"not_picked":["Go for the Eyes","Auto Shields+1","Barrage"],"picked":"Singing Bowl","floor":53.0},{"not_picked":["Steam+1","Gash"],"picked":"Reinforced Body+1","floor":55.0},{"not_picked":["Undo+1","Cold Snap"],"picked":"Loop+1","floor":56.0},{"not_picked":["Rebound","Cold Snap","Blizzard"],"picked":"Singing Bowl","floor":57.0},{"not_picked":["Rip and Tear","Undo+1"],"picked":"Loop+1","floor":58.0},{"not_picked":["Conserve Battery+1","Sweeping Beam","Leap+1"],"picked":"Singing Bowl","floor":59.0},{"not_picked":["Compile Driver","Gash"],"picked":"Creative AI+1","floor":60.0},{"not_picked":["Lockon","Stack+1"],"picked":"White Noise+1","floor":63.0},{"not_picked":["Beam Cell","Gash"],"picked":"hubris:PowerSurge+1","floor":64.0},{"not_picked":["infinitespire:Execution","infinitespire:Virus"],"picked":"infinitespire:NeuralNetwork","floor":66.0},{"not_picked":["Sunder","Rebound","Steam Power+1"],"picked":"Singing Bowl","floor":66.0},{"not_picked":["Fission+1","Hyperbeam"],"picked":"Seek+1","floor":68.0},{"not_picked":["Chaos+1","Barrage","Cold Snap"],"picked":"Singing Bowl","floor":70.0},{"not_picked":["Barrage","Redo+1","Cold Snap"],"picked":"Singing Bowl","floor":71.0},{"not_picked":["Go for the Eyes","Consume+1","FTL"],"picked":"Singing Bowl","floor":73.0},{"not_picked":["Leap+1","Streamline"],"picked":"Seek+1","floor":76.0},{"not_picked":["Go for the Eyes+1","Hologram+1","Leap+1"],"picked":"Singing Bowl","floor":77.0},{"not_picked":["Steam Power+1","FTL+1","Leap+1"],"picked":"Singing Bowl","floor":79.0},{"not_picked":["Ball Lightning","Rebound+1","Skim+1"],"picked":"Singing Bowl","floor":80.0},{"not_picked":["Stack+1","Beam Cell"],"picked":"Storm+1","floor":81.0},{"not_picked":["Recycle+1","Streamline+1","Glacier+1"],"picked":"Singing Bowl","floor":82.0},{"not_picked":["Ball Lightning","Streamline","Doom and Gloom"],"picked":"Singing Bowl","floor":83.0},{"not_picked":["Machine Learning+1","All For One"],"picked":"Amplify+1","floor":85.0},{"not_picked":["Cold Snap","Sweeping Beam","Compile Driver+1"],"picked":"Singing Bowl","floor":87.0},{"not_picked":["Tempest+1","Beam Cell"],"picked":"Defragment+1","floor":88.0},{"not_picked":["White Noise+1","Redo+1","Core Surge"],"picked":"Singing Bowl","floor":89.0},{"not_picked":["Reprogram+1","Genetic Algorithm+1","FTL"],"picked":"Singing Bowl","floor":91.0},{"not_picked":["Steam+1","Redo+1"],"picked":"Aggregate+1","floor":92.0},{"not_picked":["White Noise+1","Melter","Barrage"],"picked":"Singing Bowl","floor":93.0},{"not_picked":["Streamline","Barrage","Reinforced Body+1"],"picked":"Singing Bowl","floor":94.0},{"not_picked":["infinitespire:DeathsTouch","infinitespire:Collect"],"picked":"hubris:InfiniteBlow+41","floor":97.0},{"not_picked":["Sweeping Beam","Hologram+1","Cold Snap"],"picked":"Singing Bowl","floor":97.0},{"not_picked":["Loop+1","FTL","Streamline+1"],"picked":"Singing Bowl","floor":98.0},{"not_picked":["Amplify+1","Multi-Cast+1","Electrodynamics+1"],"picked":"Singing Bowl","floor":102.0},{"not_picked":["All For One","Multi-Cast+1"],"picked":"Core Surge","floor":103.0},{"not_picked":["Glacier+1","FTL","Sweeping Beam"],"picked":"Singing Bowl","floor":105.0},{"not_picked":["Doom and Gloom","Consume+1","Go for the Eyes"],"picked":"Singing Bowl","floor":110.0},{"not_picked":["Consume+1","Melter","Redo+1"],"picked":"Singing Bowl","floor":111.0},{"not_picked":["Ball Lightning","Thunder Strike"],"picked":"Meteor Strike","floor":112.0},{"not_picked":["Chaos+1","Tempest+1","Turbo+1"],"picked":"Singing Bowl","floor":115.0},{"not_picked":["Reinforced Body+1","Cold Snap"],"picked":"Double Energy+1","floor":117.0},{"not_picked":["infinitespire:Collect","infinitespire:Gouge","infinitespire:FinalStrike"],"picked":"Singing Bowl","floor":120.0}],"player_experience":1440357,"relics_obtained":[{"floor":2.0,"key":"hubris:SphereOfDissonance"},{"floor":6.0,"key":"Omamori"},{"floor":9.0,"key":"Oddly Smooth Stone"},{"floor":10.0,"key":"Dead Branch"},{"floor":12.0,"key":"Whetstone"},{"floor":20.0,"key":"Red Mask"},{"floor":24.0,"key":"Ancient Tea Set"},{"floor":26.0,"key":"The Courier"},{"floor":28.0,"key":"Toxic Egg 2"},{"floor":40.0,"key":"Unceasing Top"},{"floor":42.0,"key":"hubris:64BitClover"},{"floor":43.0,"key":"Symbiotic Virus"},{"floor":45.0,"key":"Dream Catcher"},{"floor":55.0,"key":"hubris:RGBLights"},{"floor":58.0,"key":"Bottled Lightning"},{"floor":60.0,"key":"infinitespire:Beetle Shell"},{"floor":61.0,"key":"Strawberry"},{"floor":66.0,"key":"infinitespire:FocusingShard"},{"floor":70.0,"key":"Art of War"},{"floor":71.0,"key":"hubris:Zylophone"},{"floor":71.0,"key":"Bottled Flame"},{"floor":76.0,"key":"Cables"},{"floor":78.0,"key":"Potion Belt"},{"floor":79.0,"key":"Anchor"},{"floor":81.0,"key":"Blood Vial"},{"floor":87.0,"key":"hubris:PeanutButter"},{"floor":92.0,"key":"PreservedInsect"},{"floor":93.0,"key":"Old Coin"},{"floor":95.0,"key":"Mercury Hourglass"},{"floor":97.0,"key":"Lantern"},{"floor":100.0,"key":"infinitespire:Eraser"},{"floor":103.0,"key":"Centennial Puzzle"},{"floor":108.0,"key":"Tiny Chest"},{"floor":110.0,"key":"hubris:ToyBattleship"},{"floor":112.0,"key":"Bag of Preparation"},{"floor":113.0,"key":"hubris:Metronome"},{"floor":117.0,"key":"hubris:BallOfYels"}],"event_choices":[{"damage_healed":0.0,"max_hp_gain":0.0,"max_hp_loss":0.0,"gold_gain":0.0,"cards_transformed":["Strike_B"],"event_name":"Transmorgrifier","player_choice":"Transformed","floor":3.0,"gold_loss":0.0,"damage_taken":0.0,"cards_obtained":["Self Repair"]},{"damage_healed":0.0,"max_hp_gain":0.0,"max_hp_loss":0.0,"gold_gain":0.0,"event_name":"Back to Basics","player_choice":"Simplicity","floor":29.0,"gold_loss":0.0,"damage_taken":0.0,"cards_upgraded":["Strike_B","Strike_B","Strike_B","Defend_B","Defend_B","Defend_B","Defend_B"]},{"damage_healed":0.0,"max_hp_gain":0.0,"max_hp_loss":0.0,"gold_gain":0.0,"event_name":"The Mausoleum","player_choice":"Opened","floor":31.0,"gold_loss":0.0,"damage_taken":0.0,"relics_obtained":["Singing Bowl"],"cards_obtained":["Writhe"]},{"cards_removed":["Loop"],"damage_healed":0.0,"max_hp_gain":0.0,"max_hp_loss":0.0,"gold_gain":0.0,"event_name":"Falling","player_choice":"Removed Power","floor":39.0,"gold_loss":0.0,"damage_taken":0.0},{"damage_healed":0.0,"max_hp_gain":0.0,"max_hp_loss":0.0,"gold_gain":0.0,"event_name":"MindBloom","player_choice":"Fight","floor":42.0,"gold_loss":0.0,"damage_taken":0.0},{"damage_healed":0.0,"max_hp_gain":0.0,"max_hp_loss":0.0,"gold_gain":75.0,"event_name":"World of Goop","player_choice":"Gather Gold","floor":54.0,"gold_loss":0.0,"damage_taken":11.0},{"damage_healed":0.0,"max_hp_gain":0.0,"max_hp_loss":0.0,"gold_gain":0.0,"event_name":"Colosseum","player_choice":"Fight","floor":71.0,"gold_loss":0.0,"damage_taken":0.0},{"damage_healed":0.0,"max_hp_gain":0.0,"max_hp_loss":0.0,"gold_gain":0.0,"event_name":"Colosseum","player_choice":"Fought Nobs","floor":71.0,"gold_loss":0.0,"damage_taken":0.0},{"damage_healed":0.0,"max_hp_gain":0.0,"max_hp_loss":0.0,"gold_gain":0.0,"event_name":"Duplicator","player_choice":"Copied","floor":74.0,"gold_loss":0.0,"damage_taken":0.0,"cards_obtained":["Biased Cognition"]},{"damage_healed":0.0,"max_hp_gain":0.0,"max_hp_loss":0.0,"gold_gain":0.0,"event_name":"MindBloom","player_choice":"Fight","floor":93.0,"gold_loss":0.0,"damage_taken":0.0},{"cards_removed":["Hello World"],"damage_healed":0.0,"max_hp_gain":0.0,"max_hp_loss":0.0,"gold_gain":0.0,"event_name":"The Cleric","player_choice":"Card Removal","floor":118.0,"gold_loss":75.0,"damage_taken":0.0}],"is_beta":false,"boss_relics":[{"not_picked":["Velvet Choker","Sozu"],"picked":"hubris:BlackHole"},{"not_picked":["Tiny House","Coffee Dripper"],"picked":"Astrolabe"},{"not_picked":["Cursed Key","Eternal Feather"],"picked":"FrozenCore"},{"not_picked":["Philosopher\u0027s Stone","Cursed Key"],"picked":"Eternal Feather"},{"not_picked":["infinitespire:Cupcake","Busted Crown"],"picked":"hubris:Backtick"},{"not_picked":["Pandora\u0027s Box","hubris:Stopwatch"],"picked":"Runic Pyramid"}],"items_purged_floors":[106],"is_endless":true,"potions_floor_spawned":[1,5,10,14,18,22,38,40,46,47,51,55,57,58,60,63,66,71,71,77,79,82,83,87,93,94,97,102,105,112,115],"ascension_level":20}