{"gold_per_floor":[118,78,24,24,24,24,52,52,52,63,83,114,125,186,186,264,264,274,274,294,294,202,202,234,234,234,269,194,244,276,288,288,288],"floor_reached":33,"playtime":1153,"items_purged":["Writhe"],"score":678,"play_id":"bd975260-e0ed-4b5e-b335-9b653d9902a9","local_time":"20190407185649","is_ascension_mode":true,"campfire_choices":[{"data":"Bash","floor":6.0,"key":"SMITH"},{"data":"Perfected Strike","floor":8.0,"key":"SMITH"},{"data":"Armaments","floor":15,"key":"SMITH"},{"data":"Juggernaut","floor":23,"key":"SMITH"},{"data":"Shockwave","floor":25,"key":"SMITH"},{"data":"Feel No Pain","floor":32,"key":"SMITH"}],"neow_cost":"PERCENT_DAMAGE","seed_source_timestamp":38717728217167,"circlet_count":0,"master_deck":["AscendersBane","Strike_R","Strike_R","Strike_R","Strike_R","Defend_R","Defend_R","Defend_R","Defend_R","Bash+1","Anger","Shrug It Off","Perfected Strike+1","Armaments+1","True Grit","Pommel Strike","Juggernaut+1","True Grit","Disarm+1","Metallicize","Shockwave+1","Feel No Pain+1"],"special_seed":0,"relics":["Burning Blood","Nunchaku","Pocketwatch","Sundial","Calipers","Lantern","Smiling Mask","Coffee Dripper","Letter Opener","Centennial Puzzle","Ancient Tea Set","Juzu Bracelet","Red Mask"],"potions_floor_usage":[16,16,33,33],"damage_taken":[{"damage":7.0,"enemies":"Jaw Worm","floor":1.0,"turns":5.0},{"damage":8.0,"enemies":"Gremlin Nob","floor":7.0,"turns":3.0},{"damage":0.0,"enemies":"Cultist","floor":10.0,"turns":2.0},{"damage":0.0,"enemies":"2 Louse","floor":11.0,"turns":3.0},{"damage":6.0,"enemies":"3 Sentries","floor":12.0,"turns":9.0},{"damage":3.0,"enemies":"Blue Slaver","floor":13.0,"turns":2.0},{"damage":8,"enemies":"3 Sentries","floor":14,"turns":7},{"damage":0,"enemies":"The Guardian","floor":16,"turns":15},{"damage":0,"enemies":"Chosen","floor":18,"turns":3},{"damage":5,"enemies":"Shell Parasite","floor":20,"turns":4},{"damage":17,"enemies":"Gremlin Leader","floor":24,"turns":9},{"damage":50,"enemies":"Slavers","floor":27,"turns":6},{"damage":17,"enemies":"Masked Bandits","floor":30,"turns":5},{"damage":7,"enemies":"Centurion and Healer","floor":31,"turns":6},{"damage":10,"enemies":"Collector","floor":33,"turns":2}],"seed_played":"-7470702400809942538","potions_obtained":[{"floor":2.0,"key":"Fire Potion"},{"floor":2.0,"key":"EssenceOfSteel"},{"floor":10.0,"key":"Energy Potion"},{"floor":12.0,"key":"Swift Potion"},{"floor":20,"key":"Ancient Potion"},{"floor":27,"key":"BloodPotion"},{"floor":31,"key":"SteroidPotion"}],"is_trial":false,"path_per_floor":["M","?","$","?","$","R","E","R","T","M","M","E","M","?","R","B",null,"M","$","M","?","$","R","E","R","T","E","?","?","?","M","R","B"],"character_chosen":"IRONCLAD","items_purchased":["Shrug It Off","Metallicize"],"campfire_rested":0,"item_purchase_floors":[3,22],"current_hp_per_floor":[49,49,49,38,38,38,36,36,36,42,48,48,51,49,49,55,70,75,75,75,75,75,75,64,64,64,20,20,20,9,8,8,0],"gold":288,"neow_bonus":"ONE_RARE_RELIC","is_prod":false,"is_daily":false,"chose_seed":false,"campfire_upgraded":6,"win_rate":0,"timestamp":1554656209,"path_taken":["M","?","?","?","?","R","E","R","T","M","M","E","M","?","R","BOSS","M","$","M","?","$","R","E","R","T","E","?","?","?","M","R","BOSS"],"build_version":"2019-01-23","purchased_purges":1,"victory":false,"max_hp_per_floor":[75,75,75,75,75,75,75,75,75,75,75,75,75,75,75,75,75,75,75,75,75,75,75,75,75,75,75,75,75,75,75,75,75],"card_choices":[{"not_picked":["Heavy Blade","Warcry"],"picked":"Anger","floor":1.0},{"not_picked":["Warcry","Cleave"],"picked":"Perfected Strike","floor":7.0},{"not_picked":["Sentinel","Dropkick"],"picked":"Armaments","floor":10.0},{"not_picked":["Reckless Charge","Thunderclap"],"picked":"True Grit","floor":11.0},{"not_picked":["Second Wind","Sword Boomerang","True Grit"],"picked":"SKIP","floor":12.0},{"not_picked":["Havoc","Twin Strike"],"picked":"Pommel Strike","floor":13.0},{"not_picked":["Fiend Fire","Limit Break"],"picked":"Juggernaut","floor":16},{"not_picked":["Wild Strike","Combust"],"picked":"True Grit","floor":18},{"not_picked":["Cleave","Dual Wield"],"picked":"Disarm+1","floor":20},{"not_picked":["Cleave","Thunderclap+1"],"picked":"Shockwave","floor":24},{"not_picked":["Battle Trance","Infernal Blade"],"picked":"Feel No Pain","floor":27},{"not_picked":["Clothesline","True Grit","Evolve+1"],"picked":"SKIP","floor":31}],"player_experience":1557727,"relics_obtained":[{"floor":7.0,"key":"Sundial"},{"floor":9.0,"key":"Calipers"},{"floor":12.0,"key":"Lantern"},{"floor":14,"key":"Smiling Mask"},{"floor":24,"key":"Centennial Puzzle"},{"floor":26,"key":"Ancient Tea Set"},{"floor":27,"key":"Juzu Bracelet"},{"floor":30,"key":"Red Mask"}],"event_choices":[{"damage_healed":0.0,"max_hp_gain":0.0,"max_hp_loss":0.0,"gold_gain":0.0,"event_name":"The Woman in Blue","player_choice":"Bought 3 Potions","floor":2.0,"gold_loss":0.0,"damage_taken":0.0},{"damage_healed":0.0,"max_hp_gain":0.0,"max_hp_loss":0.0,"gold_gain":0.0,"event_name":"Scrap Ooze","player_choice":"Success","floor":4.0,"gold_loss":0.0,"damage_taken":11.0,"relics_obtained":["Pocketwatch"]},{"damage_healed":0,"gold_gain":0,"player_choice":"Searched \u00271\u0027 times","damage_taken":0,"max_hp_gain":0,"max_hp_loss":0,"event_name":"Dead Adventurer","floor":14,"gold_loss":0},{"damage_healed":0,"gold_gain":0,"player_choice":"Opened","damage_taken":0,"relics_obtained":["Letter Opener"],"max_hp_gain":0,"max_hp_loss":0,"event_name":"The Mausoleum","floor":21,"gold_loss":0,"cards_obtained":["Writhe"]},{"cards_removed":["Strike_R"],"damage_healed":0,"gold_gain":0,"player_choice":"Gave Gold","damage_taken":0,"max_hp_gain":0,"max_hp_loss":0,"event_name":"Beggar","floor":28,"gold_loss":75},{"damage_healed":0,"gold_gain":100,"player_choice":"Bet on Murderer","damage_taken":0,"max_hp_gain":0,"max_hp_loss":0,"event_name":"The Joust","floor":29,"gold_loss":50},{"damage_healed":0,"gold_gain":0,"player_choice":"Fought Bandits","damage_taken":0,"max_hp_gain":0,"max_hp_loss":0,"event_name":"Masked Bandits","floor":30,"gold_loss":0}],"is_beta":false,"boss_relics":[{"not_picked":["Black Blood","Runic Dome"],"picked":"Coffee Dripper"}],"items_purged_floors":[22],"is_endless":false,"potions_floor_spawned":[10,12,13,20,27,31],"killed_by":"Collector","ascension_level":20}