{"gold_per_floor":[117,131,148,223,241,241,270,270,319,345,345,345,345,358,358,432,432,443,127,138,138,138,138],"floor_reached":23,"playtime":715,"items_purged":["Strike_R"],"score":398,"play_id":"f42eee2f-178e-483e-9791-dc10f7bbb06e","local_time":"20190920191839","is_ascension_mode":true,"campfire_choices":[{"data":"Rampage","floor":6,"key":"SMITH"},{"data":"Bash","floor":8,"key":"SMITH"},{"data":"Inflame","floor":15,"key":"SMITH"}],"neow_cost":"NONE","seed_source_timestamp":29777194076711,"circlet_count":0,"master_deck":["AscendersBane","Strike_R+1","Strike_R+1","Strike_R+1","Defend_R+1","Defend_R+1","Defend_R+1","Defend_R+1","Bash+1","Headbutt","Rampage+1","Shrug It Off","Shockwave","Feel No Pain","Inflame+1","Immolate","Dropkick","Shrug It Off","Anger","Corruption"],"relics":["Burning Blood","NeowsBlessing","Shuriken","Toy Ornithopter","Potion Belt","Juzu Bracelet","Runic Pyramid","Membership Card"],"potions_floor_usage":[10,16,16,20,23],"damage_taken":[{"damage":0,"enemies":"Cultist","floor":1,"turns":1},{"damage":0,"enemies":"Jaw Worm","floor":2,"turns":1},{"damage":0,"enemies":"2 Louse","floor":3,"turns":1},{"damage":13,"enemies":"Blue Slaver","floor":5,"turns":5},{"damage":37,"enemies":"Lagavulin","floor":7,"turns":10},{"damage":8,"enemies":"Gremlin Nob","floor":10,"turns":3},{"damage":7,"enemies":"3 Louse","floor":14,"turns":5},{"damage":12,"enemies":"The Guardian","floor":16,"turns":9},{"damage":2,"enemies":"3 Byrds","floor":18,"turns":5},{"damage":36,"enemies":"Spheric Guardian","floor":20,"turns":6},{"damage":72,"enemies":"Slavers","floor":23,"turns":3}],"seed_played":"2609900111648087152","potions_obtained":[{"floor":1,"key":"PowerPotion"},{"floor":7,"key":"FearPotion"},{"floor":10,"key":"Swift Potion"}],"is_trial":false,"path_per_floor":["M","M","M","?","M","R","E","R","T","E","?","T","?","M","R","B",null,"M","$","M","?","?","E"],"character_chosen":"IRONCLAD","items_purchased":["Membership Card","Shrug It Off","Anger","DuplicationPotion","BloodPotion"],"campfire_rested":0,"item_purchase_floors":[19,19,19,19,19],"current_hp_per_floor":[74,75,75,64,57,57,26,26,26,29,34,34,27,26,26,30,68,72,72,47,47,47,0],"gold":138,"neow_bonus":"THREE_ENEMY_KILL","is_prod":false,"is_daily":false,"chose_seed":false,"campfire_upgraded":3,"win_rate":0,"timestamp":1568999919,"path_taken":["M","?","M","?","M","R","E","R","T","E","?","?","?","M","R","BOSS","M","$","M","?","?","E"],"build_version":"2019-09-19","purchased_purges":1,"victory":false,"max_hp_per_floor":[75,75,75,75,75,75,75,75,75,75,80,80,80,80,80,80,80,80,80,80,80,80,80],"card_choices":[{"not_picked":["Infernal Blade","Havoc"],"picked":"Headbutt","floor":1},{"not_picked":["Havoc","Disarm"],"picked":"Rampage","floor":2},{"not_picked":["Warcry","Headbutt"],"picked":"Shrug It Off","floor":3},{"not_picked":["Clothesline","Anger"],"picked":"Shockwave","floor":5},{"not_picked":["Bloodletting","Clothesline","Wild Strike"],"picked":"SKIP","floor":7},{"not_picked":["Metallicize","Carnage"],"picked":"Feel No Pain","floor":10},{"not_picked":["Blood for Blood","Anger"],"picked":"Inflame","floor":14},{"not_picked":["Brutality","Barricade"],"picked":"Immolate","floor":16},{"not_picked":["Iron Wave","Ghostly Armor"],"picked":"Dropkick","floor":18},{"not_picked":["Clothesline","Armaments"],"picked":"Corruption","floor":20}],"player_experience":2085300,"relics_obtained":[{"floor":7,"key":"Shuriken"},{"floor":9,"key":"Toy Ornithopter"},{"floor":10,"key":"Potion Belt"},{"floor":12,"key":"Juzu Bracelet"}],"event_choices":[{"damage_healed":0,"gold_gain":75,"player_choice":"Gather Gold","damage_taken":11,"max_hp_gain":0,"max_hp_loss":0,"event_name":"World of Goop","floor":4,"gold_loss":0},{"damage_healed":0,"gold_gain":0,"player_choice":"Donut","damage_taken":0,"max_hp_gain":5,"max_hp_loss":0,"event_name":"Big Fish","floor":11,"gold_loss":0},{"cards_removed":["Strike_R"],"damage_healed":0,"gold_gain":0,"player_choice":"Card Removal","damage_taken":7,"max_hp_gain":0,"max_hp_loss":0,"event_name":"Golden Wing","floor":13,"gold_loss":0},{"damage_healed":0,"gold_gain":0,"player_choice":"Ignored","damage_taken":0,"max_hp_gain":0,"max_hp_loss":0,"event_name":"Vampires","floor":21,"gold_loss":0},{"damage_healed":0,"gold_gain":0,"player_choice":"Simplicity","damage_taken":0,"max_hp_gain":0,"max_hp_loss":0,"event_name":"Back to Basics","floor":22,"gold_loss":0,"cards_upgraded":["Strike_R","Strike_R","Strike_R","Defend_R","Defend_R","Defend_R","Defend_R"]}],"is_beta":true,"boss_relics":[{"not_picked":["Busted Crown","Empty Cage"],"picked":"Runic Pyramid"}],"items_purged_floors":[19],"is_endless":false,"potions_floor_spawned":[1,7,10],"killed_by":"Slavers","ascension_level":20}