{"gold_per_floor":[118,118,131,131,151,151,349,362,362,381,391,391,70,95,95,169,169,287,303,303,353,371,371,371,371],"floor_reached":25,"playtime":1181,"items_purged":[],"score":466,"play_id":"924e4d1a-9478-4cec-aa7c-bbb93fb9d575","local_time":"20190130222453","is_ascension_mode":true,"campfire_choices":[{"data":"Poisoned Stab","floor":6,"key":"SMITH"},{"floor":15,"key":"REST"},{"data":"infinitespire:DeathsTouch","floor":24,"key":"SMITH"}],"neow_cost":"NONE","seed_source_timestamp":43460022492839,"circlet_count":0,"master_deck":["AscendersBane","Defend_G","Defend_G","Defend_G","Defend_G","Defend_G","Strike_G","Strike_G","Strike_G","Strike_G","Strike_G","Survivor","Neutralize","Poisoned Stab+1","Flying Knee","Dagger Spray","Corpse Explosion","PiercingWail","Dodge and Roll","infinitespire:Pacifist","Regret","infinitespire:DeathsTouch+1","Grand Finale","Deadly Poison","Ghostly","Ghostly","Ghostly","PiercingWail"],"relics":["Ring of the Snake","NeowsBlessing","Juzu Bracelet","infinitespire:Satchel","Meat on the Bone","hubris:GlazedTorus","Philosopher\u0027s Stone"],"potions_floor_usage":[7,10,14,14,16,23],"damage_taken":[{"damage":0,"enemies":"2 Louse","floor":1,"turns":1},{"damage":0,"enemies":"Cultist","floor":3,"turns":1},{"damage":0,"enemies":"Small Slimes","floor":5,"turns":1},{"damage":37,"enemies":"3 Sentries","floor":7,"turns":12},{"damage":8,"enemies":"Gremlin Gang","floor":8,"turns":4},{"damage":0,"enemies":"Lots of Slimes","floor":10,"turns":2},{"damage":2,"enemies":"Blue Slaver","floor":11,"turns":5},{"damage":2,"enemies":"Gremlin Nob","floor":14,"turns":3},{"damage":16,"enemies":"Hexaghost","floor":16,"turns":8},{"damage":7,"enemies":"Chosen","floor":18,"turns":5},{"damage":4,"enemies":"Spheric Guardian","floor":19,"turns":3},{"damage":2,"enemies":"Centurion and Healer","floor":22,"turns":5},{"damage":25,"enemies":"Slavers","floor":23,"turns":3},{"damage":19,"enemies":"Book of Stabbing","floor":25,"turns":1}],"seed_played":"1670648804572596873","potions_obtained":[{"floor":3,"key":"Poison Potion"},{"floor":7,"key":"Dexterity Potion"},{"floor":8,"key":"GhostInAJar"},{"floor":14,"key":"LiquidBronze"},{"floor":19,"key":"SteroidPotion"},{"floor":22,"key":"SmokeBomb"}],"is_trial":false,"path_per_floor":["M","?","M","?","M","R","E","M","T","M","M","?","$","E","R","B",null,"M","M","?","?","M","E","R","E"],"character_chosen":"THE_SILENT","items_purchased":["Fire Potion","Meat on the Bone"],"campfire_rested":1,"item_purchase_floors":[13,13],"current_hp_per_floor":[59,50,50,50,50,50,13,5,5,5,3,3,3,13,32,28,57,50,46,33,33,31,18,18,0],"gold":371,"neow_bonus":"THREE_ENEMY_KILL","is_prod":false,"is_daily":false,"chose_seed":false,"campfire_upgraded":2,"win_rate":0,"timestamp":1548883493,"path_taken":["M","?","?","?","?","R","E","M","T","M","M","?","?","E","R","BOSS","M","M","?","?","M","E","R","E"],"build_version":"2019-01-23","purchased_purges":0,"victory":false,"max_hp_per_floor":[66,66,66,66,66,66,66,66,66,66,66,66,66,66,66,66,66,66,66,33,33,33,33,33,33],"card_choices":[{"not_picked":["Blade Dance","All Out Attack"],"picked":"Poisoned Stab","floor":1},{"not_picked":["Cloak And Dagger","Underhanded Strike"],"picked":"Flying Knee","floor":3},{"not_picked":["Deflect","Underhanded Strike","hubris:SlightOfHand"],"picked":"SKIP","floor":5},{"not_picked":["Choke","Outmaneuver"],"picked":"Dagger Spray","floor":7},{"not_picked":["Blade Dance","Backflip"],"picked":"Corpse Explosion","floor":8},{"not_picked":["Backflip","Distraction"],"picked":"PiercingWail","floor":10},{"not_picked":["Bane","Cloak And Dagger"],"picked":"Dodge and Roll","floor":11},{"not_picked":["hubris:Fate","hubris:InfiniteBlow"],"picked":"infinitespire:DeathsTouch","floor":12},{"not_picked":["Cloak And Dagger","Sucker Punch","Quick Slash"],"picked":"SKIP","floor":14},{"not_picked":["Phantasmal Killer","Venomology"],"picked":"Grand Finale","floor":16},{"not_picked":["Accuracy","Quick Slash"],"picked":"Deadly Poison","floor":18},{"not_picked":["Bane","Predator","Acrobatics"],"picked":"SKIP","floor":19},{"not_picked":["Accuracy","Dagger Throw"],"picked":"PiercingWail","floor":22}],"player_experience":1187231,"relics_obtained":[{"floor":7,"key":"Juzu Bracelet"},{"floor":9,"key":"infinitespire:Satchel"},{"floor":14,"key":"hubris:GlazedTorus"}],"event_choices":[{"damage_healed":0,"gold_gain":0,"player_choice":"Damaged","damage_taken":9,"max_hp_gain":0,"max_hp_loss":0,"event_name":"Wheel of Change","floor":2,"gold_loss":0},{"damage_healed":0,"gold_gain":0,"player_choice":"0 cards matched","damage_taken":0,"max_hp_gain":0,"max_hp_loss":0,"event_name":"Match and Keep!","floor":4,"gold_loss":0,"cards_obtained":[]},{"damage_healed":0,"gold_gain":0,"player_choice":"Became a Ghost","damage_taken":0,"max_hp_gain":0,"max_hp_loss":33,"event_name":"Ghosts","floor":20,"gold_loss":0,"cards_obtained":["Ghostly","Ghostly","Ghostly"]},{"damage_healed":0,"gold_gain":50,"player_choice":"Stole From Cult","damage_taken":0,"max_hp_gain":0,"max_hp_loss":0,"event_name":"Nest","floor":21,"gold_loss":0}],"is_beta":false,"boss_relics":[{"not_picked":["hubris:BlackHole","hubris:Stopwatch"],"picked":"Philosopher\u0027s Stone"}],"items_purged_floors":[],"is_endless":false,"potions_floor_spawned":[3,7,8,14,19,22],"killed_by":"Book of Stabbing","ascension_level":20}