{"path_per_floor":["M","M","M","M","?","R","E","R","T","M","?","E","?","M","R","B",null,"M","M","M","?","?","E","R","E","T","$","?","M","R","?","R","B",null,"M","M","$","?","?","E","R","E","T","E","$","?","?","$","R"],"character_chosen":"THE_SILENT","items_purchased":["Toolbox","Well Laid Plans","Shuriken","Blur","Pen Nib"],"gold_per_floor":[112,124,140,150,150,150,183,183,209,227,293,324,324,336,336,441,441,454,472,485,485,584,619,619,651,651,259,259,270,270,270,270,368,368,383,402,86,86,86,121,121,146,146,177,31,31,0,0,0,0],"floor_reached":50,"campfire_rested":3,"playtime":2419,"item_purchase_floors":[27,27,37,37,45],"current_hp_per_floor":[60,60,58,57,43,43,25,46,46,46,46,36,36,31,31,10,55,49,49,39,23,23,5,26,23,23,23,23,20,20,43,43,22,58,58,51,51,48,48,50,50,49,49,45,45,45,45,45,74,0],"items_purged":["Defend_G"],"gold":0,"score":1014,"play_id":"3f7a3e4a-82ff-4b2c-9c76-ec2bfe484094","local_time":"20180622195501","is_prod":false,"is_daily":false,"chose_seed":false,"is_ascension_mode":true,"campfire_upgraded":5,"win_rate":0,"timestamp":1529690101,"campfire_choices":[{"data":"Terror","floor":6.0,"key":"SMITH"},{"floor":8.0,"key":"REST"},{"data":"Dash","floor":15.0,"key":"SMITH"},{"floor":24,"key":"REST"},{"data":"Phantasmal Killer","floor":30,"key":"SMITH"},{"data":"Venomology","floor":32,"key":"SMITH"},{"data":"Dark Shackles","floor":41,"key":"SMITH"},{"floor":49,"key":"REST"}],"path_taken":["M","M","M","M","?","R","E","R","T","M","?","E","?","M","R","BOSS","M","M","M","?","?","E","R","E","T","$","?","M","R","?","R","BOSS","M","M","$","?","?","E","R","E","T","E","$","?","?","?","R","BOSS"],"build_version":"2018-06-21","seed_source_timestamp":0,"purchased_purges":1,"circlet_count":0,"victory":false,"master_deck":["Defend_G","Defend_G+1","Strike_G+1","Strike_G","Strike_G","Strike_G","Survivor","Neutralize+1","Dash+1","Backflip","Terror+1","Slice","Flying Knee","Flying Knee","Dagger Spray","Slice","Phantasmal Killer+1","Slice+1","Sucker Punch","Riddle With Holes+1","Necronomicurse","Heel Hook+1","Venomology+1","Well Laid Plans","Flying Knee+1","Doppelganger","Poisoned Stab+1","Underhanded Strike+1","Blur","Deadly Poison+1","Dark Shackles+1","Noxious Fumes+1","Bane+1"],"max_hp_per_floor":[70,70,70,70,70,70,70,70,70,70,70,70,70,70,70,70,70,70,70,70,70,70,70,70,70,70,70,70,70,70,70,70,70,70,70,70,70,70,70,72,72,72,72,72,72,72,72,72,74,74],"special_seed":0,"relics":["Empty Cage","Oddly Smooth Stone","Orichalcum","Juzu Bracelet","Velvet Choker","Necronomicon","Bird Faced Urn","Dream Catcher","Happy Flower","Toolbox","Mercury Hourglass","Black Star","Shuriken","Peace Pipe","Boot","Singing Bowl","Art of War","Whetstone","Ninja Scroll","Lantern","Regal Pillow","Pen Nib","Red Mask"],"card_choices":[{"not_picked":["Sucker Punch","Terror"],"picked":"Dash","floor":1.0},{"not_picked":["Escape Plan","Acrobatics"],"picked":"Backflip","floor":2.0},{"not_picked":["Underhanded Strike","Distraction"],"picked":"Terror","floor":3.0},{"not_picked":["Calculated Gamble","Accuracy"],"picked":"Slice","floor":4.0},{"not_picked":["Accuracy","Quick Slash"],"picked":"Flying Knee","floor":7.0},{"not_picked":["Concentrate","Flechettes"],"picked":"Flying Knee","floor":10.0},{"not_picked":["Outmaneuver","Bane"],"picked":"Dagger Spray","floor":12.0},{"not_picked":["Catalyst","Dagger Spray"],"picked":"Slice","floor":14.0},{"not_picked":["Unload","Grand Finale"],"picked":"Phantasmal Killer","floor":16.0},{"not_picked":["Deflect","Acrobatics+1"],"picked":"Slice+1","floor":18},{"not_picked":["Dodge and Roll+1","Choke"],"picked":"Sucker Punch","floor":19},{"not_picked":["Flechettes+1","Concentrate+1"],"picked":"Riddle With Holes+1","floor":20},{"not_picked":["Finisher","Slice"],"picked":"Heel Hook","floor":23},{"not_picked":["Prepared+1","Outmaneuver"],"picked":"Venomology","floor":25},{"not_picked":["Heel Hook","Sucker Punch"],"picked":"Flying Knee+1","floor":29},{"not_picked":["Unload","Night Terror"],"picked":"Doppelganger","floor":33},{"not_picked":["Dagger Spray","Slice"],"picked":"Poisoned Stab+1","floor":35},{"not_picked":["Outmaneuver+1","Accuracy+1"],"picked":"Underhanded Strike+1","floor":36},{"not_picked":["Backflip+1","Crippling Poison"],"picked":"Deadly Poison+1","floor":38},{"not_picked":["Enlightenment","Sadistic Nature"],"picked":"Dark Shackles","floor":39},{"not_picked":["Dagger Spray+1","Eviscerate+1","Backflip+1"],"picked":"Singing Bowl","floor":40},{"not_picked":["Adrenaline","Quick Slash"],"picked":"Noxious Fumes+1","floor":42},{"not_picked":["Sucker Punch","Caltrops"],"picked":"Bane+1","floor":44},{"not_picked":["Flying Knee","Quick Slash+1","Dodge and Roll"],"picked":"Singing Bowl","floor":49}],"player_experience":366499,"potions_floor_usage":[20,23,33,36,38,38,40,40,42,42,50,50,50],"damage_taken":[{"damage":3.0,"enemies":"2 Louse","floor":1.0,"turns":3.0},{"damage":0.0,"enemies":"Small Slimes","floor":2.0,"turns":4.0},{"damage":2.0,"enemies":"Cultist","floor":3.0,"turns":4.0},{"damage":1.0,"enemies":"Large Slime","floor":4.0,"turns":6.0},{"damage":18.0,"enemies":"Lagavulin","floor":7.0,"turns":7.0},{"damage":0.0,"enemies":"Looter","floor":10.0,"turns":3.0},{"damage":10.0,"enemies":"Gremlin Nob","floor":12.0,"turns":3.0},{"damage":5.0,"enemies":"Exordium Thugs","floor":14.0,"turns":5.0},{"damage":21.0,"enemies":"The Guardian","floor":16.0,"turns":13.0},{"damage":6,"enemies":"Spheric Guardian","floor":18,"turns":4},{"damage":0,"enemies":"3 Byrds","floor":19,"turns":5},{"damage":10,"enemies":"Centurion and Healer","floor":20,"turns":6},{"damage":18,"enemies":"Slavers","floor":23,"turns":5},{"damage":3,"enemies":"Gremlin Leader","floor":25,"turns":6},{"damage":3,"enemies":"Snecko","floor":29,"turns":3},{"damage":23,"enemies":"Collector","floor":33,"turns":5},{"damage":0,"enemies":"Flame Bruiser 1 Orb","floor":35,"turns":3},{"damage":9,"enemies":"3 Shapes","floor":36,"turns":5},{"damage":3,"floor":38,"turns":3},{"damage":6,"enemies":"Nemesis","floor":40,"turns":5},{"damage":3,"enemies":"Giant Head","floor":42,"turns":6},{"damage":6,"enemies":"Nemesis","floor":44,"turns":5},{"damage":80,"enemies":"Donu and Deca","floor":50,"turns":4}],"relics_obtained":[{"floor":7.0,"key":"Oddly Smooth Stone"},{"floor":9.0,"key":"Orichalcum"},{"floor":12.0,"key":"Juzu Bracelet"},{"floor":21,"key":"Necronomicon"},{"floor":23,"key":"Bird Faced Urn"},{"floor":25,"key":"Dream Catcher"},{"floor":26,"key":"Happy Flower"},{"floor":38,"key":"Peace Pipe"},{"floor":40,"key":"Boot"},{"floor":40,"key":"Singing Bowl"},{"floor":42,"key":"Art of War"},{"floor":42,"key":"Whetstone"},{"floor":43,"key":"Ninja Scroll"},{"floor":44,"key":"Lantern"},{"floor":44,"key":"Regal Pillow"}],"event_choices":[{"event_name":"Shining Light","player_choice":"Entered Light","floor":5.0,"damage_taken":0.0},{"event_name":"Golden Wing","player_choice":"Gained Gold","floor":11.0,"damage_taken":0.0},{"event_name":"Accursed Blacksmith","player_choice":"Forge","floor":13.0,"damage_taken":0.0},{"event_name":"Cursed Tome","player_choice":"Obtained Book","floor":21,"damage_taken":0},{"event_name":"Nest","player_choice":"Stole From Cult","floor":22,"damage_taken":0},{"event_name":"The Mausoleum","player_choice":"Yes","floor":28,"damage_taken":0},{"event_name":"The Library","player_choice":"Heal","floor":31,"damage_taken":0},{"event_name":"MindBloom","player_choice":"Fight","floor":38,"damage_taken":0},{"event_name":"SensoryStone","player_choice":"Memory 1","floor":39,"damage_taken":0},{"event_name":"Falling","player_choice":"Removed Skill","floor":46,"damage_taken":0},{"event_name":"Tomb of Lord Red Mask","player_choice":"Paid","floor":47,"damage_taken":0}],"boss_relics":[{"not_picked":["Runic Pyramid","Calling Bell"],"picked":"Velvet Choker"},{"not_picked":["Philosopher\u0027s Stone","Snecko Eye"],"picked":"Black Star"}],"items_purged_floors":[27],"is_endless":false,"potions_floor_spawned":[3,7,14,16,20,23,25,38,40],"seed_played":"-1582568664315627499","killed_by":"Donu and Deca","ascension_level":8,"potions_obtained":[{"floor":3.0,"key":"GamblersBrew"},{"floor":7.0,"key":"AttackPotion"},{"floor":14.0,"key":"Dexterity Potion"},{"floor":16.0,"key":"Swift Potion"},{"floor":20,"key":"SteroidPotion"},{"floor":23,"key":"Fire Potion"},{"floor":25,"key":"Ancient Potion"},{"floor":38,"key":"Swift Potion"},{"floor":40,"key":"Ancient Potion"}],"is_trial":false}