{"path_per_floor":["M","?","M","?","?","R","E","R","T","E","R","$","T","M","R","B",null,"M","M","?","?","$","R","E","M","T"],"character_chosen":"THE_SILENT","items_purchased":["Meat on the Bone","Noxious Fumes","Accuracy"],"gold_per_floor":[116,167,178,353,353,353,384,384,408,442,442,37,37,49,49,154,154,170,189,189,189,120,120,152,162,233,233],"floor_reached":27,"campfire_rested":1,"playtime":1189,"item_purchase_floors":[12,12,22],"current_hp_per_floor":[62,62,52,52,52,52,15,36,36,22,22,22,22,34,34,32,61,51,37,37,31,31,31,22,15,15,0],"items_purged":["Doubt"],"gold":233,"score":332,"play_id":"233d671a-39aa-44ea-bba7-4ca8edeac3b9","local_time":"20180619164607","is_prod":false,"is_daily":false,"chose_seed":false,"is_ascension_mode":true,"campfire_upgraded":4,"win_rate":0,"timestamp":1529419567,"campfire_choices":[{"data":"Skewer","floor":6,"key":"SMITH"},{"floor":8,"key":"REST"},{"data":"Cloak And Dagger","floor":11,"key":"SMITH"},{"data":"Noxious Fumes","floor":15,"key":"SMITH"},{"data":"Accuracy","floor":23,"key":"SMITH"}],"path_taken":["M","?","M","?","?","R","E","R","T","E","R","$","?","M","R","BOSS","M","M","?","?","$","R","E","M","T","E"],"build_version":"2018-06-18","seed_source_timestamp":24224622433878,"purchased_purges":1,"circlet_count":0,"victory":false,"master_deck":["Defend_G+1","Defend_G","Defend_G","Strike_G","Strike_G","Strike_G","Survivor","Neutralize","Dodge and Roll+1","Well Laid Plans+1","Accuracy+1","Backstab","Riddle With Holes","Skewer+1","Storm of Steel","Cloak And Dagger+1","Noxious Fumes+1","Dodge and Roll","Tools of the Trade","Writhe","Doubt","Doubt","Terror+1","Expertise+1","RitualDagger","Accuracy+1","Accuracy+1","Blade Dance"],"max_hp_per_floor":[70,70,70,70,70,70,70,70,70,70,70,70,70,70,70,70,70,70,70,70,70,70,70,70,70,70,70],"relics":["Astrolabe","Kunai","Potion Belt","Shuriken","Meat on the Bone","Matryoshka","Calling Bell","Vajra","Tough Bandages","Gambling Chip","Bottled Flame","War Paint","The Courier"],"card_choices":[{"not_picked":["Slice","Reflex"],"picked":"Backstab","floor":1},{"not_picked":["Flechettes","Slice"],"picked":"Riddle With Holes","floor":3},{"not_picked":["Deadly Poison","Blade Dance"],"picked":"Storm of Steel","floor":7},{"not_picked":["Underhanded Strike","Dash"],"picked":"Cloak And Dagger","floor":10},{"not_picked":["Bane","Deflect"],"picked":"Dodge and Roll","floor":14},{"not_picked":["Unload","Grand Finale"],"picked":"Tools of the Trade","floor":16},{"not_picked":["Leg Sweep","Outmaneuver"],"picked":"Terror+1","floor":18},{"not_picked":["Outmaneuver","PiercingWail"],"picked":"Expertise","floor":19},{"not_picked":["Backflip","Night Terror"],"picked":"Accuracy+1","floor":24},{"not_picked":["Blur+1","Leg Sweep"],"picked":"Blade Dance","floor":25}],"player_experience":353059,"potions_floor_usage":[19,24,25],"damage_taken":[{"damage":1,"enemies":"Small Slimes","floor":1,"turns":5},{"damage":10,"enemies":"Jaw Worm","floor":3,"turns":4},{"damage":37,"enemies":"Lagavulin","floor":7,"turns":8},{"damage":14,"enemies":"Gremlin Nob","floor":10,"turns":4},{"damage":0,"enemies":"2 Louse","floor":14,"turns":2},{"damage":14,"enemies":"Hexaghost","floor":16,"turns":6},{"damage":10,"enemies":"Spheric Guardian","floor":18,"turns":4},{"damage":14,"enemies":"Shell Parasite","floor":19,"turns":4},{"damage":21,"enemies":"Slavers","floor":24,"turns":8},{"damage":19,"enemies":"Sentry and Sphere","floor":25,"turns":6},{"damage":16,"enemies":"Book of Stabbing","floor":27,"turns":3}],"relics_obtained":[{"floor":7,"key":"Kunai"},{"floor":9,"key":"Potion Belt"},{"floor":10,"key":"Shuriken"},{"floor":13,"key":"Matryoshka"},{"floor":17,"key":"Vajra"},{"floor":17,"key":"Tough Bandages"},{"floor":17,"key":"Gambling Chip"},{"floor":24,"key":"Bottled Flame"},{"floor":26,"key":"War Paint"},{"floor":26,"key":"The Courier"}],"event_choices":[{"event_name":"Golden Wing","player_choice":"Gained Gold","floor":2,"damage_taken":0},{"event_name":"Liars Game","player_choice":"agreed","floor":4,"damage_taken":0},{"event_name":"Transmorgrifier","player_choice":"Transform","floor":5,"damage_taken":0},{"event_name":"Vampires","player_choice":"Ignored","floor":20,"damage_taken":0},{"event_name":"Nest","player_choice":"Joined the Cult","floor":21,"damage_taken":0}],"boss_relics":[{"not_picked":["Pandora\u0027s Box","Empty Cage"],"picked":"Calling Bell"}],"items_purged_floors":[12],"is_endless":false,"potions_floor_spawned":[3,14,18],"seed_played":"1150768585389676817","killed_by":"Book of Stabbing","ascension_level":8,"potions_obtained":[{"floor":3,"key":"Swift Potion"},{"floor":14,"key":"Weak Potion"},{"floor":18,"key":"Fire Potion"}],"is_trial":false}