{"gold_per_floor":[116,116,136,136,62,89,89,127,127,127,139,139,60,96,96,170,170,191,191,51,165,187,222,241,241,241,452,574,605,605,609],"floor_reached":31,"playtime":1376,"items_purged":[],"score":632,"play_id":"3ccc526d-c3e7-4163-9548-3579df163852","local_time":"20190218202907","is_ascension_mode":true,"campfire_choices":[{"data":"Infinite Blades","floor":7.0,"key":"SMITH"},{"data":"Finisher","floor":10.0,"key":"SMITH"},{"data":"Neutralize","floor":12.0,"key":"SMITH"},{"data":"Noxious Fumes","floor":15.0,"key":"SMITH"},{"floor":25.0,"key":"REST"}],"neow_cost":"NONE","seed_source_timestamp":0,"circlet_count":0,"master_deck":["AscendersBane","Defend_G","Defend_G","Defend_G","Defend_G","Defend_G","Strike_G","Strike_G","Strike_G","Strike_G","Survivor","Neutralize+1","Flying Knee","Finisher+1","Concentrate","Cloak And Dagger+1","Backflip","PiercingWail","Noxious Fumes+1","Terror","Dash","Accuracy","Backflip","Blade Dance","Blade Dance+1","PiercingWail","Dodge and Roll","hubris:Despair","Prepared+1","Finisher","Ghostly","Ghostly","Ghostly","hubris:DuctTapeCard"],"special_seed":0,"relics":["Ring of the Snake","NeowsBlessing","infinitespire:Midas Blood","Lantern","Vajra","Darkstone Periapt","Potion Belt","Cursed Key","hubris:DuctTape","Ginger","Pantograph","Girya","Bottled Lightning"],"potions_floor_usage":[31,31,31],"damage_taken":[{"damage":0.0,"enemies":"Small Slimes","floor":1.0,"turns":1.0},{"damage":0.0,"enemies":"Cultist","floor":3.0,"turns":1.0},{"damage":0.0,"enemies":"Gremlin Nob","floor":6.0,"turns":1.0},{"damage":18.0,"enemies":"3 Sentries","floor":8.0,"turns":10.0},{"damage":4.0,"enemies":"Jaw Worm","floor":11.0,"turns":4.0},{"damage":22.0,"enemies":"Lagavulin","floor":14.0,"turns":7.0},{"damage":1.0,"enemies":"Hexaghost","floor":16.0,"turns":6.0},{"damage":12.0,"enemies":"Shell Parasite","floor":18.0,"turns":5.0},{"damage":0.0,"enemies":"Chosen","floor":21.0,"turns":3.0},{"damage":11.0,"enemies":"Snake Plant","floor":22.0,"turns":3.0},{"damage":19.0,"enemies":"Book of Stabbing","floor":23.0,"turns":4.0},{"damage":1.0,"enemies":"Centurion and Healer","floor":24.0,"turns":4.0},{"damage":8.0,"enemies":"Colosseum Slavers","floor":27.0,"turns":3.0},{"damage":13.0,"enemies":"Colosseum Nobs","floor":27.0,"turns":4.0},{"damage":10.0,"enemies":"Sentry and Sphere","floor":28.0,"turns":4.0},{"damage":2.0,"enemies":"Gremlin Leader","floor":29.0,"turns":4.0},{"damage":22,"enemies":"Cultist and Chosen","floor":31,"turns":5}],"seed_played":"5868265955973456687","potions_obtained":[{"floor":3.0,"key":"Explosive Potion"},{"floor":11.0,"key":"Strength Potion"},{"floor":16.0,"key":"Dexterity Potion"},{"floor":22.0,"key":"AttackPotion"},{"floor":27.0,"key":"GhostInAJar"},{"floor":29.0,"key":"FearPotion"}],"is_trial":false,"path_per_floor":["M","?","M","?","$","E","R","E","T","R","M","R","$","E","R","B",null,"M","?","$","M","M","E","M","R","T","?","M","E","?","M"],"character_chosen":"THE_SILENT","items_purchased":["Infinite Blades","Noxious Fumes","Accuracy","Backflip"],"campfire_rested":1,"item_purchase_floors":[5,13,20,20],"current_hp_per_floor":[59,59,59,59,59,59,59,41,41,41,37,37,37,15,15,14,53,41,41,41,41,30,11,10,29,35,14,4,2,2,0],"gold":609,"neow_bonus":"THREE_ENEMY_KILL","is_prod":false,"is_daily":false,"chose_seed":false,"campfire_upgraded":4,"win_rate":0,"timestamp":1550518147,"path_taken":["M","?","?","?","?","E","R","E","T","R","M","R","$","E","R","BOSS","M","?","$","M","?","E","M","R","T","?","M","E","?","M"],"build_version":"2019-01-23","purchased_purges":0,"victory":false,"max_hp_per_floor":[66,66,66,66,66,66,66,66,66,66,66,66,66,66,66,66,66,66,66,66,66,66,66,66,66,72,72,72,72,36,36],"card_choices":[{"not_picked":["Flechettes","Sucker Punch"],"picked":"Flying Knee","floor":1.0},{"not_picked":["Bane","Slice"],"picked":"Finisher","floor":3.0},{"not_picked":["Outmaneuver","Sucker Punch"],"picked":"Cloak And Dagger","floor":6.0},{"not_picked":["Backstab","Acrobatics"],"picked":"Backflip","floor":8.0},{"not_picked":["Acrobatics","Blade Dance"],"picked":"PiercingWail","floor":11.0},{"not_picked":["Bane","Burst"],"picked":"Terror","floor":14.0},{"not_picked":["Bullet Time","Burst"],"picked":"Adrenaline","floor":16.0},{"not_picked":["Dodge and Roll","Poisoned Stab"],"picked":"Dash","floor":18.0},{"not_picked":["Bane","Flying Knee"],"picked":"Blade Dance","floor":21.0},{"not_picked":["Predator","Catalyst"],"picked":"Blade Dance+1","floor":22.0},{"not_picked":["Quick Slash","Acrobatics+1"],"picked":"PiercingWail","floor":23.0},{"not_picked":["Expertise","Backstab"],"picked":"Dodge and Roll","floor":24.0},{"not_picked":["Concentrate","Dagger Throw"],"picked":"Prepared+1","floor":28.0},{"not_picked":["Dodge and Roll+1","Accuracy"],"picked":"Finisher","floor":29.0}],"player_experience":1294297,"relics_obtained":[{"floor":6.0,"key":"infinitespire:Midas Blood"},{"floor":8.0,"key":"Vajra"},{"floor":9.0,"key":"Darkstone Periapt"},{"floor":14.0,"key":"Potion Belt"},{"floor":23.0,"key":"hubris:DuctTape"},{"floor":27.0,"key":"Ginger"},{"floor":27.0,"key":"Pantograph"},{"floor":29.0,"key":"Bottled Lightning"}],"event_choices":[{"damage_healed":0.0,"max_hp_gain":0.0,"max_hp_loss":0.0,"gold_gain":0.0,"event_name":"Match and Keep!","player_choice":"0 cards matched","floor":2.0,"gold_loss":0.0,"damage_taken":0.0,"cards_obtained":[]},{"damage_healed":0.0,"max_hp_gain":0.0,"max_hp_loss":0.0,"gold_gain":0.0,"cards_transformed":["Strike_G"],"event_name":"Transmorgrifier","player_choice":"Transformed","floor":4.0,"gold_loss":0.0,"damage_taken":0.0,"cards_obtained":["Concentrate"]},{"damage_healed":0.0,"max_hp_gain":0.0,"max_hp_loss":0.0,"gold_gain":0.0,"event_name":"Colosseum","player_choice":"Fight","floor":27.0,"gold_loss":0.0,"damage_taken":0.0},{"damage_healed":0.0,"max_hp_gain":0.0,"max_hp_loss":0.0,"gold_gain":0.0,"event_name":"Colosseum","player_choice":"Fought Nobs","floor":27.0,"gold_loss":0.0,"damage_taken":0.0},{"damage_healed":0.0,"max_hp_gain":0.0,"max_hp_loss":36.0,"gold_gain":0.0,"event_name":"Ghosts","player_choice":"Became a Ghost","floor":30.0,"gold_loss":0.0,"damage_taken":0.0,"cards_obtained":["Ghostly","Ghostly","Ghostly"]}],"is_beta":false,"boss_relics":[{"not_picked":["Empty Cage","Runic Dome"],"picked":"Cursed Key"}],"items_purged_floors":[],"is_endless":false,"potions_floor_spawned":[3,11,16,22,27,27,29],"killed_by":"Cultist and Chosen","ascension_level":20}