{"gold_per_floor":[118,132,132,150,20,20,31,59,86,11,11,53,53,69,69,154,154,179,12,62,76,1,1,42,42,42,42,71,102,151,38,38,38],"floor_reached":33,"playtime":1368,"items_purged":["Strike_G","Strike_G","Strike_G"],"score":622,"play_id":"2499b4ae-f542-407e-98cb-b97c9c6001a2","local_time":"20190921141223","is_ascension_mode":true,"campfire_choices":[{"data":"Glass Knife","floor":6,"key":"SMITH"},{"data":"Footwork","floor":13,"key":"SMITH"},{"data":"Malaise","floor":15,"key":"SMITH"},{"data":"Crippling Poison","floor":23,"key":"SMITH"},{"data":"Corpse Explosion","floor":25,"key":"SMITH"},{"floor":27,"key":"REST"},{"data":"Backflip","floor":32,"key":"SMITH"}],"neow_cost":"TEN_PERCENT_HP_LOSS","seed_source_timestamp":3575212388229,"circlet_count":0,"master_deck":["AscendersBane","Strike_G+1","Defend_G","Defend_G","Defend_G+1","Defend_G","Defend_G","Survivor","Neutralize","Cloak And Dagger","Cloak And Dagger","Neutralize","Glass Knife+1","Bouncing Flask","Well Laid Plans","Footwork+1","Deadly Poison","Malaise+1","Corpse Explosion+1","Well Laid Plans","Crippling Poison+1","Dodge and Roll","Backflip+1","Acrobatics+1"],"relics":["Ring of the Snake","StoneCalendar","Vajra","CeramicFish","MealTicket","Philosopher\u0027s Stone","Pear","Dream Catcher","MawBank","Dodecahedron"],"potions_floor_usage":[8,28,30,30,30,33,33],"damage_taken":[{"damage":2,"enemies":"Small Slimes","floor":1,"turns":4},{"damage":1,"enemies":"Cultist","floor":2,"turns":5},{"damage":1,"enemies":"2 Louse","floor":4,"turns":2},{"damage":2,"enemies":"Large Slime","floor":7,"turns":4},{"damage":6,"enemies":"Gremlin Nob","floor":8,"turns":3},{"damage":15,"enemies":"3 Sentries","floor":12,"turns":7},{"damage":6,"enemies":"3 Louse","floor":14,"turns":4},{"damage":4,"enemies":"The Guardian","floor":16,"turns":9},{"damage":28,"enemies":"3 Byrds","floor":18,"turns":3},{"damage":3,"enemies":"Spheric Guardian","floor":21,"turns":5},{"damage":15,"enemies":"Slavers","floor":24,"turns":2},{"damage":9,"enemies":"Gremlin Leader","floor":28,"turns":7},{"damage":6,"enemies":"Shelled Parasite and Fungi","floor":29,"turns":7},{"damage":19,"enemies":"Slavers","floor":30,"turns":6},{"damage":44,"enemies":"Collector","floor":33,"turns":9}],"seed_played":"5735512923456308652","potions_obtained":[{"floor":2,"key":"LiquidBronze"},{"floor":4,"key":"SteroidPotion"},{"floor":12,"key":"Strength Potion"},{"floor":16,"key":"EntropicBrew"},{"floor":21,"key":"AttackPotion"},{"floor":28,"key":"Swift Potion"},{"floor":30,"key":"Regen Potion"}],"is_trial":false,"path_per_floor":["M","M","?","M","$","R","M","E","T","$","?","E","R","M","R","B",null,"M","$","?","M","?","R","E","R","T","R","E","M","E","$","R","B"],"character_chosen":"THE_SILENT","items_purchased":["Bouncing Flask","Well Laid Plans","Crippling Poison"],"campfire_rested":1,"item_purchase_floors":[5,5,19],"current_hp_per_floor":[57,56,56,55,55,55,53,47,47,47,29,14,14,8,8,4,46,18,33,33,30,30,30,25,25,25,46,37,31,12,27,27,0],"gold":38,"neow_bonus":"ONE_RARE_RELIC","is_prod":false,"is_daily":false,"chose_seed":false,"campfire_upgraded":6,"win_rate":0,"timestamp":1569067943,"path_taken":["M","M","?","?","$","R","M","E","T","?","?","E","R","M","R","BOSS","M","$","?","M","?","R","E","R","T","R","E","M","E","$","R","BOSS"],"build_version":"2019-09-20","purchased_purges":3,"victory":false,"max_hp_per_floor":[60,60,60,60,60,60,60,60,60,60,60,60,60,60,60,60,60,60,60,60,60,60,60,70,70,70,70,70,70,70,70,70,70],"card_choices":[{"not_picked":["Sucker Punch","Tactician"],"picked":"Cloak And Dagger","floor":1},{"not_picked":["Reflex","Riddle With Holes"],"picked":"Cloak And Dagger","floor":2},{"not_picked":["Deflect","Sucker Punch","Blade Dance"],"picked":"SKIP","floor":4},{"not_picked":["Calculated Gamble","Quick Slash"],"picked":"Footwork","floor":7},{"not_picked":["Well Laid Plans","Predator"],"picked":"Deadly Poison","floor":8},{"not_picked":["Dodge and Roll","Poisoned Stab"],"picked":"Malaise","floor":12},{"not_picked":["Eviscerate","Dagger Throw","Masterful Stab"],"picked":"SKIP","floor":14},{"not_picked":["Storm of Steel","Wraith Form v2"],"picked":"Corpse Explosion","floor":16},{"not_picked":["Expertise","Cloak And Dagger"],"picked":"Well Laid Plans","floor":18},{"not_picked":["Deflect","Bouncing Flask","Slice"],"picked":"SKIP","floor":21},{"not_picked":["Deflect","Bouncing Flask","Slice"],"picked":"SKIP","floor":21},{"not_picked":["Infinite Blades","Dagger Throw"],"picked":"Dodge and Roll","floor":24},{"not_picked":["Terror","Prepared","Setup"],"picked":"SKIP","floor":28},{"not_picked":["Sucker Punch","Riddle With Holes"],"picked":"Backflip","floor":29},{"not_picked":["Bane+1","Dodge and Roll+1"],"picked":"Acrobatics+1","floor":30}],"player_experience":2089735,"relics_obtained":[{"floor":8,"key":"Vajra"},{"floor":9,"key":"CeramicFish"},{"floor":12,"key":"MealTicket"},{"floor":24,"key":"Pear"},{"floor":26,"key":"Dream Catcher"},{"floor":28,"key":"MawBank"},{"floor":30,"key":"Dodecahedron"}],"event_choices":[{"damage_healed":0,"gold_gain":0,"player_choice":"2 cards matched","damage_taken":0,"max_hp_gain":0,"max_hp_loss":0,"event_name":"Match and Keep!","floor":3,"gold_loss":0,"cards_obtained":["Neutralize","Glass Knife"]},{"damage_healed":0,"gold_gain":0,"player_choice":"Entered Light","damage_taken":18,"max_hp_gain":0,"max_hp_loss":0,"event_name":"Shining Light","floor":11,"gold_loss":0,"cards_upgraded":["Strike_G","Defend_G"]},{"damage_healed":0,"gold_gain":50,"player_choice":"Stole From Cult","damage_taken":0,"max_hp_gain":0,"max_hp_loss":0,"event_name":"Nest","floor":20,"gold_loss":0},{"cards_removed":["Strike_G"],"damage_healed":0,"gold_gain":0,"player_choice":"Gave Gold","damage_taken":0,"max_hp_gain":0,"max_hp_loss":0,"event_name":"Beggar","floor":22,"gold_loss":75}],"is_beta":true,"boss_relics":[{"not_picked":["Cursed Key","Tiny House"],"picked":"Philosopher\u0027s Stone"}],"items_purged_floors":[10,19,31],"is_endless":false,"potions_floor_spawned":[2,4,12,14,16,21,24,28,29,30],"killed_by":"Collector","ascension_level":20}