{"gold_per_floor":[111,128,143,108,55,82,82,82,82,82,94,126,142,65,65,167,167,185,185,153,1,19,19,19],"floor_reached":24,"playtime":1116,"items_purged":[],"score":288,"play_id":"56a2d2de-f97d-4ddb-a124-56f088b49bc5","local_time":"20180912001357","is_ascension_mode":true,"campfire_choices":[{"data":"Footwork","floor":7,"key":"SMITH"},{"data":"Neutralize","floor":10,"key":"SMITH"},{"floor":15,"key":"REST"},{"floor":23,"key":"REST"}],"neow_cost":"PERCENT_DAMAGE","seed_source_timestamp":49672159449284,"circlet_count":0,"master_deck":["Defend_G","Defend_G","Defend_G","Defend_G","Defend_G","Strike_G","Strike_G+1","Strike_G","Strike_G","Strike_G","Survivor","Neutralize+1","Footwork+1","Blade Dance","Burst+1","Deadly Poison","Dash","Crippling Poison","Flying Knee","Malaise","Die Die Die","Setup","Backflip","Corpse Explosion","Skewer"],"relics":["Ring of the Snake","Ginger","Bird Faced Urn","Matryoshka","Unceasing Top","Runic Dome"],"potions_floor_usage":[6,12,18,22,22,24],"damage_taken":[{"damage":4,"enemies":"Cultist","floor":1,"turns":5},{"damage":0,"enemies":"Small Slimes","floor":2,"turns":4},{"damage":1,"enemies":"2 Louse","floor":3,"turns":3},{"damage":9,"enemies":"Lagavulin","floor":6,"turns":5},{"damage":0,"enemies":"Looter","floor":11,"turns":3},{"damage":22,"enemies":"Gremlin Nob","floor":12,"turns":6},{"damage":1,"enemies":"Blue Slaver","floor":13,"turns":4},{"damage":15,"enemies":"The Guardian","floor":16,"turns":16},{"damage":0,"enemies":"3 Byrds","floor":18,"turns":3},{"damage":40,"enemies":"2 Thieves","floor":20,"turns":5},{"damage":20,"enemies":"Snecko","floor":22,"turns":5},{"damage":33,"enemies":"Slavers","floor":24,"turns":3}],"seed_played":"2202586816333090352","potions_obtained":[{"floor":1,"key":"SkillPotion"},{"floor":11,"key":"Ancient Potion"},{"floor":12,"key":"LiquidBronze"},{"floor":18,"key":"SpeedPotion"},{"floor":20,"key":"AttackPotion"},{"floor":22,"key":"GamblersBrew"}],"is_trial":false,"path_per_floor":["M","M","M","?","$","E","R","?","T","R","M","E","M","$","R","B",null,"M","?","M","$","M","R"],"character_chosen":"THE_SILENT","items_purchased":["Deadly Poison","Malaise","Corpse Explosion"],"campfire_rested":2,"item_purchase_floors":[5,14,21],"current_hp_per_floor":[41,41,40,57,57,48,48,34,34,34,36,16,17,17,38,25,59,59,59,21,21,3,24,0],"gold":19,"neow_bonus":"ONE_RARE_RELIC","is_prod":false,"is_daily":false,"chose_seed":false,"campfire_upgraded":2,"win_rate":0,"timestamp":1536704037,"path_taken":["M","M","?","?","$","E","R","?","T","R","M","E","M","$","R","BOSS","M","?","M","$","M","R","E"],"build_version":"2018-09-10","purchased_purges":0,"victory":false,"max_hp_per_floor":[70,70,70,70,70,70,70,70,70,70,70,70,70,70,70,70,70,70,70,70,70,70,70,70],"card_choices":[{"not_picked":["Poisoned Stab","Dagger Throw"],"picked":"Footwork","floor":1},{"not_picked":["Calculated Gamble","Catalyst"],"picked":"Blade Dance","floor":2},{"not_picked":["PiercingWail","Deadly Poison"],"picked":"Burst","floor":3},{"not_picked":["Unload","Infinite Blades"],"picked":"Dash","floor":6},{"not_picked":["Dagger Throw","Backflip"],"picked":"Crippling Poison","floor":11},{"not_picked":["Acrobatics","Underhanded Strike"],"picked":"Flying Knee","floor":12},{"not_picked":["A Thousand Cuts","Concentrate","Dodge and Roll"],"picked":"SKIP","floor":13},{"not_picked":["Night Terror","Storm of Steel"],"picked":"Die Die Die","floor":16},{"not_picked":["Prepared","Underhanded Strike"],"picked":"Setup","floor":18},{"not_picked":["Poisoned Stab","Prepared"],"picked":"Backflip","floor":20},{"not_picked":["Prepared","Flying Knee"],"picked":"Skewer","floor":22}],"player_experience":419800,"relics_obtained":[{"floor":6,"key":"Bird Faced Urn"},{"floor":9,"key":"Matryoshka"},{"floor":12,"key":"Unceasing Top"}],"event_choices":[{"event_name":"The Cleric","player_choice":"Healed","floor":4,"damage_taken":0},{"event_name":"Shining Light","player_choice":"Entered Light","floor":8,"damage_taken":0},{"event_name":"Ghosts","player_choice":"Ignored","floor":19,"damage_taken":0}],"is_beta":true,"boss_relics":[{"not_picked":["Runic Pyramid","Ring of the Serpent"],"picked":"Runic Dome"}],"items_purged_floors":[],"is_endless":false,"potions_floor_spawned":[1,11,12,18,20,22],"killed_by":"Slavers","ascension_level":8}