{"gold_per_floor":[361,379,44,64,64,93,93,125,150,150,169,186,35,67,67,164,164,176,193,205,51,150,150,150,161,186,186,211,221,251,251,251,350,350,367,385,385,6,26,55,55,70,70,100,100,130,32,64,64,64],"floor_reached":51,"playtime":15446,"items_purged":["Strike_B"],"score":1065,"play_id":"91171b63-b877-4714-8b49-a8895383aa6e","local_time":"20190218103904","is_ascension_mode":true,"campfire_choices":[{"data":"Defragment","floor":7,"key":"SMITH"},{"data":"Loop","floor":10,"key":"SMITH"},{"floor":15,"key":"REST"},{"floor":23,"key":"REST"},{"data":"Machine Learning","floor":27,"key":"SMITH"},{"data":"Zap","floor":32,"key":"SMITH"},{"floor":41,"key":"REST"},{"floor":45,"key":"REST"},{"data":"Go for the Eyes","floor":49,"key":"SMITH"}],"neow_cost":"PERCENT_DAMAGE","seed_source_timestamp":400294678888297,"circlet_count":0,"master_deck":["Strike_B","Strike_B","Strike_B","Defend_B","Defend_B","Defend_B","Defend_B","Zap+1","Dualcast","Coolheaded+1","Conserve Battery+1","Defragment+1","Coolheaded+1","White Noise+1","Loop+1","Cold Snap","Go for the Eyes+1","Reinforced Body+1","Steam+1","Machine Learning+1","Tempest+1","Redo+1","Cold Snap+1","Chill+1","Purity+1","Fusion+1","Doom and Gloom","White Noise+1","Tempest+1","Echo Form","Defragment","Ball Lightning","Deep Breath+1","Loop","Loop","Seek+1","Leap+1","Injury","Compile Driver+1","Glacier+1"],"relics":["Cracked Core","Toxic Egg 2","Bag of Preparation","War Paint","Vajra","Dodecahedron","Nuclear Battery","Potion Belt","Happy Flower","Mercury Hourglass","Cursed Key","Ice Cream","Gambling Chip","Molten Egg 2","Pen Nib","Lantern","Nunchaku"],"potions_floor_usage":[6,11,14,25,28,30,33,39,42,50,50],"damage_taken":[{"damage":0,"enemies":"Cultist","floor":1,"turns":4},{"damage":10,"enemies":"Small Slimes","floor":2,"turns":3},{"damage":7,"enemies":"Jaw Worm","floor":4,"turns":3},{"damage":4,"enemies":"Lagavulin","floor":6,"turns":14},{"damage":17,"enemies":"Gremlin Nob","floor":8,"turns":5},{"damage":3,"enemies":"Exordium Wildlife","floor":11,"turns":4},{"damage":3,"enemies":"2 Fungi Beasts","floor":12,"turns":3},{"damage":4,"enemies":"3 Sentries","floor":14,"turns":6},{"damage":7,"enemies":"Slime Boss","floor":16,"turns":16},{"damage":0,"enemies":"Shell Parasite","floor":18,"turns":6},{"damage":9,"enemies":"2 Thieves","floor":19,"turns":3},{"damage":3,"enemies":"Snecko","floor":20,"turns":4},{"damage":6,"enemies":"3 Cultists","floor":25,"turns":5},{"damage":0,"enemies":"Book of Stabbing","floor":28,"turns":6},{"damage":0,"enemies":"Centurion and Healer","floor":29,"turns":6},{"damage":9,"enemies":"Gremlin Leader","floor":30,"turns":7},{"damage":20,"enemies":"Champ","floor":33,"turns":10},{"damage":0,"enemies":"3 Shapes","floor":35,"turns":3},{"damage":0,"enemies":"Orb Walker","floor":36,"turns":3},{"damage":9,"enemies":"Maw","floor":39,"turns":5},{"damage":0,"enemies":"Nemesis","floor":40,"turns":7},{"damage":0,"enemies":"Spire Growth","floor":42,"turns":3},{"damage":14,"enemies":"Reptomancer","floor":44,"turns":6},{"damage":0,"enemies":"Nemesis","floor":46,"turns":3},{"damage":0,"enemies":"Reptomancer","floor":48,"turns":4},{"damage":0,"enemies":"Donu and Deca","floor":50,"turns":6}],"seed_played":"-4731595057911727348","potions_obtained":[{"floor":2,"key":"AttackPotion"},{"floor":8,"key":"LiquidBronze"},{"floor":11,"key":"Ancient Potion"},{"floor":12,"key":"SpeedPotion"},{"floor":16,"key":"Explosive Potion"},{"floor":25,"key":"Block Potion"},{"floor":29,"key":"SpeedPotion"},{"floor":33,"key":"SpeedPotion"},{"floor":35,"key":"SkillPotion"},{"floor":36,"key":"Energy Potion"},{"floor":44,"key":"PowerPotion"},{"floor":48,"key":"PowerPotion"}],"is_trial":false,"path_per_floor":["M","M","$","M","?","E","R","E","T","R","M","M","$","E","R","B",null,"M","M","M","$","?","R","?","M","T","R","E","M","E","?","R","B",null,"M","M","?","$","M","E","R","M","T","E","R","E","$","E","R","B",null],"character_chosen":"DEFECT","items_purchased":["Defragment","Toxic Egg 2","Reinforced Body+1","Chill+1","Purity+1","Ice Cream","Loop","Block Potion","SkillPotion"],"campfire_rested":4,"item_purchase_floors":[3,3,13,21,21,38,38,47,47],"current_hp_per_floor":[54,44,44,37,42,38,38,21,21,21,18,15,15,11,35,28,80,80,71,68,68,68,80,80,74,74,74,74,74,65,80,80,60,80,80,80,80,80,71,71,80,80,80,66,80,80,80,80,80,80],"gold":64,"neow_bonus":"TWO_FIFTY_GOLD","is_prod":false,"is_daily":false,"chose_seed":false,"campfire_upgraded":5,"win_rate":0,"timestamp":1550515144,"path_taken":["M","?","$","M","?","E","R","E","T","R","M","M","$","E","R","BOSS","M","M","M","$","?","R","?","M","T","R","E","M","E","?","R","BOSS","M","M","?","$","M","E","R","M","T","E","R","E","$","E","R","BOSS"],"build_version":"2019-01-23","purchased_purges":1,"victory":true,"max_hp_per_floor":[75,75,75,75,80,80,80,80,80,80,80,80,80,80,80,80,80,80,80,80,80,80,80,80,80,80,80,80,80,80,80,80,80,80,80,80,80,80,80,80,80,80,80,80,80,80,80,80,80,80],"card_choices":[{"not_picked":["Leap","Turbo"],"picked":"Coolheaded","floor":1},{"not_picked":["Sweeping Beam","Turbo"],"picked":"Conserve Battery","floor":2},{"not_picked":["Steam+1","Beam Cell"],"picked":"Coolheaded+1","floor":4},{"not_picked":["Meteor Strike","Tempest+1"],"picked":"White Noise+1","floor":6},{"not_picked":["Rip and Tear","Undo+1"],"picked":"Loop","floor":8},{"not_picked":["Barrage","Sunder"],"picked":"Cold Snap","floor":11},{"not_picked":["Gash","Heatsinks"],"picked":"Go for the Eyes","floor":12},{"not_picked":["Hologram+1","Barrage"],"picked":"Steam+1","floor":14},{"not_picked":["Buffer","Amplify+1"],"picked":"Machine Learning","floor":16},{"not_picked":["Beam Cell+1","Gash"],"picked":"Tempest+1","floor":18},{"not_picked":["Fusion+1","Genetic Algorithm+1"],"picked":"Redo+1","floor":19},{"not_picked":["Force Field+1","Hyperbeam"],"picked":"Cold Snap+1","floor":20},{"not_picked":["Chill+1","Leap+1"],"picked":"Fusion+1","floor":25},{"not_picked":["Stack+1","Thunder Strike"],"picked":"Doom and Gloom","floor":28},{"not_picked":["Force Field+1","Conserve Battery+1"],"picked":"White Noise+1","floor":29},{"not_picked":["Leap+1","Rebound+1"],"picked":"Tempest+1","floor":30},{"not_picked":["Machine Learning","Biased Cognition"],"picked":"Echo Form","floor":33},{"not_picked":["Turbo+1","Recycle+1"],"picked":"Defragment","floor":35},{"not_picked":["Conserve Battery+1","Streamline+1"],"picked":"Ball Lightning","floor":36},{"not_picked":["Flash of Steel","Dramatic Entrance"],"picked":"Deep Breath+1","floor":37},{"not_picked":["BootSequence+1","Rebound"],"picked":"Loop","floor":39},{"not_picked":["Ball Lightning","Genetic Algorithm+1"],"picked":"Seek+1","floor":40},{"not_picked":["Reprogram+1","Chaos+1"],"picked":"Leap+1","floor":42},{"not_picked":["Gash+1","Turbo+1"],"picked":"Compile Driver+1","floor":44},{"not_picked":["Sweeping Beam+1","Darkness+1"],"picked":"Glacier+1","floor":46},{"not_picked":["Compile Driver+1","Sweeping Beam+1","Hello World"],"picked":"SKIP","floor":48}],"player_experience":196174,"relics_obtained":[{"floor":6,"key":"Bag of Preparation"},{"floor":8,"key":"War Paint"},{"floor":9,"key":"Vajra"},{"floor":14,"key":"Dodecahedron"},{"floor":26,"key":"Potion Belt"},{"floor":28,"key":"Happy Flower"},{"floor":30,"key":"Mercury Hourglass"},{"floor":40,"key":"Gambling Chip"},{"floor":43,"key":"Molten Egg 2"},{"floor":44,"key":"Pen Nib"},{"floor":46,"key":"Lantern"},{"floor":48,"key":"Nunchaku"}],"event_choices":[{"damage_healed":0,"gold_gain":0,"player_choice":"Donut","damage_taken":0,"max_hp_gain":5,"max_hp_loss":0,"event_name":"Big Fish","floor":5,"gold_loss":0},{"damage_healed":0,"gold_gain":99,"player_choice":"Stole From Cult","damage_taken":0,"max_hp_gain":0,"max_hp_loss":0,"event_name":"Nest","floor":22,"gold_loss":0},{"damage_healed":0,"gold_gain":0,"player_choice":"Ignored","damage_taken":0,"max_hp_gain":0,"max_hp_loss":0,"event_name":"Cursed Tome","floor":24,"gold_loss":0},{"damage_healed":26,"gold_gain":0,"player_choice":"Heal","damage_taken":0,"max_hp_gain":0,"max_hp_loss":0,"event_name":"The Library","floor":31,"gold_loss":0},{"damage_healed":0,"gold_gain":0,"player_choice":"Memory 1","damage_taken":0,"max_hp_gain":0,"max_hp_loss":0,"event_name":"SensoryStone","floor":37,"gold_loss":0}],"is_beta":false,"boss_relics":[{"not_picked":["Black Star","Orrery"],"picked":"Nuclear Battery"},{"not_picked":["Philosopher\u0027s Stone","Eternal Feather"],"picked":"Cursed Key"}],"items_purged_floors":[13],"is_endless":false,"potions_floor_spawned":[2,8,11,12,16,25,29,33,35,36,44,48],"ascension_level":2}