{"gold_per_floor":[118,118,135,68,78,78,108,108,162,182,182,23,52,70,70,70],"floor_reached":16,"playtime":1019,"items_purged":["Strike_B"],"score":204,"play_id":"4bb1e77a-dec1-45a4-ba02-e2c7c3326657","local_time":"20181101180431","is_ascension_mode":true,"campfire_choices":[{"data":"Defragment","floor":6,"key":"SMITH"},{"data":"Rainbow","floor":8,"key":"SMITH"},{"data":"Double Energy","floor":15,"key":"SMITH"}],"neow_cost":"NONE","seed_source_timestamp":5567382871891,"circlet_count":0,"master_deck":["AscendersBane","Strike_B","Strike_B","Strike_B","Defend_B","Defend_B","Defend_B","Defend_B","Zap+1","Dualcast","Defragment+1","Cold Snap","Redo","Rainbow+1","Stack","Self Repair","Double Energy+1","Hologram"],"relics":["Cracked Core","Blood Vial","Vajra","Dodecahedron"],"potions_floor_usage":[7,13,16],"damage_taken":[{"damage":1,"enemies":"2 Louse","floor":1,"turns":2},{"damage":12,"enemies":"Jaw Worm","floor":3,"turns":2},{"damage":3,"enemies":"Small Slimes","floor":5,"turns":3},{"damage":12,"enemies":"Lagavulin","floor":7,"turns":5},{"damage":7,"enemies":"Looter","floor":10,"turns":2},{"damage":28,"enemies":"Gremlin Nob","floor":13,"turns":4},{"damage":12,"enemies":"2 Fungi Beasts","floor":14,"turns":3},{"damage":34,"enemies":"Slime Boss","floor":16,"turns":3}],"seed_played":"-6957749735657811650","potions_obtained":[{"floor":1,"key":"SkillPotion"},{"floor":3,"key":"Fire Potion"},{"floor":14,"key":"Strength Potion"}],"is_trial":false,"path_per_floor":["M","?","M","?","M","R","E","R","T","M","?","$","E","M","R","B"],"character_chosen":"DEFECT","items_purchased":["Self Repair"],"campfire_rested":0,"item_purchase_floors":[12],"current_hp_per_floor":[63,68,56,56,53,53,41,41,41,36,36,36,17,14,14,0],"gold":70,"neow_bonus":"UPGRADE_CARD","is_prod":false,"is_daily":false,"chose_seed":false,"campfire_upgraded":3,"win_rate":0,"timestamp":1541091871,"path_taken":["M","?","M","?","M","R","E","R","T","M","?","$","E","M","R","BOSS"],"build_version":"2018-10-31v2","purchased_purges":1,"victory":false,"max_hp_per_floor":[71,76,76,76,76,76,76,76,76,76,76,76,76,76,76,76],"card_choices":[{"not_picked":["Doom and Gloom","Darkness"],"picked":"Defragment","floor":1},{"not_picked":["Leap","Force Field"],"picked":"Cold Snap","floor":3},{"not_picked":["Stack","Leap"],"picked":"Redo","floor":5},{"not_picked":["Stack","Sweeping Beam"],"picked":"Rainbow","floor":7},{"not_picked":["Force Field","Turbo"],"picked":"Stack","floor":10},{"not_picked":["Hello World","Streamline"],"picked":"Double Energy","floor":13},{"not_picked":["Hello World","Stack"],"picked":"Hologram","floor":14}],"player_experience":738072,"relics_obtained":[{"floor":7,"key":"Blood Vial"},{"floor":9,"key":"Vajra"},{"floor":13,"key":"Dodecahedron"}],"event_choices":[{"damage_healed":0,"gold_gain":0,"player_choice":"Donut","damage_taken":0,"max_hp_gain":5,"max_hp_loss":0,"event_name":"Big Fish","floor":2,"gold_loss":0},{"damage_healed":0,"gold_gain":0,"player_choice":"Left Gold","damage_taken":0,"max_hp_gain":0,"max_hp_loss":0,"event_name":"World of Goop","floor":4,"gold_loss":67},{"damage_healed":0,"gold_gain":0,"player_choice":"Fled","damage_taken":0,"max_hp_gain":0,"max_hp_loss":0,"event_name":"Scrap Ooze","floor":11,"gold_loss":0}],"is_beta":true,"boss_relics":[],"items_purged_floors":[12],"is_endless":false,"potions_floor_spawned":[1,3,5,14],"killed_by":"Slime Boss","ascension_level":17}