{"gold_per_floor":[217,230,246,50,15,42,42,73,73,106,120,120,150,34,34,105,105,123,123,82,82,101,112,139,139,139,173,173,198,198,210,210,284,284,296,306,44,44],"floor_reached":38,"playtime":1581,"items_purged":["Strike_G"],"score":1105,"play_id":"51a9ca85-44cc-44aa-a428-4416ce66a2ad","local_time":"20190328175731","is_ascension_mode":true,"campfire_choices":[{"floor":7,"key":"REST"},{"floor":12,"key":"REST"},{"data":"Noxious Fumes","floor":15,"key":"SMITH"},{"data":"Crippling Poison","floor":25,"key":"SMITH"},{"data":"Footwork","floor":28,"key":"SMITH"},{"data":"Ghostly","floor":30,"key":"SMITH"},{"data":"Footwork","floor":32,"key":"SMITH"}],"neow_cost":"NONE","seed_source_timestamp":30029717574144,"circlet_count":0,"master_deck":["AscendersBane","Defend_G","Defend_G","Defend_G","Defend_G","Defend_G","Strike_G","Strike_G","Strike_G","Strike_G","Survivor","Neutralize","Dagger Spray","Flying Knee","Cloak And Dagger","Well Laid Plans","Deadly Poison","Backflip","Crippling Poison+1","Deadly Poison","Noxious Fumes","Footwork+1","Noxious Fumes+1","Malaise","PiercingWail","Ghostly+1","Ghostly","Ghostly","Footwork+1","PiercingWail","Corpse Explosion","Dodge and Roll","Caltrops","Calculated Gamble","Acrobatics","After Image"],"relics":["Ring of the Snake","PreservedInsect","Mercury Hourglass","Oddly Smooth Stone","Ancient Tea Set","Coffee Dripper","Art of War","Letter Opener","Paper Crane","Red Mask","Black Star","Meat on the Bone"],"potions_floor_usage":[8,38],"damage_taken":[{"damage":7,"enemies":"Cultist","floor":1,"turns":5},{"damage":0,"enemies":"Jaw Worm","floor":2,"turns":5},{"damage":2,"enemies":"2 Louse","floor":3,"turns":2},{"damage":43,"enemies":"Lagavulin","floor":6,"turns":10},{"damage":18,"enemies":"Gremlin Nob","floor":8,"turns":4},{"damage":2,"enemies":"Lagavulin","floor":10,"turns":8},{"damage":12,"enemies":"Large Slime","floor":11,"turns":6},{"damage":0,"enemies":"3 Sentries","floor":13,"turns":4},{"damage":0,"enemies":"Hexaghost","floor":16,"turns":8},{"damage":13,"enemies":"2 Thieves","floor":18,"turns":5},{"damage":1,"enemies":"3 Byrds","floor":22,"turns":4},{"damage":10,"enemies":"Centurion and Healer","floor":23,"turns":7},{"damage":0,"enemies":"Slavers","floor":24,"turns":3},{"damage":1,"enemies":"Gremlin Leader","floor":27,"turns":4},{"damage":0,"enemies":"Masked Bandits","floor":29,"turns":3},{"damage":1,"enemies":"Snake Plant","floor":31,"turns":5},{"damage":14,"enemies":"Collector","floor":33,"turns":10},{"damage":0,"enemies":"Orb Walker","floor":35,"turns":5},{"damage":16,"enemies":"3 Shapes","floor":36,"turns":3},{"damage":13,"enemies":"3 Darklings","floor":38,"turns":2}],"seed_played":"-2766755811604134116","potions_obtained":[{"floor":6,"key":"Strength Potion"},{"floor":10,"key":"Strength Potion"},{"floor":11,"key":"Dexterity Potion"}],"is_trial":false,"path_per_floor":["M","M","M","$","?","E","R","E","T","E","M","R","E","$","R","B",null,"M","?","$","?","M","M","E","R","T","E","R","?","R","M","R","B",null,"M","M","$","M"],"character_chosen":"THE_SILENT","items_purchased":["Well Laid Plans","Deadly Poison","Backflip","Noxious Fumes","Footwork","Meat on the Bone"],"campfire_rested":2,"item_purchase_floors":[4,4,4,14,20,37],"current_hp_per_floor":[52,52,50,50,66,23,42,24,24,22,10,29,29,29,29,29,57,44,33,33,33,32,22,22,22,22,21,21,21,21,20,20,6,26,26,10,10,0],"gold":44,"neow_bonus":"HUNDRED_GOLD","is_prod":false,"is_daily":false,"chose_seed":false,"campfire_upgraded":5,"win_rate":0,"timestamp":1553792251,"path_taken":["M","M","?","$","?","E","R","E","T","E","M","R","E","$","R","BOSS","M","?","$","?","M","M","E","R","T","E","R","?","R","M","R","BOSS","M","M","$","M"],"build_version":"2019-01-23","purchased_purges":1,"victory":false,"max_hp_per_floor":[66,66,66,66,66,66,66,66,66,66,66,66,66,66,66,66,66,66,33,33,33,33,33,33,33,33,33,33,33,33,33,33,33,33,33,33,33,33],"card_choices":[{"not_picked":["Outmaneuver","Quick Slash"],"picked":"Dagger Spray","floor":1},{"not_picked":["Distraction","Heel Hook"],"picked":"Flying Knee","floor":2},{"not_picked":["Bane","Prepared"],"picked":"Cloak And Dagger","floor":3},{"not_picked":["Underhanded Strike","Outmaneuver"],"picked":"Crippling Poison","floor":6},{"not_picked":["Slice","Acrobatics","Cloak And Dagger"],"picked":"SKIP","floor":8},{"not_picked":["Slice","Dagger Spray"],"picked":"Deadly Poison","floor":10},{"not_picked":["Deadly Poison","All Out Attack"],"picked":"Noxious Fumes","floor":11},{"not_picked":["Envenom","Dodge and Roll"],"picked":"Footwork","floor":13},{"not_picked":["Unload","Grand Finale"],"picked":"Malaise","floor":16},{"not_picked":["Dodge and Roll","Caltrops+1"],"picked":"PiercingWail","floor":18},{"not_picked":["Poisoned Stab","Acrobatics"],"picked":"PiercingWail","floor":22},{"not_picked":["Poisoned Stab","Dodge and Roll"],"picked":"Corpse Explosion","floor":23},{"not_picked":["Sucker Punch","Dagger Throw"],"picked":"Dodge and Roll","floor":24},{"not_picked":["Eviscerate","Poisoned Stab"],"picked":"Caltrops","floor":27},{"not_picked":["Underhanded Strike","Concentrate"],"picked":"Calculated Gamble","floor":29},{"not_picked":["Blur","Accuracy"],"picked":"Acrobatics","floor":31},{"not_picked":["Malaise","A Thousand Cuts"],"picked":"After Image","floor":33},{"not_picked":["Finisher+1","Endless Agony","Skewer"],"picked":"SKIP","floor":35},{"not_picked":["Terror","Flying Knee","Finisher"],"picked":"SKIP","floor":36}],"player_experience":1494324,"relics_obtained":[{"floor":6,"key":"PreservedInsect"},{"floor":8,"key":"Mercury Hourglass"},{"floor":9,"key":"Oddly Smooth Stone"},{"floor":10,"key":"Ancient Tea Set"},{"floor":24,"key":"Art of War"},{"floor":26,"key":"Letter Opener"},{"floor":27,"key":"Paper Crane"},{"floor":29,"key":"Red Mask"}],"event_choices":[{"damage_healed":16,"gold_gain":0,"player_choice":"Healed","damage_taken":0,"max_hp_gain":0,"max_hp_loss":0,"event_name":"The Cleric","floor":5,"gold_loss":35},{"damage_healed":0,"gold_gain":0,"player_choice":"Became a Ghost","damage_taken":0,"max_hp_gain":0,"max_hp_loss":33,"event_name":"Ghosts","floor":19,"gold_loss":0,"cards_obtained":["Ghostly","Ghostly","Ghostly"]},{"damage_healed":0,"gold_gain":0,"player_choice":"Ignored","damage_taken":0,"max_hp_gain":0,"max_hp_loss":0,"event_name":"The Mausoleum","floor":21,"gold_loss":0},{"damage_healed":0,"gold_gain":0,"player_choice":"Fought Bandits","damage_taken":0,"max_hp_gain":0,"max_hp_loss":0,"event_name":"Masked Bandits","floor":29,"gold_loss":0}],"is_beta":false,"boss_relics":[{"not_picked":["Cursed Key","Eternal Feather"],"picked":"Coffee Dripper"},{"not_picked":["White Beast Statue","Lizard Tail"],"picked":"Black Star"}],"items_purged_floors":[14],"is_endless":false,"potions_floor_spawned":[6,10,11,13,18,24],"killed_by":"3 Darklings","ascension_level":20}