{"gold_per_floor":[368,58,75,75,90,90,101,132,132,159,30,30,30,105,105,176,176,189,134,34,34,134,166,184,20,47,78,88,88,118,132,132,211,211,221,1220,1239,912,912,939,953,953,980,1007,1007,1025,1025,1052,1052,1052,1052,1052,1052,3,36,36],"floor_reached":56,"playtime":2224,"items_purged":["Strike_R","Strike_R","Strike_R","Normality","Normality"],"score":2173,"play_id":"9baf4804-60f9-499b-915b-13a32a981b4c","local_time":"20190521193718","is_ascension_mode":true,"campfire_choices":[{"data":"Whirlwind","floor":6,"key":"SMITH"},{"data":"Uppercut","floor":12,"key":"SMITH"},{"floor":15,"key":"REST"},{"floor":29,"key":"REST"},{"data":"Juggernaut","floor":32,"key":"SMITH"},{"floor":42,"key":"REST"},{"floor":47,"key":"RECALL"},{"data":"Juggernaut","floor":49,"key":"SMITH"},{"data":"Feel No Pain","floor":53,"key":"SMITH"}],"neow_cost":"TEN_PERCENT_HP_LOSS","seed_source_timestamp":13413277894145,"circlet_count":0,"master_deck":["AscendersBane","Strike_R","Strike_R+1","Defend_R+1","Defend_R","Defend_R","Defend_R","Bash","Uppercut+1","Whirlwind+1","Shrug It Off","Feed","Reaper","Evolve","Shrug It Off","Juggernaut+1","Shrug It Off","Inflame","Feel No Pain+1","Feel No Pain","Bludgeon","Juggernaut+1","Headbutt+1","Pummel+1","Shrug It Off+1","Armaments+1","Flame Barrier+1","Flame Barrier+1","Burning Pact+1","Shockwave+1"],"relics":["Burning Blood","Chemical X","Darkstone Periapt","Bottled Lightning","Mummified Hand","Snecko Eye","Tiny Chest","Unceasing Top","Blue Candle","Dodecahedron","Smiling Mask","Lantern","Toxic Egg 2","Runic Dome","Bronze Scales","Orichalcum","Art of War","Pear","Potion Belt","Mango","OrangePellets","Bottled Tornado","Bag of Marbles"],"potions_floor_usage":[10,27,46,56,56],"damage_taken":[{"damage":15,"enemies":"Small Slimes","floor":1,"turns":6},{"damage":4,"enemies":"Jaw Worm","floor":3,"turns":3},{"damage":0,"enemies":"2 Louse","floor":5,"turns":2},{"damage":3,"enemies":"Exordium Thugs","floor":7,"turns":2},{"damage":39,"enemies":"Lagavulin","floor":8,"turns":9},{"damage":0,"enemies":"3 Sentries","floor":10,"turns":1},{"damage":24,"enemies":"The Guardian","floor":16,"turns":11},{"damage":0,"enemies":"3 Byrds","floor":18,"turns":2},{"damage":0,"enemies":"Colosseum Slavers","floor":22,"turns":1},{"damage":14,"enemies":"Colosseum Nobs","floor":22,"turns":5},{"damage":40,"enemies":"Book of Stabbing","floor":23,"turns":5},{"damage":16,"enemies":"Shell Parasite","floor":24,"turns":6},{"damage":48,"enemies":"Slavers","floor":27,"turns":4},{"damage":0,"enemies":"3 Cultists","floor":28,"turns":3},{"damage":12,"enemies":"Gremlin Leader","floor":30,"turns":6},{"damage":0,"enemies":"Centurion and Healer","floor":31,"turns":5},{"damage":20,"enemies":"Champ","floor":33,"turns":7},{"damage":2,"enemies":"3 Shapes","floor":35,"turns":4},{"damage":12,"enemies":"Orb Walker","floor":37,"turns":2},{"damage":88,"enemies":"Giant Head","floor":40,"turns":7},{"damage":0,"enemies":"3 Darklings","floor":41,"turns":2},{"damage":14,"enemies":"Nemesis","floor":44,"turns":5},{"damage":4,"enemies":"Sphere and 2 Shapes","floor":46,"turns":4},{"damage":0,"enemies":"Reptomancer","floor":48,"turns":3},{"damage":36,"enemies":"Donu and Deca","floor":50,"turns":6},{"damage":64,"enemies":"Time Eater","floor":51,"turns":9},{"damage":109,"enemies":"Shield and Spear","floor":55,"turns":8},{"damage":15,"enemies":"The Heart","floor":56,"turns":2}],"seed_played":"-26612007019418728","potions_obtained":[{"floor":5,"key":"Explosive Potion"},{"floor":7,"key":"BloodPotion"},{"floor":8,"key":"Strength Potion"},{"floor":18,"key":"Dexterity Potion"},{"floor":27,"key":"Dexterity Potion"},{"floor":30,"key":"GamblersBrew"},{"floor":41,"key":"AttackPotion"}],"is_trial":false,"path_per_floor":["M","$","M","?","M","R","M","E","T","E","$","R","?","?","R","B",null,"M","?","$","?","?","E","M","$","T","E","M","R","E","M","R","B",null,"M","?","M","$","?","E","M","R","T","E","T","M","R","E","R","B","B",null,"R","$","E","B"],"character_chosen":"IRONCLAD","items_purchased":["Whirlwind","Chemical X","Shrug It Off","Feel No Pain","Bronze Scales","Shrug It Off+1","PowerPotion","AttackPotion","AttackPotion","Mango","OrangePellets","Burning Pact+1","Bottled Tornado"],"campfire_rested":3,"item_purchase_floors":[2,2,11,25,38,38,38,54,54,54,54,54,54],"current_hp_per_floor":[59,59,61,41,47,47,50,20,20,26,26,26,31,20,42,28,64,79,79,79,79,74,49,42,42,42,21,27,54,51,72,72,67,90,97,109,103,103,103,28,34,67,67,63,73,81,81,95,95,81,29,104,104,118,15,0],"gold":36,"neow_bonus":"TWO_FIFTY_GOLD","is_prod":false,"is_daily":false,"chose_seed":false,"campfire_upgraded":5,"win_rate":0,"timestamp":1558460238,"path_taken":["M","$","M","?","M","R","M","E","T","E","$","R","?","?","R","BOSS","M","?","$","?","?","E","M","$","T","E","?","R","E","M","R","BOSS","M","?","M","$","?","E","?","R","T","E","?","M","R","E","R","BOSS","BOSS","R","$","E","BOSS"],"build_version":"2019-01-23","purchased_purges":5,"victory":false,"max_hp_per_floor":[68,68,68,68,68,68,68,71,71,71,71,71,76,76,76,76,76,79,79,79,79,82,85,88,88,88,91,91,91,94,97,97,97,97,100,112,112,112,112,112,112,112,112,115,125,125,125,125,125,129,129,129,129,143,143,143],"card_choices":[{"not_picked":["Anger","Combust"],"picked":"Uppercut","floor":1},{"not_picked":["Warcry","Cleave"],"picked":"Shrug It Off","floor":3},{"not_picked":["Body Slam","Rage","Seeing Red"],"picked":"SKIP","floor":5},{"not_picked":["Spot Weakness","Pommel Strike"],"picked":"Feed","floor":7},{"not_picked":["Sword Boomerang","Iron Wave"],"picked":"Reaper","floor":8},{"not_picked":["Twin Strike","Thunderclap"],"picked":"Evolve","floor":10},{"not_picked":["Brutality","Exhume"],"picked":"Juggernaut","floor":16},{"not_picked":["Havoc","Intimidate"],"picked":"Shrug It Off","floor":18},{"not_picked":["Heavy Blade","Clothesline"],"picked":"Feel No Pain","floor":23},{"not_picked":["Cleave","Body Slam","Combust"],"picked":"SKIP","floor":24},{"not_picked":["Thunderclap","Pommel Strike+1","Iron Wave"],"picked":"SKIP","floor":27},{"not_picked":["Twin Strike","Combust","Searing Blow"],"picked":"SKIP","floor":28},{"not_picked":["Twin Strike","Metallicize"],"picked":"Bludgeon","floor":30},{"not_picked":["Pommel Strike","Havoc+1","Dropkick"],"picked":"SKIP","floor":31},{"not_picked":["Exhume+1","Immolate"],"picked":"Juggernaut","floor":33},{"not_picked":["Pommel Strike","Perfected Strike"],"picked":"Headbutt+1","floor":35},{"not_picked":["Clash+1","Rage+1"],"picked":"Pummel+1","floor":37},{"not_picked":["Warcry+1","Fiend Fire"],"picked":"Armaments+1","floor":40},{"not_picked":["Body Slam","True Grit+1"],"picked":"Flame Barrier+1","floor":41},{"not_picked":["Sentinel+1","Cleave+1","Wild Strike"],"picked":"SKIP","floor":44},{"not_picked":["Warcry+1","Whirlwind","Pommel Strike"],"picked":"SKIP","floor":46},{"not_picked":["Headbutt","Uppercut"],"picked":"Flame Barrier+1","floor":48},{"not_picked":["Feed","Armaments+1"],"picked":"Shockwave+1","floor":55}],"player_experience":1703180,"relics_obtained":[{"floor":8,"key":"Darkstone Periapt"},{"floor":9,"key":"Bottled Lightning"},{"floor":10,"key":"Mummified Hand"},{"floor":22,"key":"Unceasing Top"},{"floor":22,"key":"Blue Candle"},{"floor":23,"key":"Dodecahedron"},{"floor":26,"key":"Smiling Mask"},{"floor":27,"key":"Lantern"},{"floor":30,"key":"Toxic Egg 2"},{"floor":40,"key":"Orichalcum"},{"floor":44,"key":"Art of War"},{"floor":45,"key":"Pear"},{"floor":48,"key":"Potion Belt"},{"floor":55,"key":"Bag of Marbles"}],"event_choices":[{"damage_healed":0,"gold_gain":0,"player_choice":"Entered Light","damage_taken":20,"max_hp_gain":0,"max_hp_loss":0,"event_name":"Shining Light","floor":4,"gold_loss":0,"cards_upgraded":["Defend_R","Strike_R"]},{"damage_healed":0,"gold_gain":0,"player_choice":"Donut","damage_taken":0,"max_hp_gain":5,"max_hp_loss":0,"event_name":"Big Fish","floor":13,"gold_loss":0},{"damage_healed":0,"gold_gain":75,"player_choice":"Gather Gold","damage_taken":11,"max_hp_gain":0,"max_hp_loss":0,"event_name":"World of Goop","floor":14,"gold_loss":0},{"damage_healed":0,"gold_gain":0,"player_choice":"Obtained Relic","damage_taken":0,"relics_obtained":["Tiny Chest"],"max_hp_gain":0,"max_hp_loss":0,"event_name":"Addict","floor":19,"gold_loss":85},{"damage_healed":0,"gold_gain":0,"player_choice":"Read","damage_taken":0,"max_hp_gain":0,"max_hp_loss":0,"event_name":"The Library","floor":21,"gold_loss":0,"cards_obtained":["Inflame"]},{"damage_healed":0,"gold_gain":0,"player_choice":"Fight","damage_taken":0,"max_hp_gain":0,"max_hp_loss":0,"event_name":"Colosseum","floor":22,"gold_loss":0},{"damage_healed":0,"gold_gain":0,"player_choice":"Fought Nobs","damage_taken":0,"max_hp_gain":0,"max_hp_loss":0,"event_name":"Colosseum","floor":22,"gold_loss":0},{"damage_healed":0,"gold_gain":999,"player_choice":"Gold","damage_taken":0,"max_hp_gain":0,"max_hp_loss":0,"event_name":"MindBloom","floor":36,"gold_loss":0,"cards_obtained":["Normality","Normality"]},{"damage_healed":0,"gold_gain":0,"player_choice":"Leave","damage_taken":0,"max_hp_gain":0,"max_hp_loss":0,"event_name":"FaceTrader","floor":39,"gold_loss":0}],"is_beta":false,"boss_relics":[{"not_picked":["Empty Cage","Orrery"],"picked":"Snecko Eye"},{"not_picked":["Velvet Choker","White Beast Statue"],"picked":"Runic Dome"}],"items_purged_floors":[11,20,25,38,54],"is_endless":false,"potions_floor_spawned":[5,7,8,18,27,30,31,35,41,44],"killed_by":"The Heart","ascension_level":20}