{"gold_per_floor":[13,27,39,39,50,50,75,75,156,186,196,207,207,207,207,283,283,300,315,332,350,364,364],"floor_reached":23,"playtime":1133,"items_purged":[],"score":488,"play_id":"4d367717-3368-4f9c-b347-952d5da374ff","local_time":"20181019204837","is_ascension_mode":true,"campfire_choices":[{"data":"Defragment","floor":6,"key":"SMITH"},{"data":"Defragment","floor":8,"key":"SMITH"},{"floor":13,"key":"REST"},{"data":"Consume","floor":15,"key":"SMITH"}],"neow_cost":"NO_GOLD","seed_source_timestamp":6696990722804,"circlet_count":0,"master_deck":["Strike_B","Strike_B","Strike_B","Strike_B","Defend_B","Defend_B","Defend_B","Zap","Dualcast","AscendersBane","Ball Lightning","Capacitor","Steam","Defragment+1","Defragment+1","Coolheaded","Echo Form","Consume+1","Coolheaded","Cold Snap","Rainbow","Injury","Pain","Regret","White Noise","White Noise+1","Sweeping Beam","Sweeping Beam","Fusion","Thunder Strike","FTL","Sweeping Beam+1"],"relics":["Cracked Core","Thread and Needle","Prayer Wheel","Darkstone Periapt","Orichalcum","Calling Bell","DataDisk","Mummified Hand","StoneCalendar"],"potions_floor_usage":[10,16,20,22,23],"damage_taken":[{"damage":0,"enemies":"2 Louse","floor":1,"turns":2},{"damage":0,"enemies":"Cultist","floor":2,"turns":3},{"damage":3,"enemies":"Jaw Worm","floor":3,"turns":3},{"damage":4,"enemies":"Blue Slaver","floor":5,"turns":3},{"damage":12,"enemies":"Lagavulin","floor":7,"turns":6},{"damage":13,"enemies":"3 Sentries","floor":10,"turns":6},{"damage":11,"enemies":"3 Louse","floor":11,"turns":3},{"damage":4,"enemies":"Large Slime","floor":12,"turns":7},{"damage":0,"enemies":"The Guardian","floor":16,"turns":9},{"damage":6,"enemies":"Shell Parasite","floor":18,"turns":4},{"damage":7,"enemies":"Chosen","floor":19,"turns":6},{"damage":2,"enemies":"Centurion and Healer","floor":20,"turns":7},{"damage":13,"enemies":"Snake Plant","floor":21,"turns":4},{"damage":24,"enemies":"Shelled Parasite and Fungi","floor":22,"turns":6},{"damage":34,"enemies":"Book of Stabbing","floor":23,"turns":6}],"seed_played":"6195291388903212211","potions_obtained":[{"floor":2,"key":"GamblersBrew"},{"floor":7,"key":"Block Potion"},{"floor":10,"key":"SteroidPotion"},{"floor":11,"key":"Poison Potion"},{"floor":16,"key":"GamblersBrew"},{"floor":21,"key":"FocusPotion"},{"floor":22,"key":"Swift Potion"}],"is_trial":false,"path_per_floor":["M","M","M","?","M","R","E","R","T","E","M","M","R","?","R","B",null,"M","M","M","M","M"],"character_chosen":"DEFECT","items_purchased":[],"campfire_rested":1,"item_purchase_floors":[],"current_hp_per_floor":[64,64,61,61,57,57,45,45,45,32,21,17,38,43,43,43,86,80,73,71,58,34,0],"gold":364,"neow_bonus":"ONE_RARE_RELIC","is_prod":false,"is_daily":false,"chose_seed":false,"campfire_upgraded":3,"win_rate":0,"timestamp":1539974917,"path_taken":["M","M","M","?","M","R","E","R","T","E","M","M","R","?","R","BOSS","M","M","M","M","M","E"],"build_version":"2018-10-18","purchased_purges":0,"victory":false,"max_hp_per_floor":[71,71,71,71,71,71,71,71,71,71,71,71,71,76,76,76,94,94,94,94,94,94,94],"card_choices":[{"not_picked":["Barrage","Cold Snap"],"picked":"Ball Lightning","floor":1},{"not_picked":["Ball Lightning","Consume"],"picked":"Capacitor","floor":2},{"not_picked":["Darkness","Consume"],"picked":"Steam","floor":3},{"not_picked":["Sweeping Beam","Chill"],"picked":"Defragment","floor":5},{"not_picked":["BootSequence","Seek"],"picked":"Coolheaded","floor":7},{"not_picked":["Streamline","Cold Snap"],"picked":"Echo Form","floor":10},{"not_picked":["Coolheaded","Rebound"],"picked":"Consume","floor":11},{"not_picked":["Streamline","Ball Lightning","Barrage"],"picked":"SKIP","floor":11},{"not_picked":["Recycle","Conserve Battery"],"picked":"Coolheaded","floor":12},{"not_picked":["Go for the Eyes","Conserve Battery"],"picked":"Cold Snap","floor":12},{"not_picked":["Buffer","Meteor Strike"],"picked":"Rainbow","floor":16},{"not_picked":["Steam","Conserve Battery"],"picked":"White Noise","floor":18},{"not_picked":["Consume","Tempest+1"],"picked":"White Noise+1","floor":18},{"not_picked":["Undo","Hologram"],"picked":"Sweeping Beam","floor":19},{"not_picked":["Conserve Battery","Melter","Beam Cell"],"picked":"SKIP","floor":19},{"not_picked":["Redo","Undo"],"picked":"Sweeping Beam","floor":20},{"not_picked":["Aggregate","Stack"],"picked":"Fusion","floor":20},{"not_picked":["Sweeping Beam","Blizzard"],"picked":"Thunder Strike","floor":21},{"not_picked":["Recycle","Sweeping Beam","FTL"],"picked":"SKIP","floor":21},{"not_picked":["Recycle","Sweeping Beam"],"picked":"FTL","floor":21},{"not_picked":["Rebound","Ball Lightning"],"picked":"Sweeping Beam+1","floor":22},{"not_picked":["Cold Snap","Steam","Hologram+1"],"picked":"SKIP","floor":22}],"player_experience":660505,"relics_obtained":[{"floor":7,"key":"Prayer Wheel"},{"floor":9,"key":"Darkstone Periapt"},{"floor":10,"key":"Orichalcum"},{"floor":17,"key":"DataDisk"},{"floor":17,"key":"Mummified Hand"},{"floor":17,"key":"StoneCalendar"}],"event_choices":[{"damage_healed":0,"gold_gain":0,"cards_transformed":["Defend_B"],"player_choice":"Transformed","damage_taken":0,"max_hp_gain":0,"max_hp_loss":0,"event_name":"Transmorgrifier","floor":4,"gold_loss":0,"cards_obtained":["Defragment"]},{"damage_healed":0,"gold_gain":0,"player_choice":"Donut","damage_taken":0,"max_hp_gain":5,"max_hp_loss":0,"event_name":"Big Fish","floor":14,"gold_loss":0}],"is_beta":true,"boss_relics":[{"not_picked":["Snecko Eye","Runic Dome"],"picked":"Calling Bell"}],"items_purged_floors":[],"is_endless":false,"potions_floor_spawned":[2,7,10,11,16,18,21,22],"killed_by":"Book of Stabbing","ascension_level":16}