{"gold_per_floor":[111,128,1,1,1,28,43,73,73,73,93,108,108,121,121,197,197,209,209,228,248,258,258,308,308,308,308,340,353,367,367,367,440,440,455,455,468,173,196,226,22,22,22,48,148,148,148,65,65,65,65,65,65,12,38,38],"floor_reached":56,"playtime":2415,"items_purged":["Strike_G","Strike_G"],"score":1941,"play_id":"0325036c-7bb9-4b11-8c9d-45e98c0eff6d","local_time":"20190708201847","is_ascension_mode":true,"campfire_choices":[{"floor":10.0,"key":"REST"},{"data":"Dagger Spray","floor":13.0,"key":"SMITH"},{"data":"Infinite Blades","floor":15.0,"key":"SMITH"},{"data":"Envenom","floor":23.0,"key":"SMITH"},{"data":"Adrenaline","floor":25.0,"key":"SMITH"},{"data":"Poisoned Stab","floor":27.0,"key":"SMITH"},{"data":"Wraith Form v2","floor":32.0,"key":"SMITH"},{"data":"A Thousand Cuts","floor":42,"key":"SMITH"},{"data":"Well Laid Plans","floor":47,"key":"SMITH"},{"floor":49,"key":"RECALL"},{"data":"Footwork","floor":53,"key":"SMITH"}],"neow_cost":"NONE","seed_source_timestamp":0,"circlet_count":0,"master_deck":["AscendersBane","Strike_G","Strike_G","Defend_G","Defend_G","Defend_G","Defend_G","Defend_G","Survivor","Neutralize","Dagger Throw","Sucker Punch","Infinite Blades+1","Dagger Spray+1","Poisoned Stab+1","Adrenaline+1","PiercingWail+1","Cloak And Dagger","Envenom+1","Finisher+1","Backflip","Dodge and Roll+1","Wraith Form v2+1","Catalyst+1","Footwork+1","Well Laid Plans+1","Corpse Explosion+1","Finisher","A Thousand Cuts+1","Calculated Gamble+1","Cloak And Dagger+1","PiercingWail+1","PiercingWail+1","Wraith Form v2+1","Noxious Fumes","Backflip+1","Noxious Fumes+1"],"special_seed":0,"relics":["Ring of the Snake","NeowsBlessing","Pen Nib","Ninja Scroll","Bag of Marbles","Anchor","Coffee Dripper","Meat on the Bone","StoneCalendar","Black Star","ClockworkSouvenir","Omamori","Mummified Hand","Toxic Egg 2","War Paint","Mercury Hourglass","Tough Bandages","Lantern","Vajra"],"potions_floor_usage":[40,40,50,56],"damage_taken":[{"damage":0.0,"enemies":"Cultist","floor":1.0,"turns":1.0},{"damage":0.0,"enemies":"Jaw Worm","floor":2.0,"turns":1.0},{"damage":0.0,"enemies":"3 Sentries","floor":6.0,"turns":1.0},{"damage":0.0,"enemies":"Small Slimes","floor":7.0,"turns":1.0},{"damage":43.0,"enemies":"Lagavulin","floor":8.0,"turns":7.0},{"damage":0.0,"enemies":"2 Fungi Beasts","floor":11.0,"turns":2.0},{"damage":0.0,"enemies":"Exordium Thugs","floor":12.0,"turns":1.0},{"damage":0.0,"enemies":"Exordium Wildlife","floor":14.0,"turns":1.0},{"damage":16.0,"enemies":"Hexaghost","floor":16.0,"turns":11.0},{"damage":0.0,"enemies":"Shell Parasite","floor":18.0,"turns":3.0},{"damage":0.0,"enemies":"3 Byrds","floor":20.0,"turns":3.0},{"damage":28.0,"enemies":"Sentry and Sphere","floor":21.0,"turns":6.0},{"damage":8.0,"enemies":"Snake Plant","floor":22.0,"turns":3.0},{"damage":1.0,"enemies":"Slavers","floor":28.0,"turns":5.0},{"damage":1.0,"enemies":"Centurion and Healer","floor":29.0,"turns":5.0},{"damage":0.0,"enemies":"Cultist and Chosen","floor":30.0,"turns":2.0},{"damage":20.0,"enemies":"Automaton","floor":33.0,"turns":9.0},{"damage":5.0,"enemies":"Orb Walker","floor":35.0,"turns":4.0},{"damage":7.0,"enemies":"3 Darklings","floor":37.0,"turns":2.0},{"damage":35,"enemies":"Reptomancer","floor":40,"turns":6},{"damage":1,"enemies":"Giant Head","floor":44,"turns":6},{"damage":2,"enemies":"Mind Bloom Boss Battle","floor":45,"turns":6},{"damage":32,"enemies":"Time Eater","floor":50,"turns":9},{"damage":22,"enemies":"Donu and Deca","floor":51,"turns":5},{"damage":40,"enemies":"Shield and Spear","floor":55,"turns":5},{"damage":69,"enemies":"The Heart","floor":56,"turns":9}],"seed_played":"7089050429383046722","potions_obtained":[{"floor":2.0,"key":"EssenceOfSteel"},{"floor":8.0,"key":"SkillPotion"},{"floor":12.0,"key":"SteroidPotion"},{"floor":21.0,"key":"Dexterity Potion"},{"floor":29.0,"key":"SteroidPotion"},{"floor":40,"key":"Explosive Potion"},{"floor":45,"key":"AttackPotion"}],"is_trial":false,"path_per_floor":["M","M","$","?","?","E","M","E","T","R","M","M","R","M","R","B",null,"M","?","M","M","M","R","?","R","T","R","E","M","M","?","R","B",null,"M","?","M","$","T","E","$","R","T","E","?","?","R","$","R","B","B",null,"R","$","E","B"],"character_chosen":"THE_SILENT","items_purchased":["Infinite Blades","Dagger Spray","ClockworkSouvenir","Calculated Gamble+1","Cloak And Dagger+1","Noxious Fumes","Backflip+1"],"campfire_rested":1,"item_purchase_floors":[3,3,38,41,41,48,54],"current_hp_per_floor":[59,59,59,54,47,47,47,4,4,23,23,23,23,23,23,7,51,51,66,66,38,30,30,30,30,30,30,41,40,40,40,40,32,58,53,53,46,46,46,23,23,23,23,34,44,44,44,44,44,24,14,53,53,53,25,0],"gold":38,"neow_bonus":"THREE_ENEMY_KILL","is_prod":false,"is_daily":false,"chose_seed":false,"campfire_upgraded":9,"win_rate":0,"timestamp":1562609927,"path_taken":["M","?","$","?","?","E","M","E","T","R","M","M","R","M","R","BOSS","M","?","?","M","M","R","?","R","T","R","E","M","M","?","R","BOSS","M","?","?","?","?","E","$","R","T","E","?","?","R","$","R","BOSS","BOSS","R","$","E","BOSS"],"build_version":"2019-07-05","purchased_purges":2,"victory":false,"max_hp_per_floor":[66,66,66,66,66,66,66,66,66,66,66,66,66,66,66,66,66,66,66,66,66,66,66,66,66,66,66,66,66,66,66,66,66,66,66,66,66,66,66,66,66,66,66,66,66,66,66,66,66,66,66,66,66,66,66,66],"card_choices":[{"not_picked":["Blade Dance","Calculated Gamble"],"picked":"Dagger Throw","floor":1.0},{"not_picked":["Deflect","Flechettes"],"picked":"Sucker Punch","floor":2.0},{"not_picked":["Accuracy","Backflip"],"picked":"Poisoned Stab","floor":6.0},{"not_picked":["Distraction","Dagger Spray","All Out Attack"],"picked":"SKIP","floor":7.0},{"not_picked":["Poisoned Stab","Skewer"],"picked":"Adrenaline","floor":8.0},{"not_picked":["Reflex","Calculated Gamble"],"picked":"Escape Plan","floor":11.0},{"not_picked":["Expertise","Footwork"],"picked":"PiercingWail","floor":12.0},{"not_picked":["Blade Dance","Sucker Punch"],"picked":"Cloak And Dagger","floor":14.0},{"not_picked":["Burst","Unload"],"picked":"Envenom","floor":16.0},{"not_picked":["Flying Knee","Acrobatics"],"picked":"Finisher+1","floor":18.0},{"not_picked":["Cloak And Dagger","Bane"],"picked":"Backflip","floor":20.0},{"not_picked":["Dagger Spray","Sucker Punch"],"picked":"Dodge and Roll+1","floor":21.0},{"not_picked":["Tactician","Setup","Cloak And Dagger"],"picked":"SKIP","floor":22.0},{"not_picked":["Dagger Spray","Flying Knee"],"picked":"Wraith Form v2","floor":28.0},{"not_picked":["Acrobatics","Backflip"],"picked":"Catalyst+1","floor":29.0},{"not_picked":["Deflect","Acrobatics+1"],"picked":"Footwork","floor":30.0},{"not_picked":["Unload","Phantasmal Killer"],"picked":"Corpse Explosion","floor":33.0},{"not_picked":["Dagger Spray+1","Underhanded Strike"],"picked":"Finisher","floor":35.0},{"not_picked":["Flechettes","Dagger Throw"],"picked":"A Thousand Cuts","floor":37.0},{"not_picked":["Flying Knee","Deadly Poison","Dodge and Roll"],"picked":"SKIP","floor":40},{"not_picked":["Outmaneuver+1","Flechettes"],"picked":"PiercingWail+1","floor":44},{"not_picked":["Skewer+1","Escape Plan+1"],"picked":"PiercingWail+1","floor":45},{"not_picked":["Cloak And Dagger+1","Bane"],"picked":"Noxious Fumes+1","floor":55}],"player_experience":1777960,"relics_obtained":[{"floor":6.0,"key":"Ninja Scroll"},{"floor":8.0,"key":"Bag of Marbles"},{"floor":9.0,"key":"Anchor"},{"floor":26.0,"key":"Meat on the Bone"},{"floor":28.0,"key":"StoneCalendar"},{"floor":39.0,"key":"Omamori"},{"floor":40,"key":"Mummified Hand"},{"floor":40,"key":"Toxic Egg 2"},{"floor":44,"key":"War Paint"},{"floor":44,"key":"Mercury Hourglass"},{"floor":45,"key":"Tough Bandages"},{"floor":55,"key":"Lantern"},{"floor":55,"key":"Vajra"}],"event_choices":[{"damage_healed":0.0,"max_hp_gain":0.0,"max_hp_loss":0.0,"gold_gain":0.0,"event_name":"Scrap Ooze","player_choice":"Success","floor":4.0,"gold_loss":0.0,"damage_taken":5.0,"relics_obtained":["Pen Nib"]},{"cards_removed":["Strike_G"],"damage_healed":0.0,"max_hp_gain":0.0,"max_hp_loss":0.0,"gold_gain":0.0,"event_name":"Golden Wing","player_choice":"Card Removal","floor":5.0,"gold_loss":0.0,"damage_taken":7.0},{"cards_removed":["Escape Plan"],"damage_healed":15.0,"max_hp_gain":0.0,"max_hp_loss":0.0,"gold_gain":0.0,"event_name":"Bonfire Elementals","player_choice":"Offered Uncommon","floor":19.0,"gold_loss":0.0,"damage_taken":0.0},{"damage_healed":0.0,"max_hp_gain":0.0,"max_hp_loss":0.0,"gold_gain":50.0,"event_name":"Nest","player_choice":"Stole From Cult","floor":24.0,"gold_loss":0.0,"damage_taken":0.0},{"damage_healed":0.0,"max_hp_gain":0.0,"max_hp_loss":0.0,"gold_gain":0.0,"event_name":"The Library","player_choice":"Read","floor":31.0,"gold_loss":0.0,"damage_taken":0.0,"cards_obtained":["Well Laid Plans"]},{"damage_healed":0.0,"max_hp_gain":0.0,"max_hp_loss":0.0,"gold_gain":0.0,"event_name":"SecretPortal","player_choice":"Ignored","floor":36.0,"gold_loss":0.0,"damage_taken":0.0},{"damage_healed":0,"gold_gain":0,"player_choice":"Fight","damage_taken":0,"max_hp_gain":0,"max_hp_loss":0,"event_name":"MindBloom","floor":45,"gold_loss":0},{"damage_healed":0,"gold_gain":0,"player_choice":"Copied","damage_taken":0,"max_hp_gain":0,"max_hp_loss":0,"event_name":"Duplicator","floor":46,"gold_loss":0,"cards_obtained":["Wraith Form v2"]}],"is_beta":false,"boss_relics":[{"not_picked":["White Beast Statue","Runic Dome"],"picked":"Coffee Dripper"},{"not_picked":["Pandora\u0027s Box","Philosopher\u0027s Stone"],"picked":"Black Star"}],"items_purged_floors":[38,41],"is_endless":false,"potions_floor_spawned":[2,8,11,12,21,29,33,37,40,45],"killed_by":"The Heart","ascension_level":20}