{"gold_per_floor":[117,117,134,152,166,166,176,176,256,256,289,289,309,339,339,339],"floor_reached":16,"playtime":2408,"items_purged":[],"score":190,"play_id":"d6827533-2f86-4bdd-adb5-f27bcf3076a0","local_time":"20181029015542","is_ascension_mode":true,"campfire_choices":[{"data":"Infinite Blades","floor":6,"key":"SMITH"},{"data":"Noxious Fumes","floor":8,"key":"SMITH"},{"data":"Infinite Blades","floor":10,"key":"SMITH"},{"floor":15,"key":"REST"}],"neow_cost":"NONE","seed_source_timestamp":9640281898922,"circlet_count":0,"master_deck":["Defend_G","Defend_G","Defend_G","Defend_G","Defend_G","Strike_G","Strike_G","Strike_G","Strike_G","Strike_G","Survivor","Neutralize","AscendersBane","Noxious Fumes+1","Masterful Stab","Infinite Blades+1","Infinite Blades+1","Backstab","Terror+1","Blade Dance","Crippling Poison"],"relics":["Ring of the Snake","PreservedInsect","Matryoshka","StoneCalendar","Omamori"],"potions_floor_usage":[16,16],"damage_taken":[{"damage":1,"enemies":"Cultist","floor":1,"turns":4},{"damage":5,"enemies":"Small Slimes","floor":3,"turns":5},{"damage":0,"enemies":"2 Louse","floor":4,"turns":1},{"damage":4,"enemies":"Exordium Thugs","floor":5,"turns":4},{"damage":14,"enemies":"Blue Slaver","floor":7,"turns":5},{"damage":20,"enemies":"Lagavulin","floor":11,"turns":5},{"damage":0,"enemies":"Large Slime","floor":13,"turns":4},{"damage":7,"enemies":"3 Sentries","floor":14,"turns":6},{"damage":31,"enemies":"The Guardian","floor":16,"turns":8}],"seed_played":"7829237144160161099","potions_obtained":[{"floor":3,"key":"LiquidBronze"},{"floor":4,"key":"SneckoOil"}],"is_trial":false,"path_per_floor":["M","?","M","M","M","R","M","R","T","R","E","?","M","E","R"],"character_chosen":"THE_SILENT","items_purchased":[],"campfire_rested":1,"item_purchase_floors":[],"current_hp_per_floor":[58,58,53,53,49,49,35,35,35,35,15,15,15,8,27,0],"gold":339,"neow_bonus":"RANDOM_COMMON_RELIC","is_prod":false,"is_daily":false,"chose_seed":false,"campfire_upgraded":3,"win_rate":0,"timestamp":1540774542,"path_taken":["M","?","M","?","M","R","M","R","T","R","E","?","M","E","R","BOSS"],"build_version":"2018-10-25v2","purchased_purges":0,"victory":false,"max_hp_per_floor":[66,66,66,66,66,66,66,66,66,66,66,66,66,66,66,66],"card_choices":[{"not_picked":["Flying Knee","PiercingWail"],"picked":"Noxious Fumes","floor":1},{"not_picked":["Bane","Blade Dance"],"picked":"Masterful Stab","floor":3},{"not_picked":["Crippling Poison","Leg Sweep"],"picked":"Infinite Blades","floor":4},{"not_picked":["Masterful Stab","Acrobatics"],"picked":"Infinite Blades","floor":5},{"not_picked":["Endless Agony","Leg Sweep"],"picked":"Backstab","floor":7},{"not_picked":["Deflect","Tools of the Trade"],"picked":"Terror","floor":11},{"not_picked":["Eviscerate","Expertise"],"picked":"Blade Dance","floor":13},{"not_picked":["Quick Slash","Poisoned Stab"],"picked":"Crippling Poison","floor":14}],"player_experience":702283,"relics_obtained":[{"floor":9,"key":"Matryoshka"},{"floor":11,"key":"StoneCalendar"},{"floor":14,"key":"Omamori"}],"event_choices":[{"damage_healed":0,"gold_gain":0,"player_choice":"Ignored","damage_taken":0,"max_hp_gain":0,"max_hp_loss":0,"event_name":"Liars Game","floor":2,"gold_loss":0},{"damage_healed":0,"gold_gain":0,"player_choice":"Grow","damage_taken":0,"max_hp_gain":0,"max_hp_loss":0,"event_name":"Living Wall","floor":12,"gold_loss":0,"cards_upgraded":["Terror"]}],"is_beta":true,"boss_relics":[],"items_purged_floors":[],"is_endless":false,"potions_floor_spawned":[3,4,11],"killed_by":"The Guardian","ascension_level":14}