{"gold_per_floor":[116,116,116,41,53,53,85,95,95,106,106,6,22,39,39,116,116,136,148,148,165,85,85,115,115,115,115,147,157,157,167,167,246,246,259,259,259,272,286,286,303,303,353,379,399,432,457,467,467,467],"floor_reached":51,"playtime":2361,"items_purged":["Regret","Defend_B"],"score":1238,"play_id":"ef7279f5-b336-4378-afa5-507989ef17be","local_time":"20181011234518","is_ascension_mode":true,"campfire_choices":[{"data":"Zap","floor":6.0,"key":"SMITH"},{"data":"Reinforced Body","floor":11.0,"key":"SMITH"},{"data":"Static Discharge","floor":15.0,"key":"SMITH"},{"data":"Defragment","floor":23.0,"key":"SMITH"},{"data":"Defragment","floor":25.0,"key":"SMITH"},{"data":"Echo Form","floor":27.0,"key":"SMITH"},{"data":"White Noise","floor":30.0,"key":"SMITH"},{"data":"Electrodynamics","floor":32.0,"key":"SMITH"},{"data":"Multi-Cast","floor":40.0,"key":"SMITH"},{"data":"Reboot","floor":42,"key":"SMITH"},{"data":"Dualcast","floor":49,"key":"SMITH"}],"neow_cost":"NONE","seed_source_timestamp":0,"circlet_count":0,"master_deck":["Strike_B","Strike_B","Strike_B","Defend_B","Zap+1","Dualcast+1","AscendersBane","Cold Snap","Reinforced Body+1","Ball Lightning","Auto Shields","Static Discharge+1","Self Repair","Coolheaded","Electrodynamics+1","Defragment+1","Ball Lightning","White Noise+1","Echo Form+1","Defragment+1","Multi-Cast+1","Force Field+1","Reboot+1","Static Discharge+1","Cold Snap+1","Sunder","Lockon+1","Turbo"],"special_seed":0,"relics":["Cracked Core","Thread and Needle","Matryoshka","Bronze Scales","Bird Faced Urn","Velvet Choker","PreservedInsect","Bag of Marbles","Bottled Tornado","Gambling Chip","Empty Cage","Omamori","Bottled Flame","Shuriken","Blood Vial"],"potions_floor_usage":[50,50],"damage_taken":[{"damage":2.0,"enemies":"2 Louse","floor":1.0,"turns":2.0},{"damage":0.0,"enemies":"Small Slimes","floor":5.0,"turns":3.0},{"damage":5.0,"enemies":"Lagavulin","floor":7.0,"turns":5.0},{"damage":0.0,"enemies":"Jaw Worm","floor":8.0,"turns":3.0},{"damage":18.0,"enemies":"Exordium Wildlife","floor":10.0,"turns":3.0},{"damage":2.0,"enemies":"Blue Slaver","floor":13.0,"turns":3.0},{"damage":9.0,"enemies":"3 Louse","floor":14.0,"turns":2.0},{"damage":3.0,"enemies":"Hexaghost","floor":16.0,"turns":11.0},{"damage":6.0,"enemies":"Chosen","floor":18.0,"turns":5.0},{"damage":0.0,"enemies":"3 Byrds","floor":19.0,"turns":2.0},{"damage":20.0,"enemies":"Snake Plant","floor":21.0,"turns":3.0},{"damage":26.0,"enemies":"Gremlin Leader","floor":24.0,"turns":3.0},{"damage":25.0,"enemies":"Slavers","floor":28.0,"turns":3.0},{"damage":18.0,"enemies":"Centurion and Healer","floor":29.0,"turns":4.0},{"damage":0.0,"enemies":"Snecko","floor":31.0,"turns":4.0},{"damage":27.0,"enemies":"Collector","floor":33.0,"turns":7.0},{"damage":11.0,"enemies":"Orb Walker","floor":35.0,"turns":4.0},{"damage":0.0,"enemies":"3 Darklings","floor":38.0,"turns":2.0},{"damage":16.0,"enemies":"Jaw Worm Horde","floor":39.0,"turns":3.0},{"damage":0,"enemies":"4 Shapes","floor":41,"turns":4},{"damage":49,"enemies":"2 Orb Walkers","floor":44,"turns":4},{"damage":7,"enemies":"Sphere and 2 Shapes","floor":45,"turns":3},{"damage":11,"enemies":"Giant Head","floor":46,"turns":5},{"damage":9,"enemies":"3 Darklings","floor":48,"turns":5},{"damage":90,"enemies":"Donu and Deca","floor":50,"turns":6}],"seed_played":"-869539359576914307","potions_obtained":[{"floor":5.0,"key":"AttackPotion"},{"floor":10.0,"key":"Regen Potion"},{"floor":14.0,"key":"FocusPotion"},{"floor":35.0,"key":"Strength Potion"}],"is_trial":false,"path_per_floor":["M","?","?","$","M","R","E","M","T","M","R","$","M","M","R","B",null,"M","M","?","M","$","R","E","R","T","R","E","M","R","M","R","B",null,"M","?","$","M","M","R","M","R","T","E","M","E","T","M","R","B"],"character_chosen":"DEFECT","items_purchased":["Defragment"],"campfire_rested":0,"item_purchase_floors":[22],"current_hp_per_floor":[69,69,69,69,69,69,64,64,64,46,46,46,46,37,37,45,70,77,78,78,67,67,67,51,51,51,51,36,35,35,49,49,53,72,65,65,65,78,70,70,78,78,78,48,49,58,58,68,68,9],"gold":467,"neow_bonus":"TEN_PERCENT_HP_BONUS","is_prod":false,"is_daily":false,"chose_seed":false,"campfire_upgraded":11,"win_rate":0,"timestamp":1539294318,"path_taken":["M","?","?","$","?","R","E","M","T","M","R","$","?","M","R","BOSS","M","M","?","?","$","R","E","R","T","R","E","M","R","M","R","BOSS","M","?","$","M","M","R","M","R","T","E","M","E","?","M","R","BOSS"],"build_version":"2018-10-10","purchased_purges":2,"victory":true,"max_hp_per_floor":[78,78,78,78,78,78,78,78,78,78,78,78,78,78,78,78,78,78,78,78,78,78,78,78,78,78,78,78,78,78,78,78,78,78,78,78,78,78,78,78,78,78,78,78,78,78,78,78,78,78],"card_choices":[{"not_picked":["Redo","Stack"],"picked":"Cold Snap","floor":1.0},{"not_picked":["Chill","Steam"],"picked":"Reinforced Body","floor":5.0},{"not_picked":["Auto Shields","Static Discharge"],"picked":"Ball Lightning","floor":7.0},{"not_picked":["Scrape","Go for the Eyes"],"picked":"Auto Shields","floor":8.0},{"not_picked":["Steam Power","Skim"],"picked":"Static Discharge","floor":10.0},{"not_picked":["Barrage","Conserve Battery"],"picked":"Self Repair","floor":13.0},{"not_picked":["Redo","Leap"],"picked":"Coolheaded","floor":14.0},{"not_picked":["Machine Learning","Hyperbeam"],"picked":"Electrodynamics","floor":16.0},{"not_picked":["BootSequence","Streamline"],"picked":"Defragment","floor":18.0},{"not_picked":["Gash","Stack"],"picked":"Ball Lightning","floor":19.0},{"not_picked":["Turbo","Defragment"],"picked":"Echo Form","floor":21.0},{"not_picked":["Skim+1","Leap"],"picked":"Multi-Cast","floor":24.0},{"not_picked":["Consume","Steam"],"picked":"Force Field+1","floor":28.0},{"not_picked":["Stack","Darkness","Compile Driver"],"picked":"SKIP","floor":29.0},{"not_picked":["Undo","Streamline","Scrape"],"picked":"SKIP","floor":31.0},{"not_picked":["Electrodynamics","Machine Learning"],"picked":"Reboot","floor":33.0},{"not_picked":["Consume+1","Coolheaded"],"picked":"Static Discharge+1","floor":35.0},{"not_picked":["Skim+1","Blizzard"],"picked":"Cold Snap+1","floor":38.0},{"not_picked":["Leap+1","Reinforced Body","Conserve Battery"],"picked":"SKIP","floor":39.0},{"not_picked":["BootSequence","Stack","Double Energy"],"picked":"SKIP","floor":41},{"not_picked":["Stack+1","Hologram"],"picked":"Sunder","floor":44},{"not_picked":["Turbo","Cold Snap"],"picked":"Lockon+1","floor":45},{"not_picked":["Hologram+1","Hyperbeam","Hello World+1"],"picked":"SKIP","floor":46},{"not_picked":["Consume+1","Barrage"],"picked":"Turbo","floor":48}],"player_experience":594275,"relics_obtained":[{"floor":7.0,"key":"Matryoshka"},{"floor":9.0,"key":"Bronze Scales"},{"floor":9.0,"key":"Bird Faced Urn"},{"floor":24.0,"key":"PreservedInsect"},{"floor":26.0,"key":"Bag of Marbles"},{"floor":26.0,"key":"Bottled Tornado"},{"floor":28.0,"key":"Gambling Chip"},{"floor":43,"key":"Omamori"},{"floor":44,"key":"Bottled Flame"},{"floor":46,"key":"Shuriken"},{"floor":47,"key":"Blood Vial"}],"event_choices":[{"event_name":"Big Fish","player_choice":"Box","floor":2.0,"damage_taken":0.0},{"event_name":"Liars Game","player_choice":"disagreed","floor":3.0,"damage_taken":0.0},{"event_name":"The Library","player_choice":"Read","floor":20.0,"damage_taken":0.0},{"event_name":"Falling","player_choice":"Removed Skill","floor":36.0,"damage_taken":0.0}],"is_beta":true,"boss_relics":[{"not_picked":["White Beast Statue","Snecko Eye"],"picked":"Velvet Choker"},{"not_picked":["Astrolabe","Calling Bell"],"picked":"Empty Cage"}],"items_purged_floors":[4,12],"is_endless":false,"potions_floor_spawned":[5,10,14,19,21,29,31,35,45,46],"ascension_level":14}