{"gold_per_floor":[112,112,112,37,53,53,84,101,101,101],"floor_reached":10,"playtime":704,"items_purged":["Decay"],"score":125,"play_id":"e1dd41a3-52f4-4902-8785-d1e2b10877b6","local_time":"20181209175052","is_ascension_mode":true,"campfire_choices":[{"data":"Neutralize","floor":6.0,"key":"SMITH"}],"neow_cost":"CURSE","seed_source_timestamp":0,"circlet_count":0,"master_deck":["AscendersBane","Defend_G","Defend_G","Defend_G","Defend_G","Defend_G","Strike_G","Strike_G","Strike_G","Strike_G","Strike_G","Survivor","Neutralize+1","Backflip","Finisher","Heel Hook","Flying Knee"],"special_seed":0,"relics":["Ring of the Snake","Calipers","Art of War","Meat on the Bone","Paper Crane","Prayer Wheel"],"potions_floor_usage":[],"damage_taken":[{"damage":4.0,"enemies":"2 Louse","floor":1.0,"turns":4.0},{"damage":0.0,"enemies":"Jaw Worm","floor":5.0,"turns":6.0},{"damage":39.0,"enemies":"3 Sentries","floor":7.0,"turns":17.0},{"damage":0.0,"enemies":"Small Slimes","floor":8.0,"turns":4.0},{"damage":40,"enemies":"Lagavulin","floor":10,"turns":5}],"seed_played":"2271511088425653908","potions_obtained":[{"floor":5.0,"key":"Poison Potion"},{"floor":8.0,"key":"SteroidPotion"}],"is_trial":false,"path_per_floor":["M","?","T","$","M","R","E","M","T","E"],"character_chosen":"THE_SILENT","items_purchased":[],"campfire_rested":0,"item_purchase_floors":[],"current_hp_per_floor":[55,29,29,29,41,41,14,26,26,0],"gold":101,"neow_bonus":"ONE_RARE_RELIC","is_prod":false,"is_daily":false,"chose_seed":false,"campfire_upgraded":1,"win_rate":0,"timestamp":1544374252,"path_taken":["M","?","?","$","M","R","E","M","T","E"],"build_version":"2018-12-06","purchased_purges":1,"victory":false,"max_hp_per_floor":[66,66,66,66,66,66,66,66,66,66],"card_choices":[{"not_picked":["Expertise","Caltrops"],"picked":"Backflip","floor":1.0},{"not_picked":["Sucker Punch","Escape Plan"],"picked":"Finisher","floor":5.0},{"not_picked":["Cloak And Dagger","Eviscerate"],"picked":"Heel Hook","floor":7.0},{"not_picked":["Deflect","Accuracy"],"picked":"Flying Knee","floor":8.0}],"player_experience":996259,"relics_obtained":[{"floor":3.0,"key":"Meat on the Bone"},{"floor":7.0,"key":"Paper Crane"},{"floor":9.0,"key":"Prayer Wheel"}],"event_choices":[{"damage_healed":0.0,"max_hp_gain":0.0,"max_hp_loss":0.0,"gold_gain":0.0,"event_name":"Scrap Ooze","player_choice":"Success","floor":2.0,"gold_loss":0.0,"damage_taken":26.0,"relics_obtained":["Art of War"]}],"is_beta":true,"boss_relics":[],"items_purged_floors":[4],"is_endless":false,"potions_floor_spawned":[5,8],"killed_by":"Lagavulin","ascension_level":18}