{"gold_per_floor":[115,128,138,157,157,157,182,182,182,39,4,31,31,31,31,126,126,146,156,156,7,7,7,41,41,95,113,127,127],"floor_reached":29,"playtime":697,"items_purged":[],"score":389,"play_id":"06e917f4-54a8-4d4d-b5e6-2f1978bd8c9d","local_time":"20180918165506","is_ascension_mode":true,"campfire_choices":[{"data":"Perfected Strike","floor":6,"key":"SMITH"},{"floor":8,"key":"REST"},{"data":"Flex","floor":13,"key":"SMITH"},{"data":"Perfected Strike","floor":15,"key":"SMITH"},{"data":"Demon Form","floor":23,"key":"SMITH"},{"floor":25,"key":"REST"}],"neow_cost":"","seed_source_timestamp":26493487612256,"circlet_count":0,"master_deck":["Strike_R","Strike_R","Strike_R","Strike_R","Strike_R+1","Defend_R","Defend_R","Defend_R","Defend_R","Bash+1","AscendersBane","Perfected Strike+1","Flex+1","Flame Barrier","Perfected Strike+1","Dropkick","Demon Form+1","Flex","True Grit+1","Pommel Strike","Perfected Strike","Warcry+1"],"relics":["Burning Blood","Thread and Needle","Unceasing Top","Du-Vu Doll","Vajra","Dream Catcher","Philosopher\u0027s Stone","Bronze Scales","Smiling Mask","Whetstone"],"potions_floor_usage":[16,19,24,29,29],"damage_taken":[{"damage":5,"enemies":"Cultist","floor":1,"turns":4},{"damage":0,"enemies":"Small Slimes","floor":2,"turns":3},{"damage":8,"enemies":"Jaw Worm","floor":3,"turns":4},{"damage":39,"enemies":"Large Slime","floor":4,"turns":7},{"damage":31,"enemies":"Lagavulin","floor":7,"turns":7},{"damage":21,"enemies":"3 Sentries","floor":12,"turns":6},{"damage":33,"enemies":"Hexaghost","floor":16,"turns":8},{"damage":22,"enemies":"Spheric Guardian","floor":18,"turns":4},{"damage":4,"enemies":"2 Thieves","floor":19,"turns":3},{"damage":33,"enemies":"Slavers","floor":24,"turns":6},{"damage":17,"enemies":"Snake Plant","floor":27,"turns":2},{"damage":30,"enemies":"Centurion and Healer","floor":28,"turns":4},{"damage":14,"enemies":"Shelled Parasite and Fungi","floor":29,"turns":2}],"seed_played":"8640108860015867591","potions_obtained":[{"floor":7,"key":"SmokeBomb"},{"floor":12,"key":"Weak Potion"},{"floor":14,"key":"Explosive Potion"},{"floor":16,"key":"Energy Potion"},{"floor":27,"key":"Dexterity Potion"},{"floor":28,"key":"Dexterity Potion"}],"is_trial":false,"path_per_floor":["M","M","M","M","?","R","E","R","T","$","?","E","R","?","R","B",null,"M","M","?","$","$","R","E","R","T","M","M"],"character_chosen":"IRONCLAD","items_purchased":["Vajra","Bronze Scales"],"campfire_rested":2,"item_purchase_floors":[10,21],"current_hp_per_floor":[73,79,77,44,37,37,12,36,36,36,56,41,41,41,41,14,64,48,50,50,50,50,50,23,47,47,36,12,0],"gold":127,"neow_bonus":"","is_prod":false,"is_daily":false,"chose_seed":false,"campfire_upgraded":4,"win_rate":0,"timestamp":1537282506,"path_taken":["M","?","M","M","?","R","E","R","T","?","?","E","R","?","R","BOSS","M","M","?","?","$","R","E","R","T","M","M","M"],"build_version":"2018-09-17","purchased_purges":0,"victory":false,"max_hp_per_floor":[80,80,80,80,80,80,80,80,80,80,80,80,80,80,80,80,80,80,80,80,80,80,80,80,80,80,80,80,80],"card_choices":[{"not_picked":["Pommel Strike","Wild Strike"],"picked":"Perfected Strike","floor":1},{"not_picked":["Pommel Strike","Shrug It Off"],"picked":"Flex","floor":2},{"not_picked":["Body Slam","Sentinel","Hemokinesis"],"picked":"SKIP","floor":3},{"not_picked":["Infernal Blade","Cleave"],"picked":"Flame Barrier","floor":4},{"not_picked":["Cleave","Flame Barrier"],"picked":"Perfected Strike","floor":7},{"not_picked":["Feel No Pain","Shrug It Off"],"picked":"Dropkick","floor":12},{"not_picked":["Juggernaut","Double Tap"],"picked":"Demon Form","floor":16},{"not_picked":["Clash","Wild Strike"],"picked":"Flex","floor":18},{"not_picked":["Barricade","Second Wind"],"picked":"True Grit+1","floor":19},{"not_picked":["Rupture","Thunderclap+1"],"picked":"Pommel Strike","floor":24},{"not_picked":["Headbutt","Flame Barrier+1"],"picked":"Perfected Strike","floor":25},{"not_picked":["Entrench","True Grit","Fire Breathing"],"picked":"SKIP","floor":27},{"not_picked":["Entrench","Clothesline"],"picked":"Warcry+1","floor":28}],"player_experience":457222,"relics_obtained":[{"floor":7,"key":"Unceasing Top"},{"floor":9,"key":"Du-Vu Doll"},{"floor":12,"key":"Dream Catcher"},{"floor":24,"key":"Smiling Mask"},{"floor":26,"key":"Whetstone"}],"event_choices":[{"event_name":"Scrap Ooze","player_choice":"success","floor":5,"damage_taken":7},{"event_name":"The Cleric","player_choice":"Healed","floor":11,"damage_taken":0},{"event_name":"The Lab","player_choice":"Got Potions","floor":14,"damage_taken":0},{"event_name":"The Woman in Blue","player_choice":"Bought 0 Potions","floor":20,"damage_taken":0}],"is_beta":true,"boss_relics":[{"not_picked":["Snecko Eye","Orrery"],"picked":"Philosopher\u0027s Stone"}],"items_purged_floors":[],"is_endless":false,"potions_floor_spawned":[7,12,16,18,27,28],"killed_by":"Shelled Parasite and Fungi","ascension_level":11}