{"gold_per_floor":[119,139,7,19,30,30,58,23,23,58,76,102,102],"floor_reached":13,"playtime":376,"items_purged":[],"score":210,"play_id":"67f633be-a7ec-49f4-948f-cdba2b839766","local_time":"20190429094502","is_ascension_mode":true,"campfire_choices":[{"data":"Zap","floor":6.0,"key":"SMITH"}],"neow_cost":"NONE","seed_source_timestamp":4463740796869,"circlet_count":0,"master_deck":["AscendersBane","Strike_B","Strike_B","Strike_B","Strike_B","Defend_B","Defend_B","Defend_B","Defend_B","Zap+1","Dualcast","Cold Snap","Conserve Battery","Ball Lightning","Self Repair","Ball Lightning","Capacitor","Fission","Loop","Cold Snap"],"special_seed":0,"relics":["Cracked Core","Strawberry","Symbiotic Virus","Mummified Hand","Bag of Marbles","Mercury Hourglass"],"potions_floor_usage":[13,13],"damage_taken":[{"damage":2.0,"enemies":"Cultist","floor":1.0,"turns":4.0},{"damage":3.0,"enemies":"Small Slimes","floor":2.0,"turns":3.0},{"damage":13.0,"enemies":"2 Louse","floor":4.0,"turns":3.0},{"damage":1.0,"enemies":"2 Fungi Beasts","floor":5.0,"turns":3.0},{"damage":30.0,"enemies":"Gremlin Nob","floor":7.0,"turns":4.0},{"damage":44.0,"enemies":"3 Sentries","floor":10.0,"turns":8.0},{"damage":9.0,"enemies":"Blue Slaver","floor":11.0,"turns":3.0},{"damage":20,"enemies":"Lagavulin","floor":12,"turns":5},{"damage":15,"enemies":"Lagavulin Event","floor":13,"turns":2}],"seed_played":"7433936194089714305","potions_obtained":[{"floor":2.0,"key":"Ancient Potion"},{"floor":4.0,"key":"SteroidPotion"}],"is_trial":false,"path_per_floor":["M","M","$","M","M","R","E","?","T","E","M","E","?"],"character_chosen":"DEFECT","items_purchased":["Ball Lightning","Self Repair"],"campfire_rested":0,"item_purchase_floors":[3,3],"current_hp_per_floor":[69,66,66,60,66,66,43,62,62,25,23,10,0],"gold":102,"neow_bonus":"RANDOM_COMMON_RELIC","is_prod":false,"is_daily":false,"chose_seed":false,"campfire_upgraded":1,"win_rate":0,"timestamp":1556523902,"path_taken":["M","M","?","M","M","R","E","?","T","E","M","E","?"],"build_version":"2019-01-23","purchased_purges":0,"victory":false,"max_hp_per_floor":[78,78,78,78,78,78,78,78,78,78,78,78,78],"card_choices":[{"not_picked":["Barrage","Beam Cell"],"picked":"Cold Snap","floor":1.0},{"not_picked":["Fusion","Turbo"],"picked":"Conserve Battery","floor":2.0},{"not_picked":["Go for the Eyes","Compile Driver"],"picked":"Ball Lightning","floor":4.0},{"not_picked":["Aggregate","Loop"],"picked":"Capacitor","floor":5.0},{"not_picked":["Ball Lightning","Force Field"],"picked":"Fission","floor":7.0},{"not_picked":["Streamline","Steam Power"],"picked":"Loop","floor":10.0},{"not_picked":["BootSequence","Barrage","Gash"],"picked":"SKIP","floor":11.0},{"not_picked":["Self Repair","Capacitor"],"picked":"Cold Snap","floor":12}],"player_experience":1639350,"relics_obtained":[{"floor":7.0,"key":"Symbiotic Virus"},{"floor":9.0,"key":"Mummified Hand"},{"floor":10.0,"key":"Bag of Marbles"},{"floor":12,"key":"Mercury Hourglass"}],"event_choices":[{"damage_healed":19.0,"max_hp_gain":0.0,"max_hp_loss":0.0,"gold_gain":0.0,"event_name":"The Cleric","player_choice":"Healed","floor":8.0,"gold_loss":35.0,"damage_taken":0.0},{"damage_healed":0,"gold_gain":0,"player_choice":"Searched \u00271\u0027 times","damage_taken":0,"max_hp_gain":0,"max_hp_loss":0,"event_name":"Dead Adventurer","floor":13,"gold_loss":0}],"is_beta":false,"boss_relics":[],"items_purged_floors":[],"is_endless":false,"potions_floor_spawned":[2,4,5,10],"killed_by":"Lagavulin Event","ascension_level":20}