{"gold_per_floor":[119,119,119,135,149,149,176,193,243,243,256,266,266,280,280,280],"floor_reached":16,"playtime":4460,"items_purged":[],"score":177,"play_id":"d1006d4a-0c0b-484f-8e20-a98d37895117","local_time":"20181030114937","is_ascension_mode":true,"campfire_choices":[{"data":"Neutralize","floor":6,"key":"SMITH"},{"data":"Deadly Poison","floor":13,"key":"SMITH"},{"floor":15,"key":"REST"}],"neow_cost":"NONE","seed_source_timestamp":13055166958646,"circlet_count":0,"master_deck":["Defend_G","Defend_G","Defend_G","Defend_G","Strike_G+1","Strike_G","Strike_G","Survivor+1","Neutralize+1","AscendersBane","Setup+1","Die Die Die+1","Glass Knife+1","Deflect","Dodge and Roll","Deadly Poison+1","Deflect+1","Bullet Time+1","Blur+1","Backflip+1"],"relics":["Astrolabe","Toxic Egg 2","Bag of Preparation","Snake Skull"],"potions_floor_usage":[16],"damage_taken":[{"damage":0,"enemies":"2 Louse","floor":1,"turns":1},{"damage":0,"enemies":"Jaw Worm","floor":4,"turns":2},{"damage":2,"enemies":"Small Slimes","floor":5,"turns":3},{"damage":16,"enemies":"Lagavulin","floor":7,"turns":8},{"damage":0,"enemies":"Blue Slaver","floor":8,"turns":3},{"damage":0,"enemies":"2 Fungi Beasts","floor":11,"turns":1},{"damage":4,"enemies":"Looter","floor":12,"turns":3},{"damage":1,"enemies":"Large Slime","floor":14,"turns":7},{"damage":44,"enemies":"Slime Boss","floor":16,"turns":13}],"seed_played":"3859750273515018001","potions_obtained":[{"floor":5,"key":"Regen Potion"},{"floor":7,"key":"Explosive Potion"}],"is_trial":false,"path_per_floor":["M","?","?","M","M","R","E","M","T","?","M","M","R","M","R"],"character_chosen":"THE_SILENT","items_purchased":[],"campfire_rested":1,"item_purchase_floors":[],"current_hp_per_floor":[59,46,46,46,44,44,28,28,28,25,25,21,21,20,39,0],"gold":280,"neow_bonus":"BOSS_RELIC","is_prod":false,"is_daily":false,"chose_seed":false,"campfire_upgraded":2,"win_rate":0,"timestamp":1540896577,"path_taken":["M","?","?","M","M","R","E","M","T","?","M","M","R","M","R","BOSS"],"build_version":"2018-10-29v2","purchased_purges":0,"victory":false,"max_hp_per_floor":[66,66,66,66,66,66,66,66,66,66,66,66,66,66,66,66],"card_choices":[{"not_picked":["Dagger Throw","Sucker Punch"],"picked":"Deflect","floor":1},{"not_picked":["Prepared","Outmaneuver"],"picked":"Dodge and Roll","floor":4},{"not_picked":["Endless Agony","Underhanded Strike"],"picked":"Deadly Poison","floor":5},{"not_picked":["Endless Agony","Dagger Throw"],"picked":"Deflect","floor":7},{"not_picked":["Escape Plan+1","Outmaneuver+1"],"picked":"Bullet Time+1","floor":8},{"not_picked":["Bane","Dagger Spray"],"picked":"Blur+1","floor":11},{"not_picked":["Deadly Poison+1","Outmaneuver+1"],"picked":"Backflip+1","floor":12},{"not_picked":["Tactician+1","Blur+1","Outmaneuver+1"],"picked":"SKIP","floor":14}],"player_experience":709056,"relics_obtained":[{"floor":7,"key":"Toxic Egg 2"},{"floor":9,"key":"Bag of Preparation"}],"event_choices":[{"damage_healed":0,"gold_gain":0,"player_choice":"Entered Light","damage_taken":13,"max_hp_gain":0,"max_hp_loss":0,"event_name":"Shining Light","floor":2,"gold_loss":0,"cards_upgraded":["Strike_G","Survivor"]},{"damage_healed":0,"gold_gain":0,"player_choice":"Ignored","damage_taken":0,"max_hp_gain":0,"max_hp_loss":0,"event_name":"Liars Game","floor":3,"gold_loss":0},{"damage_healed":0,"gold_gain":0,"player_choice":"Success","damage_taken":3,"relics_obtained":["Snake Skull"],"max_hp_gain":0,"max_hp_loss":0,"event_name":"Scrap Ooze","floor":10,"gold_loss":0}],"is_beta":true,"boss_relics":[],"items_purged_floors":[],"is_endless":false,"potions_floor_spawned":[5,7,12,14],"killed_by":"Slime Boss","ascension_level":14}