{"gold_per_floor":[109,259,259,6,16,45,45,75,75,45,45,2,2,20,20,97,97,114,132,232,244,264,264,293,293,317,347,360,360,360,360,360,439,439,455,455,209,224,235,294,294,325,325,345,345,42,42],"floor_reached":47,"playtime":2054,"items_purged":["Doubt","Strike_G"],"score":1158,"play_id":"db59803e-29e2-4357-850c-02c055c0258a","local_time":"20190312131024","is_ascension_mode":true,"campfire_choices":[{"data":"Dagger Spray","floor":7,"key":"SMITH"},{"data":"Deadly Poison","floor":11,"key":"SMITH"},{"data":"Noxious Fumes","floor":13,"key":"SMITH"},{"data":"Blade Dance","floor":15,"key":"SMITH"},{"floor":23,"key":"REST"},{"data":"Adrenaline","floor":25,"key":"SMITH"},{"floor":29,"key":"REST"},{"data":"Ghostly","floor":32,"key":"SMITH"},{"data":"After Image","floor":41,"key":"SMITH"}],"neow_cost":"NONE","seed_source_timestamp":274447704197,"circlet_count":0,"master_deck":["AscendersBane","Defend_G","Defend_G","Defend_G","Defend_G","Defend_G","Strike_G+1","Strike_G","Strike_G","Strike_G+1","Survivor","Neutralize","Deadly Poison+1","Dagger Spray+1","Blade Dance+1","Corpse Explosion","PiercingWail","Noxious Fumes+1","Leg Sweep","Adrenaline+1","Blur","Calculated Gamble","PiercingWail","Blur+1","Ghostly+1","Ghostly","Ghostly","After Image+1","Blade Dance","Deflect","Blade Dance","Heel Hook","Noxious Fumes","Caltrops"],"relics":["Ring of the Snake","NeowsBlessing","Membership Card","Kunai","Whetstone","Blue Candle","Runic Pyramid","Torii","The Courier","Smiling Mask","Dream Catcher","Letter Opener","Meat on the Bone","Cursed Key","Boot","Gambling Chip","Ancient Tea Set","Tiny Chest","Strawberry","TwistedFunnel","Bronze Scales","Potion Belt"],"potions_floor_usage":[20,27,42,42],"damage_taken":[{"damage":0,"enemies":"Jaw Worm","floor":1,"turns":1},{"damage":0,"enemies":"Small Slimes","floor":5,"turns":1},{"damage":0,"enemies":"Gremlin Nob","floor":6,"turns":1},{"damage":24,"enemies":"Lagavulin","floor":8,"turns":8},{"damage":0,"enemies":"Cultist","floor":14,"turns":3},{"damage":19,"enemies":"Hexaghost","floor":16,"turns":9},{"damage":3,"enemies":"Chosen","floor":18,"turns":5},{"damage":0,"enemies":"3 Byrds","floor":19,"turns":2},{"damage":19,"enemies":"Colosseum Slavers","floor":20,"turns":3},{"damage":16,"enemies":"Colosseum Nobs","floor":20,"turns":4},{"damage":1,"enemies":"3 Cultists","floor":21,"turns":3},{"damage":1,"enemies":"Snake Plant","floor":22,"turns":5},{"damage":3,"enemies":"Gremlin Leader","floor":24,"turns":7},{"damage":16,"enemies":"Slavers","floor":27,"turns":4},{"damage":13,"enemies":"Sentry and Sphere","floor":28,"turns":7},{"damage":11,"enemies":"Automaton","floor":33,"turns":12},{"damage":0,"enemies":"Orb Walker","floor":35,"turns":5},{"damage":1,"enemies":"3 Shapes","floor":38,"turns":2},{"damage":0,"enemies":"Transient","floor":39,"turns":6},{"damage":0,"enemies":"Nemesis","floor":40,"turns":9},{"damage":27,"enemies":"Reptomancer","floor":42,"turns":7},{"damage":0,"enemies":"3 Darklings","floor":44,"turns":3},{"damage":22,"enemies":"Giant Head","floor":47,"turns":7}],"seed_played":"147604162781898710","potions_obtained":[{"floor":5,"key":"Dexterity Potion"},{"floor":19,"key":"GhostInAJar"},{"floor":20,"key":"LiquidBronze"},{"floor":27,"key":"FearPotion"},{"floor":33,"key":"AttackPotion"},{"floor":39,"key":"Poison Potion"},{"floor":44,"key":"FearPotion"}],"is_trial":false,"path_per_floor":["M","?","?","$","M","E","R","E","T","$","R","$","R","M","R","B",null,"M","M","?","M","M","R","E","R","T","E","M","R","T","?","R","B",null,"M","?","$","M","M","E","R","E","T","M","?","$","E"],"character_chosen":"THE_SILENT","items_purchased":["Membership Card","PiercingWail","Noxious Fumes","Gambling Chip","Ancient Tea Set","TwistedFunnel","Bronze Scales","Noxious Fumes","Caltrops","Poison Potion","Potion Belt","Swift Potion"],"campfire_rested":2,"item_purchase_floors":[4,10,12,37,37,46,46,46,46,46,46,46],"current_hp_per_floor":[59,59,64,64,64,64,64,40,40,40,40,40,40,40,40,21,59,56,56,21,20,19,40,37,37,37,21,8,29,29,29,29,18,31,31,31,31,30,30,30,30,22,22,22,22,22,0],"gold":42,"neow_bonus":"THREE_ENEMY_KILL","is_prod":false,"is_daily":false,"chose_seed":false,"campfire_upgraded":7,"win_rate":0,"timestamp":1552392624,"path_taken":["M","?","?","$","M","E","R","E","T","$","R","?","R","?","R","BOSS","M","M","?","M","M","R","E","R","T","E","M","R","?","?","R","BOSS","M","?","$","M","?","E","R","E","T","M","?","$","E"],"build_version":"2019-01-23","purchased_purges":2,"victory":false,"max_hp_per_floor":[66,66,71,71,71,71,71,71,71,71,71,71,71,71,71,71,71,71,71,71,71,71,71,71,71,71,71,71,71,71,35,35,35,35,35,35,35,35,35,35,35,42,42,42,42,42,42],"card_choices":[{"not_picked":["Dagger Spray","Caltrops"],"picked":"Deadly Poison","floor":1},{"not_picked":["Expertise","Slice"],"picked":"Dagger Spray","floor":5},{"not_picked":["Deflect","Tools of the Trade"],"picked":"Blade Dance","floor":6},{"not_picked":["Dodge and Roll","Blade Dance"],"picked":"Corpse Explosion","floor":8},{"not_picked":["Blur","Flying Knee"],"picked":"Leg Sweep","floor":14},{"not_picked":["Bullet Time","Tools of the Trade"],"picked":"Adrenaline","floor":16},{"not_picked":["Masterful Stab","Slice+1"],"picked":"Blur","floor":18},{"not_picked":["Bane","Prepared"],"picked":"Calculated Gamble","floor":19},{"not_picked":["Dagger Throw","Blade Dance"],"picked":"PiercingWail","floor":20},{"not_picked":["Dagger Throw+1","Skewer"],"picked":"Blur+1","floor":21},{"not_picked":["Quick Slash","Blade Dance","Poisoned Stab"],"picked":"SKIP","floor":22},{"not_picked":["Outmaneuver","Acrobatics","Tactician"],"picked":"SKIP","floor":24},{"not_picked":["Well Laid Plans","Underhanded Strike","Venomology"],"picked":"SKIP","floor":27},{"not_picked":["Terror","Riddle With Holes","Dodge and Roll"],"picked":"SKIP","floor":28},{"not_picked":["Venomology","Phantasmal Killer"],"picked":"After Image","floor":33},{"not_picked":["Prepared","Riddle With Holes"],"picked":"Blade Dance","floor":35},{"not_picked":["Acrobatics","Underhanded Strike"],"picked":"Deflect","floor":38},{"not_picked":["Expertise","Accuracy","Sucker Punch"],"picked":"SKIP","floor":39},{"not_picked":["Tactician","Predator"],"picked":"Blade Dance","floor":40},{"not_picked":["Sucker Punch","Finisher"],"picked":"Heel Hook","floor":42},{"not_picked":["Slice+1","Quick Slash","Tactician"],"picked":"SKIP","floor":44}],"player_experience":1386411,"relics_obtained":[{"floor":6,"key":"Kunai"},{"floor":8,"key":"Whetstone"},{"floor":9,"key":"Blue Candle"},{"floor":20,"key":"Torii"},{"floor":20,"key":"The Courier"},{"floor":24,"key":"Smiling Mask"},{"floor":26,"key":"Dream Catcher"},{"floor":27,"key":"Letter Opener"},{"floor":30,"key":"Meat on the Bone"},{"floor":40,"key":"Tiny Chest"},{"floor":42,"key":"Strawberry"}],"event_choices":[{"damage_healed":0,"gold_gain":150,"player_choice":"AGREE","damage_taken":0,"max_hp_gain":0,"max_hp_loss":0,"event_name":"Liars Game","floor":2,"gold_loss":0,"cards_obtained":["Doubt"]},{"damage_healed":0,"gold_gain":0,"player_choice":"Donut","damage_taken":0,"max_hp_gain":5,"max_hp_loss":0,"event_name":"Big Fish","floor":3,"gold_loss":0},{"damage_healed":0,"gold_gain":0,"player_choice":"Fight","damage_taken":0,"max_hp_gain":0,"max_hp_loss":0,"event_name":"Colosseum","floor":20,"gold_loss":0},{"damage_healed":0,"gold_gain":0,"player_choice":"Fought Nobs","damage_taken":0,"max_hp_gain":0,"max_hp_loss":0,"event_name":"Colosseum","floor":20,"gold_loss":0},{"damage_healed":0,"gold_gain":0,"player_choice":"Became a Ghost","damage_taken":0,"max_hp_gain":0,"max_hp_loss":36,"event_name":"Ghosts","floor":31,"gold_loss":0,"cards_obtained":["Ghostly","Ghostly","Ghostly"]},{"damage_healed":0,"gold_gain":0,"player_choice":"Gave Potion","damage_taken":0,"relics_obtained":["Boot"],"max_hp_gain":0,"max_hp_loss":0,"event_name":"WeMeetAgain","floor":36,"gold_loss":0},{"cards_removed":["Clumsy"],"damage_healed":0,"gold_gain":0,"player_choice":"Removed Curses","damage_taken":0,"max_hp_gain":0,"max_hp_loss":0,"event_name":"Fountain of Cleansing","floor":45,"gold_loss":0}],"is_beta":false,"boss_relics":[{"not_picked":["Busted Crown","Pandora\u0027s Box"],"picked":"Runic Pyramid"},{"not_picked":["Ring of the Serpent","Tiny House"],"picked":"Cursed Key"}],"items_purged_floors":[4,37],"is_endless":false,"potions_floor_spawned":[5,19,20,21,22,27,33,35,39,44],"killed_by":"Giant Head","ascension_level":20}