{"path_per_floor":["M","M","?","M","M","R","E","R","T","R","M","M","R","E","R","B",null,"M","$","?","M","M","R","E","R","T"],"character_chosen":"DEFECT","items_purchased":["Ice Cream"],"gold_per_floor":[111,125,125,144,157,157,185,185,185,185,196,206,206,239,239,334,334,334,20,20,20,20,20,20,20,20,20],"floor_reached":27,"campfire_rested":3,"playtime":871,"item_purchase_floors":[19],"current_hp_per_floor":[36,32,17,16,16,38,26,26,26,26,24,19,41,39,39,28,63,63,63,63,54,47,47,9,31,31,0],"items_purged":[],"gold":20,"score":304,"play_id":"66b2fdb1-1ac0-473c-ac52-eae6e014075b","local_time":"20180606110545","is_prod":false,"is_daily":false,"chose_seed":false,"is_ascension_mode":true,"campfire_upgraded":4,"win_rate":0,"timestamp":1528275945,"campfire_choices":[{"floor":6,"key":"REST"},{"data":"Zap","floor":8,"key":"SMITH"},{"data":"Dualcast","floor":10,"key":"SMITH"},{"floor":13,"key":"REST"},{"data":"Genetic Algorithm","floor":15,"key":"SMITH"},{"data":"Biased Cognition","floor":23,"key":"SMITH"},{"floor":25,"key":"REST"}],"path_taken":["M","M","?","M","M","R","E","R","T","R","M","M","R","E","R","BOSS","M","$","?","M","M","R","E","R","T","E"],"build_version":"2018-06-04v2","seed_source_timestamp":1230811758395,"purchased_purges":0,"victory":false,"master_deck":["Strike_B","Strike_B","Strike_B","Strike_B","Defend_B","Defend_B+1","Defend_B","Defend_B+1","Zap+1","Dualcast+1","Gash","Gash","BootSequence","Ball Lightning","Genetic Algorithm+1","Scrape","Coolheaded","Doom and Gloom","Biased Cognition+1","Rip and Tear","Gash","Compile Driver","BootSequence","White Noise"],"max_hp_per_floor":[75,75,75,75,75,75,75,75,75,75,75,75,75,75,75,75,75,75,75,75,75,75,75,75,75,75,75],"relics":["Cracked Core","Gambling Chip","Juzu Bracelet","Mercury Hourglass","Calipers","Ectoplasm","Ice Cream","Ancient Tea Set","Orichalcum"],"card_choices":[{"not_picked":["Hologram","Beam Cell"],"picked":"Gash","floor":1},{"not_picked":["Rebound","Leap"],"picked":"Gash","floor":2},{"not_picked":["Glacier","Stack"],"picked":"BootSequence","floor":4},{"not_picked":["Compile Driver","Sweeping Beam"],"picked":"Ball Lightning","floor":5},{"not_picked":["BootSequence","Cold Snap"],"picked":"Genetic Algorithm","floor":7},{"not_picked":["Stack","Blizzard"],"picked":"Scrape","floor":11},{"not_picked":["Force Field","Streamline"],"picked":"Coolheaded","floor":12},{"not_picked":["Barrage","Redo"],"picked":"Doom and Gloom","floor":14},{"not_picked":["Seek","Reboot"],"picked":"Biased Cognition","floor":16},{"not_picked":["Lockon","Turbo"],"picked":"Rip and Tear","floor":18},{"not_picked":["Turbo","Chill"],"picked":"Compile Driver","floor":21},{"not_picked":["Streamline","Steam"],"picked":"BootSequence","floor":22},{"not_picked":["Aggregate","Beam Cell+1"],"picked":"White Noise","floor":24}],"player_experience":282487,"potions_floor_usage":[14,16,18,21],"damage_taken":[{"damage":2,"enemies":"Small Slimes","floor":1,"turns":3},{"damage":4,"enemies":"Jaw Worm","floor":2,"turns":4},{"damage":1,"enemies":"Cultist","floor":4,"turns":3},{"damage":0,"enemies":"Blue Slaver","floor":5,"turns":3},{"damage":12,"enemies":"Lagavulin","floor":7,"turns":6},{"damage":2,"enemies":"Lots of Slimes","floor":11,"turns":2},{"damage":5,"enemies":"3 Louse","floor":12,"turns":2},{"damage":2,"enemies":"3 Sentries","floor":14,"turns":4},{"damage":11,"enemies":"Hexaghost","floor":16,"turns":7},{"damage":0,"enemies":"3 Byrds","floor":18,"turns":2},{"damage":9,"enemies":"Spheric Guardian","floor":21,"turns":3},{"damage":7,"enemies":"3 Cultists","floor":22,"turns":3},{"damage":38,"enemies":"Book of Stabbing","floor":24,"turns":5},{"damage":33,"enemies":"Slavers","floor":27,"turns":4}],"relics_obtained":[{"floor":7,"key":"Juzu Bracelet"},{"floor":9,"key":"Mercury Hourglass"},{"floor":14,"key":"Calipers"},{"floor":24,"key":"Ancient Tea Set"},{"floor":26,"key":"Orichalcum"}],"event_choices":[{"event_name":"Shining Light","player_choice":"Entered Light","floor":3,"damage_taken":0},{"event_name":"Duplicator","player_choice":"One dupe","floor":20,"damage_taken":0}],"boss_relics":[{"not_picked":["Runic Pyramid","Tiny House"],"picked":"Ectoplasm"}],"items_purged_floors":[],"potions_floor_spawned":[11,12,16,18,22],"seed_played":"2121479072714237321","killed_by":"Slavers","ascension_level":5,"potions_obtained":[{"floor":11,"key":"LiquidBronze"},{"floor":12,"key":"FocusPotion"},{"floor":16,"key":"Fire Potion"},{"floor":18,"key":"AttackPotion"},{"floor":22,"key":"Energy Potion"}],"is_trial":false}