{"gold_per_floor":[19,94,18,36,52,87,87,105,156,156,169,196,161,196,196,196],"floor_reached":16,"playtime":2192,"items_purged":[],"score":220,"play_id":"d2c097e9-8047-4443-afa1-1d54f0667895","local_time":"20190516201756","is_ascension_mode":true,"campfire_choices":[{"floor":7.0,"key":"REST"},{"data":"Armaments","floor":10.0,"key":"SMITH"},{"data":"Flame Barrier","floor":15,"key":"SMITH"}],"neow_cost":"NO_GOLD","seed_source_timestamp":19317931197444,"circlet_count":0,"master_deck":["AscendersBane","Strike_R+1","Strike_R","Strike_R+1","Defend_R","Defend_R","Defend_R","Defend_R","Bash","Armaments+1","Flame Barrier+1","Cleave","Feel No Pain","Exhume","Ghostly Armor","Flame Barrier","Feel No Pain"],"special_seed":0,"relics":["Burning Blood","The Courier","Whetstone","Happy Flower","Odd Mushroom","Blue Candle"],"potions_floor_usage":[],"damage_taken":[{"damage":2.0,"enemies":"2 Louse","floor":1.0,"turns":3.0},{"damage":0.0,"enemies":"Small Slimes","floor":4.0,"turns":4.0},{"damage":1.0,"enemies":"Cultist","floor":5.0,"turns":4.0},{"damage":55.0,"enemies":"Lagavulin","floor":6.0,"turns":8.0},{"damage":24.0,"enemies":"Large Slime","floor":8.0,"turns":8.0},{"damage":3.0,"enemies":"Looter","floor":11.0,"turns":4.0},{"damage":2.0,"enemies":"The Mushroom Lair","floor":12.0,"turns":4.0},{"damage":3,"enemies":"3 Sentries","floor":14,"turns":11},{"damage":63,"enemies":"Hexaghost","floor":16,"turns":11}],"seed_played":"6997874278898701742","potions_obtained":[{"floor":4.0,"key":"Strength Potion"},{"floor":8.0,"key":"Ancient Potion"},{"floor":11.0,"key":"Strength Potion"}],"is_trial":false,"path_per_floor":["M","?","?","M","M","E","R","M","T","R","M","?","?","E","R","B"],"character_chosen":"IRONCLAD","items_purchased":[],"campfire_rested":1,"item_purchase_floors":[],"current_hp_per_floor":[72,61,61,67,72,23,45,27,27,27,30,34,52,55,55,0],"gold":196,"neow_bonus":"TRANSFORM_TWO_CARDS","is_prod":false,"is_daily":false,"chose_seed":false,"campfire_upgraded":2,"win_rate":0,"timestamp":1558030676,"path_taken":["M","?","?","M","M","E","R","?","T","R","M","?","?","E","R","BOSS"],"build_version":"2019-01-23","purchased_purges":0,"victory":false,"max_hp_per_floor":[75,75,75,75,75,75,75,75,75,75,75,75,75,75,75,75],"card_choices":[{"not_picked":["Perfected Strike","Rage","Heavy Blade"],"picked":"SKIP","floor":1.0},{"not_picked":["Second Wind","Iron Wave"],"picked":"Cleave","floor":4.0},{"not_picked":["Burning Pact","Body Slam"],"picked":"Feel No Pain","floor":5.0},{"not_picked":["True Grit","Ghostly Armor"],"picked":"Exhume","floor":6.0},{"not_picked":["Ghostly Armor","Wild Strike","Havoc"],"picked":"SKIP","floor":8.0},{"not_picked":["Wild Strike","Havoc"],"picked":"Ghostly Armor","floor":8.0},{"not_picked":["Wild Strike","Perfected Strike","Combust"],"picked":"SKIP","floor":11.0},{"not_picked":["Clash","Searing Blow"],"picked":"Flame Barrier","floor":12.0},{"not_picked":["Armaments","Pommel Strike"],"picked":"Feel No Pain","floor":14}],"player_experience":1694835,"relics_obtained":[{"floor":6.0,"key":"Whetstone"},{"floor":9.0,"key":"Happy Flower"},{"floor":12.0,"key":"Odd Mushroom"},{"floor":14,"key":"Blue Candle"}],"event_choices":[{"damage_healed":0.0,"max_hp_gain":0.0,"max_hp_loss":0.0,"gold_gain":75.0,"event_name":"World of Goop","player_choice":"Gather Gold","floor":2.0,"gold_loss":0.0,"damage_taken":11.0},{"damage_healed":0.0,"max_hp_gain":0.0,"max_hp_loss":0.0,"gold_gain":0.0,"event_name":"WeMeetAgain","player_choice":"Paid Gold","floor":3.0,"gold_loss":76.0,"damage_taken":0.0,"relics_obtained":["The Courier"]},{"damage_healed":0.0,"max_hp_gain":0.0,"max_hp_loss":0.0,"gold_gain":0.0,"event_name":"Mushrooms","player_choice":"Fought Mushrooms","floor":12.0,"gold_loss":0.0,"damage_taken":0.0},{"damage_healed":18.0,"max_hp_gain":0.0,"max_hp_loss":0.0,"gold_gain":0.0,"event_name":"The Cleric","player_choice":"Healed","floor":13.0,"gold_loss":35.0,"damage_taken":0.0}],"is_beta":false,"boss_relics":[],"items_purged_floors":[],"is_endless":false,"potions_floor_spawned":[4,8,11,12],"killed_by":"Hexaghost","ascension_level":20}