{"gold_per_floor":[113,113,136,156,81,117,117,135,213,232,232,78,143,143,143,143],"floor_reached":16,"playtime":500,"items_purged":["Shame","Strike_R"],"score":220,"play_id":"efc7ea69-e657-4875-be17-6296aaef1faa","local_time":"20190312193722","is_ascension_mode":true,"campfire_choices":[{"data":"Bludgeon","floor":7,"key":"SMITH"},{"floor":11,"key":"REST"},{"data":"Bash","floor":15,"key":"SMITH"}],"neow_cost":"CURSE","seed_source_timestamp":25046862653289,"circlet_count":0,"master_deck":["AscendersBane","Strike_R","Strike_R","Strike_R","Defend_R","Defend_R","Defend_R","Defend_R","Bash+1","Bludgeon+1","Rampage","Flame Barrier","Anger","Cleave","True Grit","Anger"],"relics":["Burning Blood","Golden Idol","Peace Pipe","Mercury Hourglass","Tiny Chest"],"potions_floor_usage":[6,13,16],"damage_taken":[{"damage":10,"enemies":"Small Slimes","floor":1,"turns":3},{"damage":7,"enemies":"Jaw Worm","floor":3,"turns":2},{"damage":6,"enemies":"Cultist","floor":4,"turns":3},{"damage":32,"enemies":"Gremlin Nob","floor":6,"turns":4},{"damage":17,"enemies":"Lots of Slimes","floor":8,"turns":6},{"damage":16,"enemies":"Exordium Thugs","floor":10,"turns":4},{"damage":16,"enemies":"Lagavulin","floor":13,"turns":4},{"damage":26,"enemies":"Hexaghost","floor":16,"turns":9}],"seed_played":"-2968612725672376729","potions_obtained":[{"floor":4,"key":"Poison Potion"},{"floor":8,"key":"SneckoOil"},{"floor":10,"key":"AttackPotion"}],"is_trial":false,"path_per_floor":["M","?","M","M","$","E","R","M","T","M","R","$","E","?","R","B"],"character_chosen":"IRONCLAD","items_purchased":["Anger"],"campfire_rested":1,"item_purchase_floors":[12],"current_hp_per_floor":[64,64,63,63,63,37,37,26,26,16,36,36,26,26,26,0],"gold":143,"neow_bonus":"THREE_RARE_CARDS","is_prod":false,"is_daily":false,"chose_seed":false,"campfire_upgraded":2,"win_rate":0,"timestamp":1552415842,"path_taken":["M","?","M","M","$","E","R","M","T","M","R","$","E","?","R","BOSS"],"build_version":"2019-01-23","purchased_purges":2,"victory":false,"max_hp_per_floor":[75,68,68,68,68,68,68,68,68,68,68,68,68,68,68,68],"card_choices":[{"not_picked":["Limit Break","Juggernaut"],"picked":"Bludgeon","floor":0},{"not_picked":["Perfected Strike","Cleave"],"picked":"Rampage","floor":1},{"not_picked":["Flex","Perfected Strike"],"picked":"Flame Barrier","floor":3},{"not_picked":["Clothesline","Sever Soul","Pommel Strike"],"picked":"SKIP","floor":4},{"not_picked":["Body Slam","Bloodletting"],"picked":"Anger","floor":6},{"not_picked":["Wild Strike","Havoc"],"picked":"Cleave","floor":8},{"not_picked":["Bloodletting","Thunderclap"],"picked":"True Grit","floor":10},{"not_picked":["Havoc","Body Slam","Second Wind"],"picked":"SKIP","floor":13}],"player_experience":1394190,"relics_obtained":[{"floor":6,"key":"Peace Pipe"},{"floor":9,"key":"Mercury Hourglass"},{"floor":13,"key":"Tiny Chest"}],"event_choices":[{"damage_healed":0,"gold_gain":0,"player_choice":"Lose Max HP","damage_taken":0,"relics_obtained":["Golden Idol"],"max_hp_gain":0,"max_hp_loss":7,"event_name":"Golden Idol","floor":2,"gold_loss":0},{"cards_removed":["Strike_R"],"damage_healed":0,"gold_gain":0,"player_choice":"Offered Basic","damage_taken":0,"max_hp_gain":0,"max_hp_loss":0,"event_name":"Bonfire Elementals","floor":14,"gold_loss":0}],"is_beta":false,"boss_relics":[],"items_purged_floors":[5,12],"is_endless":false,"potions_floor_spawned":[4,8,10],"killed_by":"Hexaghost","ascension_level":20}