{"gold_per_floor":[13,13,36,54,72,72,86,127,205,4,19,38,38,79,79,172,172,197,197,212,231,256,256,299,299,345,470,395,395,395,34,34,125,125,149,174,193,258,278,319,331,674,711,763,775,887,937,968,980,992],"floor_reached":51,"playtime":3181,"items_purged":[],"score":1431,"play_id":"420d1f60-c22b-4897-86b1-16562771d6fc","local_time":"20181003095755","is_ascension_mode":true,"campfire_choices":[{"data":"Rage","floor":6,"key":"SMITH"},{"floor":13,"key":"REST"},{"data":"1","floor":15,"key":"LIFT"},{"data":"2","floor":23,"key":"LIFT"},{"data":"3","floor":25,"key":"LIFT"},{"data":"Inflame","floor":29,"key":"SMITH"},{"data":"Heavy Blade","floor":30,"key":"SMITH"},{"data":"Bash","floor":32,"key":"SMITH"},{"data":"Demon Form","floor":41,"key":"SMITH"},{"data":"Iron Wave","floor":45,"key":"SMITH"},{"data":"Impervious","floor":49,"key":"SMITH"}],"neow_cost":"NO_GOLD","seed_source_timestamp":3776684281966,"circlet_count":0,"master_deck":["Strike_R","Strike_R","Strike_R","Strike_R","Defend_R","Defend_R","Defend_R","Defend_R","Bash+1","AscendersBane","Shrug It Off","Carnage","Rage+1","Inflame+1","Heavy Blade+1","Iron Wave+1","Sword Boomerang+1","Rampage+1","Dropkick+1","Impervious+1","Heavy Blade+1","Necronomicurse","Whirlwind+1","Thunderclap+1","Heavy Blade+1","Inflame+1","Demon Form+1","Heavy Blade+1","Pummel+1","Heavy Blade+1"],"relics":["Burning Blood","Pocketwatch","Golden Idol","Pen Nib","Molten Egg 2","Bronze Scales","Girya","Eternal Feather","Necronomicon","Juzu Bracelet","Anchor","WingedGreaves","The Courier","Bag of Marbles","Champion Belt","Velvet Choker","Ice Cream","MawBank","Old Coin","Ancient Tea Set","Mercury Hourglass","Self Forming Clay"],"potions_floor_usage":[],"damage_taken":[{"damage":3,"enemies":"Jaw Worm","floor":1,"turns":5},{"damage":12,"enemies":"Small Slimes","floor":3,"turns":3},{"damage":1,"enemies":"Cultist","floor":4,"turns":3},{"damage":13,"enemies":"Exordium Thugs","floor":5,"turns":5},{"damage":7,"enemies":"Large Slime","floor":7,"turns":7},{"damage":35,"enemies":"Lagavulin","floor":8,"turns":7},{"damage":4,"enemies":"Exordium Wildlife","floor":11,"turns":4},{"damage":13,"enemies":"Lots of Slimes","floor":12,"turns":3},{"damage":3,"enemies":"Gremlin Nob","floor":14,"turns":3},{"damage":13,"enemies":"The Guardian","floor":16,"turns":7},{"damage":1,"enemies":"Spheric Guardian","floor":18,"turns":4},{"damage":14,"enemies":"2 Thieves","floor":20,"turns":4},{"damage":0,"enemies":"Snecko","floor":21,"turns":3},{"damage":12,"enemies":"Cultist and Chosen","floor":22,"turns":2},{"damage":9,"enemies":"Book of Stabbing","floor":24,"turns":3},{"damage":0,"enemies":"Colosseum Slavers","floor":27,"turns":2},{"damage":0,"enemies":"Colosseum Nobs","floor":27,"turns":2},{"damage":40,"enemies":"Automaton","floor":33,"turns":5},{"damage":2,"enemies":"Orb Walker","floor":35,"turns":1},{"damage":0,"enemies":"3 Darklings","floor":36,"turns":2},{"damage":0,"enemies":"Transient","floor":37,"turns":5},{"damage":19,"enemies":"Mysterious Sphere","floor":38,"turns":5},{"damage":0,"enemies":"Spire Growth","floor":39,"turns":3},{"damage":2,"enemies":"2 Orb Walkers","floor":40,"turns":2},{"damage":0,"enemies":"Giant Head","floor":42,"turns":4},{"damage":38,"enemies":"Nemesis","floor":44,"turns":5},{"damage":0,"enemies":"2 Orb Walkers","floor":47,"turns":1},{"damage":0,"enemies":"3 Darklings","floor":48,"turns":2},{"damage":43,"enemies":"Time Eater","floor":50,"turns":6}],"seed_played":"-3393850760123857178","potions_obtained":[{"floor":1,"key":"Dexterity Potion"},{"floor":3,"key":"Ancient Potion"},{"floor":4,"key":"Regen Potion"}],"is_trial":false,"path_per_floor":["M","?","M","M","M","R","M","E","T","$","M","M","R","E","R","B",null,"M","?","M","M","M","R","E","R","T","?","?","R","R","$","R","B",null,"M","M","M","?","M","E","R","E","T","E","R","?","E","M","R","B"],"character_chosen":"IRONCLAD","items_purchased":["Bronze Scales","Sword Boomerang+1","Bag of Marbles","Champion Belt"],"campfire_rested":1,"item_purchase_floors":[10,10,31,31],"current_hp_per_floor":[75,55,49,54,47,47,46,17,17,17,19,12,36,39,39,32,68,73,57,49,55,49,64,61,76,76,80,80,80,80,80,80,46,72,76,80,80,67,73,77,80,80,80,48,66,66,72,78,80,43],"gold":1004,"neow_bonus":"ONE_RARE_RELIC","is_prod":false,"is_daily":false,"chose_seed":false,"campfire_upgraded":7,"win_rate":0,"timestamp":1538553475,"path_taken":["M","?","M","M","M","R","?","E","T","?","M","M","R","E","R","BOSS","M","?","M","M","M","R","E","R","T","?","?","R","R","$","R","BOSS","M","M","M","?","M","E","R","E","T","E","R","?","E","M","R","BOSS"],"build_version":"2018-10-01","purchased_purges":0,"victory":true,"max_hp_per_floor":[80,80,80,80,80,80,80,80,80,80,80,80,80,80,80,80,80,80,80,80,80,80,80,80,80,80,80,80,80,80,80,80,80,80,80,80,80,80,80,80,80,80,80,80,80,80,80,80,80,80],"card_choices":[{"not_picked":["Shockwave","True Grit"],"picked":"Shrug It Off","floor":1},{"not_picked":["Flex","Body Slam"],"picked":"Carnage","floor":3},{"not_picked":["Burning Pact","Flex"],"picked":"Rage","floor":4},{"not_picked":["Twin Strike","Flex"],"picked":"Inflame","floor":5},{"not_picked":["True Grit","Perfected Strike"],"picked":"Heavy Blade","floor":7},{"not_picked":["Hemokinesis","Second Wind"],"picked":"Iron Wave","floor":8},{"not_picked":["Thunderclap+1","Metallicize"],"picked":"Rampage+1","floor":11},{"not_picked":["Carnage+1","Bloodletting"],"picked":"Dropkick+1","floor":12},{"not_picked":["Shockwave","Headbutt+1","Combust"],"picked":"SKIP","floor":14},{"not_picked":["Dark Embrace","Berserk"],"picked":"Impervious","floor":16},{"not_picked":["Pommel Strike+1","Ghostly Armor"],"picked":"Heavy Blade+1","floor":18},{"not_picked":["Corruption","Spot Weakness"],"picked":"Whirlwind+1","floor":20},{"not_picked":["Searing Blow+1","Iron Wave+1"],"picked":"Thunderclap+1","floor":21},{"not_picked":["Cleave+1","Pommel Strike+1","Wild Strike+1"],"picked":"SKIP","floor":22},{"not_picked":["Sever Soul+1","True Grit+1"],"picked":"Heavy Blade+1","floor":24},{"not_picked":["Sentinel","Havoc"],"picked":"Inflame+1","floor":27},{"not_picked":["Brutality","Feed+1"],"picked":"Demon Form","floor":33},{"not_picked":["Pommel Strike+1","Iron Wave+1"],"picked":"Heavy Blade+1","floor":35},{"not_picked":["Rupture+1","Warcry","Havoc"],"picked":"SKIP","floor":36},{"not_picked":["Combust","Dark Embrace"],"picked":"Pummel+1","floor":37},{"not_picked":["Cleave+1","Uppercut+1"],"picked":"Heavy Blade+1","floor":39},{"not_picked":["Corruption","Fire Breathing","Disarm"],"picked":"SKIP","floor":40},{"not_picked":["Anger+1","Brutality","Reaper+1"],"picked":"SKIP","floor":42},{"not_picked":["Clash+1","Seeing Red+1","Feel No Pain+1"],"picked":"SKIP","floor":44},{"not_picked":["Pommel Strike+1","Barricade","Disarm"],"picked":"SKIP","floor":47},{"not_picked":["Clothesline+1","Warcry","Twin Strike+1"],"picked":"SKIP","floor":48}],"player_experience":579113,"relics_obtained":[{"floor":8,"key":"Pen Nib"},{"floor":9,"key":"Molten Egg 2"},{"floor":14,"key":"Girya"},{"floor":19,"key":"Necronomicon"},{"floor":24,"key":"Juzu Bracelet"},{"floor":26,"key":"Anchor"},{"floor":27,"key":"WingedGreaves"},{"floor":27,"key":"The Courier"},{"floor":38,"key":"Ice Cream"},{"floor":40,"key":"MawBank"},{"floor":42,"key":"Old Coin"},{"floor":43,"key":"Ancient Tea Set"},{"floor":44,"key":"Mercury Hourglass"},{"floor":47,"key":"Self Forming Clay"}],"event_choices":[{"event_name":"Golden Idol","player_choice":"Take Damage","floor":2,"damage_taken":0},{"event_name":"Cursed Tome","player_choice":"Obtained Book","floor":19,"damage_taken":0},{"event_name":"Colosseum","player_choice":"Fight","floor":27,"damage_taken":0},{"event_name":"Colosseum","player_choice":"Fought Nobs","floor":27,"damage_taken":0},{"event_name":"Beggar","player_choice":"Gave Gold","floor":28,"damage_taken":0},{"event_name":"Mysterious Sphere","player_choice":"Fight","floor":38,"damage_taken":0},{"event_name":"Golden Shrine","player_choice":"Pray","floor":46,"damage_taken":0}],"is_beta":true,"boss_relics":[{"not_picked":["Runic Dome","Black Star"],"picked":"Eternal Feather"},{"not_picked":["Black Blood","Empty Cage"],"picked":"Velvet Choker"}],"items_purged_floors":[],"is_endless":false,"potions_floor_spawned":[1,3,4,12,20,24,27,33,35,36,38,42,44],"ascension_level":13}