{"gold_per_floor":[113,123,137,287,46,46,81,81,81,98,127,27,27,53,53,128,128,144,154,75,75,91,91,105,105,105,138,148,148,168,183,183,183],"floor_reached":33,"playtime":1107,"items_purged":["Doubt","Strike_R"],"score":599,"play_id":"4c122d5a-521a-48b1-8ddb-3d9557dc8f1d","local_time":"20190404194531","is_ascension_mode":true,"campfire_choices":[{"data":"Bash","floor":6.0,"key":"SMITH"},{"data":"Whirlwind","floor":8.0,"key":"SMITH"},{"data":"Spot Weakness","floor":15.0,"key":"SMITH"},{"floor":23.0,"key":"REST"},{"floor":25,"key":"REST"},{"floor":32,"key":"REST"}],"neow_cost":"TEN_PERCENT_HP_LOSS","seed_source_timestamp":0,"circlet_count":0,"master_deck":["AscendersBane","Strike_R","Strike_R","Strike_R","Strike_R","Defend_R","Defend_R","Defend_R","Defend_R","Bash+1","Spot Weakness+1","Whirlwind+1","Anger","Dropkick","Flame Barrier","Offering","Shrug It Off","Feel No Pain","True Grit","Armaments","Inflame","Feed"],"special_seed":0,"relics":["Burning Blood","Turnip","Bag of Preparation","Question Card","Singing Bowl","Shuriken","Oddly Smooth Stone","Mark of Pain","Pear","Blood Vial"],"potions_floor_usage":[27,31,33],"damage_taken":[{"damage":7.0,"enemies":"Cultist","floor":1.0,"turns":4.0},{"damage":8.0,"enemies":"2 Louse","floor":2.0,"turns":4.0},{"damage":12.0,"enemies":"Jaw Worm","floor":3.0,"turns":3.0},{"damage":32.0,"enemies":"Gremlin Nob","floor":7.0,"turns":4.0},{"damage":0.0,"enemies":"3 Louse","floor":10.0,"turns":2.0},{"damage":20.0,"enemies":"3 Sentries","floor":11.0,"turns":3.0},{"damage":13.0,"enemies":"Lagavulin","floor":14.0,"turns":6.0},{"damage":21.0,"enemies":"Hexaghost","floor":16.0,"turns":9.0},{"damage":18.0,"enemies":"Shell Parasite","floor":18.0,"turns":4.0},{"damage":29.0,"enemies":"2 Thieves","floor":19.0,"turns":3.0},{"damage":8.0,"enemies":"Centurion and Healer","floor":22.0,"turns":5.0},{"damage":23,"enemies":"Cultist and Chosen","floor":24,"turns":7},{"damage":44,"enemies":"Book of Stabbing","floor":27,"turns":6},{"damage":17,"enemies":"Snake Plant","floor":28,"turns":5},{"damage":8,"enemies":"Centurion and Healer","floor":30,"turns":7},{"damage":19,"enemies":"Chosen and Byrds","floor":31,"turns":6},{"damage":66,"enemies":"Automaton","floor":33,"turns":6}],"seed_played":"-7524263089003258515","potions_obtained":[{"floor":1.0,"key":"FearPotion"},{"floor":10.0,"key":"Weak Potion"},{"floor":16.0,"key":"SpeedPotion"},{"floor":19.0,"key":"FearPotion"},{"floor":27,"key":"Explosive Potion"},{"floor":31,"key":"EssenceOfSteel"}],"is_trial":false,"path_per_floor":["M","M","M","?","$","R","E","R","T","M","E","$","?","E","R","B",null,"M","M","$","?","M","R","M","R","T","E","M","?","M","M","R","B"],"character_chosen":"IRONCLAD","items_purchased":["Bag of Preparation","True Grit","Armaments"],"campfire_rested":3,"item_purchase_floors":[5,20,20],"current_hp_per_floor":[67,65,59,59,59,59,33,33,33,41,27,27,27,22,22,7,56,44,21,21,21,19,40,25,47,57,19,12,12,17,11,39,0],"gold":183,"neow_bonus":"ONE_RARE_RELIC","is_prod":false,"is_daily":false,"chose_seed":false,"campfire_upgraded":3,"win_rate":0,"timestamp":1554399931,"path_taken":["M","M","M","?","$","R","E","R","T","M","E","$","?","E","R","BOSS","M","M","$","?","M","R","M","R","T","E","M","?","M","M","R","BOSS"],"build_version":"2019-01-23","purchased_purges":2,"victory":false,"max_hp_per_floor":[68,68,68,68,68,68,68,68,68,70,70,70,70,72,72,72,72,72,72,72,72,72,72,74,74,84,84,86,86,91,96,96,96],"card_choices":[{"not_picked":["Cleave","Wild Strike"],"picked":"Spot Weakness","floor":1.0},{"not_picked":["Clash","Reckless Charge"],"picked":"Whirlwind","floor":2.0},{"not_picked":["Bloodletting","Wild Strike"],"picked":"Anger","floor":3.0},{"not_picked":["Havoc","Infernal Blade"],"picked":"Dropkick","floor":7.0},{"not_picked":["Intimidate","Pommel Strike","Flex","Body Slam"],"picked":"Singing Bowl","floor":10.0},{"not_picked":["Iron Wave","Cleave","Barricade"],"picked":"Flame Barrier","floor":11.0},{"not_picked":["Second Wind","Ghostly Armor","Cleave","Power Through"],"picked":"Singing Bowl","floor":14.0},{"not_picked":["Exhume","Berserk","Impervious"],"picked":"Offering","floor":16.0},{"not_picked":["Hemokinesis","Headbutt","Evolve+1"],"picked":"Shrug It Off","floor":18.0},{"not_picked":["Second Wind","Uppercut","Carnage"],"picked":"Feel No Pain","floor":19.0},{"not_picked":["Metallicize","Perfected Strike","Anger"],"picked":"Inflame","floor":22.0},{"not_picked":["Flex","Carnage","Armaments","Dropkick"],"picked":"Singing Bowl","floor":24},{"not_picked":["Sever Soul+1","Sword Boomerang+1","Intimidate"],"picked":"Feed","floor":27},{"not_picked":["Flex","Armaments","Rampage","Anger"],"picked":"Singing Bowl","floor":28},{"not_picked":["Rampage","Anger","Clothesline","Perfected Strike"],"picked":"Singing Bowl","floor":30},{"not_picked":["Combust+1","Cleave","Twin Strike","Armaments"],"picked":"Singing Bowl","floor":31}],"player_experience":1548151,"relics_obtained":[{"floor":7.0,"key":"Question Card"},{"floor":9.0,"key":"Singing Bowl"},{"floor":11.0,"key":"Shuriken"},{"floor":14.0,"key":"Oddly Smooth Stone"},{"floor":26,"key":"Pear"},{"floor":27,"key":"Blood Vial"}],"event_choices":[{"damage_healed":0.0,"max_hp_gain":0.0,"max_hp_loss":0.0,"gold_gain":150.0,"event_name":"Liars Game","player_choice":"AGREE","floor":4.0,"gold_loss":0.0,"damage_taken":0.0,"cards_obtained":["Doubt"]},{"damage_healed":0.0,"max_hp_gain":0.0,"max_hp_loss":0.0,"gold_gain":0.0,"event_name":"The Cleric","player_choice":"Leave","floor":13.0,"gold_loss":0.0,"damage_taken":0.0},{"damage_healed":0.0,"max_hp_gain":0.0,"max_hp_loss":0.0,"gold_gain":0.0,"event_name":"The Mausoleum","player_choice":"Ignored","floor":21.0,"gold_loss":0.0,"damage_taken":0.0},{"damage_healed":0,"gold_gain":0,"player_choice":"Ignored","damage_taken":0,"max_hp_gain":0,"max_hp_loss":0,"event_name":"Cursed Tome","floor":29,"gold_loss":0}],"is_beta":false,"boss_relics":[{"not_picked":["Empty Cage","Lizard Tail"],"picked":"Mark of Pain"}],"items_purged_floors":[5,12],"is_endless":false,"potions_floor_spawned":[1,10,16,19,27,31],"killed_by":"Automaton","ascension_level":20}