{"gold_per_floor":[112,112,123,141,153,181,256,266,266,290,322,342,367,34,34,130,130,144,144,144,155,167,192,206,206,206,226,326,0,0,17,17,121,121,141,156,156,176,33,33,59,59,59,90,104,34,65,16,16,16],"floor_reached":51,"playtime":3669,"items_purged":[],"score":902,"play_id":"2cfe9608-8925-4720-9b43-9cdb6ebec1fe","local_time":"20191001145935","is_ascension_mode":false,"campfire_choices":[{"floor":15,"key":"REST"},{"data":"Echo Form","floor":25,"key":"SMITH"},{"data":"Buffer","floor":32,"key":"SMITH"},{"data":"Panache","floor":40,"key":"SMITH"},{"data":"Double Energy","floor":42,"key":"SMITH"},{"data":"Blind","floor":49,"key":"SMITH"}],"neow_cost":"TEN_PERCENT_HP_LOSS","seed_source_timestamp":1561170481924300,"circlet_count":0,"master_deck":["Strike_B","Strike_B","Defend_B","Defend_B","Defend_B","Defend_B","Zap","Panache+1","Double Energy+1","Genetic Algorithm","FTL","Barrage","Darkness","Undo","Reinforced Body","Echo Form+1","Doom and Gloom","Cold Snap","Dramatic Entrance","Redo","Buffer+1","Melter","Ghostly","Ghostly","Ghostly","Ghostly","Ghostly","Darkness","Leap+1","Lockon+1","Chill+1","Conserve Battery","Steam+1","Electrodynamics+1","Capacitor+1","Conserve Battery","Electrodynamics+1","Hologram+1","Leap+1","Auto Shields","Coolheaded+1","Blind+1","Go for the Eyes+1","White Noise+1","Turbo+1","Storm+1","Tempest+1"],"relics":["Cracked Core","Dead Branch","DataDisk","Vajra","Omamori","Question Card","Orichalcum","Coffee Dripper","Regal Pillow","Meat on the Bone","Bird Faced Urn","Frozen Egg 2","Cables","Lantern","Cursed Key","Bottled Lightning","Toxic Egg 2","Ancient Tea Set","InkBottle"],"potions_floor_usage":[6,6,11,13,23,23,23,27,41,41,41,41,41,41,44,50],"damage_taken":[{"damage":6,"enemies":"Jaw Worm","floor":1,"turns":4},{"damage":0,"enemies":"Small Slimes","floor":3,"turns":3},{"damage":5,"enemies":"Cultist","floor":4,"turns":5},{"damage":2,"enemies":"Large Slime","floor":5,"turns":7},{"damage":12,"enemies":"Gremlin Nob","floor":6,"turns":3},{"damage":3,"enemies":"Exordium Thugs","floor":8,"turns":2},{"damage":1,"enemies":"Lagavulin","floor":11,"turns":4},{"damage":0,"enemies":"Exordium Wildlife","floor":12,"turns":2},{"damage":6,"enemies":"3 Sentries","floor":13,"turns":4},{"damage":34,"enemies":"The Guardian","floor":16,"turns":10},{"damage":0,"enemies":"Spheric Guardian","floor":18,"turns":3},{"damage":0,"enemies":"Shell Parasite","floor":21,"turns":6},{"damage":0,"enemies":"Snecko","floor":22,"turns":4},{"damage":10,"enemies":"Book of Stabbing","floor":23,"turns":6},{"damage":0,"enemies":"Centurion and Healer","floor":24,"turns":5},{"damage":0,"enemies":"Snake Plant","floor":27,"turns":6},{"damage":2,"enemies":"Colosseum Slavers","floor":28,"turns":5},{"damage":5,"enemies":"Colosseum Nobs","floor":28,"turns":6},{"damage":0,"enemies":"3 Cultists","floor":31,"turns":3},{"damage":0,"enemies":"Collector","floor":33,"turns":8},{"damage":0,"enemies":"3 Shapes","floor":35,"turns":2},{"damage":0,"enemies":"3 Darklings","floor":36,"turns":4},{"damage":3,"enemies":"4 Shapes","floor":38,"turns":3},{"damage":12,"enemies":"Nemesis","floor":41,"turns":5},{"damage":0,"enemies":"Giant Head","floor":44,"turns":8},{"damage":0,"enemies":"Spire Growth","floor":45,"turns":3},{"damage":20,"enemies":"Nemesis","floor":47,"turns":5},{"damage":0,"enemies":"Donu and Deca","floor":50,"turns":5}],"seed_played":"4302469704566815666","potions_obtained":[{"floor":3,"key":"Explosive Potion"},{"floor":4,"key":"SteroidPotion"},{"floor":8,"key":"Block Potion"},{"floor":11,"key":"Block Potion"},{"floor":13,"key":"Ancient Potion"},{"floor":18,"key":"Fire Potion"},{"floor":22,"key":"Explosive Potion"},{"floor":23,"key":"Block Potion"},{"floor":35,"key":"Swift Potion"},{"floor":38,"key":"EntropicBrew"},{"floor":41,"key":"AttackPotion"}],"is_trial":false,"path_per_floor":["M","?","M","M","M","E","?","M","T","T","E","M","E","$","R","B",null,"M","?","?","M","M","E","M","R","T","M","?","$","?","M","R","B",null,"M","M","?","M","$","R","E","R","T","E","M","$","E","$","R","B",null],"character_chosen":"DEFECT","items_purchased":["Cold Snap","Orichalcum","Dramatic Entrance","Redo","Cables","Capacitor+1","Blind","FearPotion","Storm+1","FocusPotion"],"campfire_rested":1,"item_purchase_floors":[14,14,14,14,29,29,39,39,46,48],"current_hp_per_floor":[62,55,55,50,48,36,25,22,22,22,21,21,15,15,35,1,68,68,34,34,34,34,24,24,24,24,24,29,29,29,34,34,34,34,34,34,34,33,33,33,34,34,34,34,34,34,22,22,22,34],"gold":16,"neow_bonus":"RANDOM_COLORLESS_2","is_prod":false,"is_daily":false,"chose_seed":false,"campfire_upgraded":5,"win_rate":0.0,"timestamp":1569956375,"path_taken":["M","?","M","M","M","E","?","M","T","?","E","M","E","$","R","BOSS","M","?","?","?","M","E","M","R","T","M","?","$","?","M","R","BOSS","M","M","?","M","$","R","E","R","T","E","M","?","E","?","R","BOSS"],"build_version":"2019-09-27","purchased_purges":0,"victory":true,"max_hp_per_floor":[68,68,68,68,68,68,68,68,68,68,68,68,68,68,68,68,68,68,34,34,34,34,34,34,34,34,34,34,34,34,34,34,34,34,34,34,34,34,34,34,34,34,34,34,34,34,34,34,34,34],"card_choices":[{"not_picked":["Chrysalis","Thinking Ahead"],"picked":"Panache","floor":0},{"not_picked":["Redo","Beam Cell"],"picked":"Double Energy","floor":1},{"not_picked":["Chaos","Redo"],"picked":"Genetic Algorithm","floor":3},{"not_picked":["Stack","Recycle"],"picked":"FTL","floor":4},{"not_picked":["FTL","Double Energy"],"picked":"Barrage","floor":5},{"not_picked":["Compile Driver","Fusion"],"picked":"Darkness","floor":6},{"not_picked":["Scrape","Barrage"],"picked":"Undo","floor":8},{"not_picked":["Tempest","Glacier"],"picked":"Reinforced Body","floor":11},{"not_picked":["Leap","Sunder"],"picked":"Echo Form","floor":12},{"not_picked":["Force Field","Streamline"],"picked":"Doom and Gloom","floor":13},{"not_picked":["Machine Learning","Biased Cognition","Reboot"],"picked":"Buffer","floor":16},{"not_picked":["Chill","Steam","Cold Snap"],"picked":"Melter","floor":18},{"not_picked":["Steam Power","Rebound+1","Streamline"],"picked":"Leap+1","floor":21},{"not_picked":["Sweeping Beam","Ball Lightning","Tempest"],"picked":"Lockon+1","floor":22},{"not_picked":["Rebound","Melter","Ball Lightning"],"picked":"Chill+1","floor":23},{"not_picked":["Gash","Go for the Eyes+1","Cold Snap"],"picked":"Conserve Battery","floor":24},{"not_picked":["Barrage","Rip and Tear","Recycle"],"picked":"Steam+1","floor":27},{"not_picked":["Stack+1","Coolheaded+1","Chill"],"picked":"Electrodynamics","floor":28},{"not_picked":["Hologram","Compile Driver","Barrage"],"picked":"Conserve Battery","floor":31},{"not_picked":["Core Surge","Meteor Strike","Fission"],"picked":"Electrodynamics+1","floor":33},{"not_picked":["Sweeping Beam+1","Coolheaded+1","Rebound+1"],"picked":"Hologram+1","floor":35},{"not_picked":["Barrage","Rebound+1","Reinforced Body"],"picked":"Leap+1","floor":36},{"not_picked":["Capacitor+1","Hologram+1","Sunder+1"],"picked":"Coolheaded+1","floor":38},{"not_picked":["Steam+1","Leap","Compile Driver"],"picked":"Go for the Eyes+1","floor":41},{"not_picked":["FTL","Hyperbeam","Stack+1"],"picked":"White Noise+1","floor":44},{"not_picked":["Coolheaded+1","Sunder","Gash"],"picked":"Turbo+1","floor":45},{"not_picked":["Gash+1","Rip and Tear+1","Lockon"],"picked":"Tempest+1","floor":47}],"player_experience":151215,"relics_obtained":[{"floor":6,"key":"Dead Branch"},{"floor":9,"key":"DataDisk"},{"floor":10,"key":"Vajra"},{"floor":11,"key":"Omamori"},{"floor":13,"key":"Question Card"},{"floor":23,"key":"Regal Pillow"},{"floor":26,"key":"Meat on the Bone"},{"floor":28,"key":"Bird Faced Urn"},{"floor":28,"key":"Frozen Egg 2"},{"floor":41,"key":"Bottled Lightning"},{"floor":43,"key":"Toxic Egg 2"},{"floor":44,"key":"Ancient Tea Set"},{"floor":47,"key":"InkBottle"}],"event_choices":[{"cards_removed":["Dualcast"],"damage_healed":0,"gold_gain":0,"player_choice":"Card Removal","damage_taken":7,"max_hp_gain":0,"max_hp_loss":0,"event_name":"Golden Wing","floor":2,"gold_loss":0},{"damage_healed":0,"gold_gain":75,"player_choice":"Gather Gold","damage_taken":11,"max_hp_gain":0,"max_hp_loss":0,"event_name":"World of Goop","floor":7,"gold_loss":0},{"damage_healed":0,"gold_gain":0,"player_choice":"Became a Ghost","damage_taken":0,"max_hp_gain":0,"max_hp_loss":34,"event_name":"Ghosts","floor":19,"gold_loss":0,"cards_obtained":["Ghostly","Ghostly","Ghostly","Ghostly","Ghostly"]},{"damage_healed":0,"gold_gain":0,"cards_transformed":["Strike_B"],"player_choice":"Transformed","damage_taken":0,"max_hp_gain":0,"max_hp_loss":0,"event_name":"Transmorgrifier","floor":20,"gold_loss":0,"cards_obtained":["Darkness"]},{"damage_healed":0,"gold_gain":0,"player_choice":"Fight","damage_taken":0,"max_hp_gain":0,"max_hp_loss":0,"event_name":"Colosseum","floor":28,"gold_loss":0},{"damage_healed":0,"gold_gain":0,"player_choice":"Fought Nobs","damage_taken":0,"max_hp_gain":0,"max_hp_loss":0,"event_name":"Colosseum","floor":28,"gold_loss":0},{"damage_healed":0,"gold_gain":0,"player_choice":"Opened","damage_taken":0,"relics_obtained":["Lantern"],"max_hp_gain":0,"max_hp_loss":0,"event_name":"The Mausoleum","floor":30,"gold_loss":0},{"damage_healed":0,"gold_gain":0,"cards_transformed":["Strike_B"],"player_choice":"Transformed","damage_taken":0,"max_hp_gain":0,"max_hp_loss":0,"event_name":"Transmorgrifier","floor":37,"gold_loss":0,"cards_obtained":["Auto Shields"]}],"is_beta":true,"boss_relics":[{"not_picked":["Snecko Eye","Inserter"],"picked":"Coffee Dripper"},{"not_picked":["Runic Pyramid","SlaversCollar"],"picked":"Cursed Key"}],"items_purged_floors":[],"is_endless":false,"potions_floor_spawned":[3,4,8,11,13,18,22,23,28,35,38,41],"ascension_level":0}