{"path_per_floor":["M","?","$","M","M","R","M","?","T","M","E","?","M","?","R","B",null,"M","?","M","?","M","R"],"character_chosen":"DEFECT","items_purchased":["Ball Lightning"],"gold_per_floor":[114,114,15,35,47,47,61,11,82,94,124,124,143,173,173,294,294,318,318,334,334,351,351,351],"floor_reached":24,"campfire_rested":1,"playtime":944,"item_purchase_floors":[3],"current_hp_per_floor":[71,71,71,71,61,61,44,44,44,29,11,17,10,10,49,16,81,80,80,81,81,74,74,0],"items_purged":["Regret"],"gold":351,"score":218,"play_id":"d1349893-c9f1-46d5-958c-bdfeafc99004","local_time":"20180527203359","is_prod":false,"is_daily":false,"chose_seed":false,"is_ascension_mode":true,"campfire_upgraded":1,"win_rate":0,"timestamp":1527446039,"campfire_choices":[{"data":"Zap","floor":6,"key":"SMITH"},{"floor":15,"key":"REST"},{"floor":23,"key":"DIG"}],"path_taken":["M","?","$","M","M","R","M","?","T","?","E","?","M","?","R","BOSS","M","?","M","?","M","R","E"],"build_version":"2018-05-25","seed_source_timestamp":31088811034625,"purchased_purges":1,"victory":false,"master_deck":["Strike_B","Strike_B","Strike_B","Strike_B","Defend_B","Defend_B","Defend_B","Defend_B","Zap+1","Dualcast","Redo","Ball Lightning","Leap","Barrage","Tempest","Glacier","Genetic Algorithm","Injury","Echo Form","Thunder Strike","Capacitor","Beam Cell+1","Fusion+1"],"max_hp_per_floor":[75,75,75,75,75,75,75,75,75,75,75,81,81,81,81,81,81,81,81,81,81,81,81,81],"relics":["Cracked Core","Bird Faced Urn","Potion Belt","Darkstone Periapt","Regal Pillow","Bloody Idol","Shovel","Nuclear Battery","Ancient Tea Set"],"card_choices":[{"not_picked":["Go for the Eyes","Sweeping Beam"],"picked":"Redo","floor":1},{"not_picked":["Barrage","Turbo"],"picked":"Leap","floor":4},{"not_picked":["Hologram","Fusion"],"picked":"Barrage","floor":5},{"not_picked":["Hologram","Go for the Eyes"],"picked":"Tempest","floor":7},{"not_picked":["Coolheaded","Force Field"],"picked":"Glacier","floor":10},{"not_picked":["Rebound","Ball Lightning"],"picked":"Genetic Algorithm","floor":11},{"not_picked":["Rebound","Defragment"],"picked":"Echo Form","floor":13},{"not_picked":["Machine Learning","Meteor Strike"],"picked":"Thunder Strike","floor":16},{"not_picked":["Streamline+1","Leap"],"picked":"Capacitor","floor":18},{"not_picked":["Streamline","Cold Snap+1"],"picked":"Beam Cell+1","floor":20},{"not_picked":["Redo","Leap"],"picked":"Fusion+1","floor":22}],"player_experience":225554,"potions_floor_usage":[4,13,24,24,24],"damage_taken":[{"damage":4,"enemies":"Jaw Worm","floor":1,"turns":4},{"damage":0,"enemies":"Small Slimes","floor":4,"turns":2},{"damage":10,"enemies":"2 Louse","floor":5,"turns":3},{"damage":17,"enemies":"Exordium Thugs","floor":7,"turns":5},{"damage":15,"enemies":"2 Fungi Beasts","floor":10,"turns":3},{"damage":18,"enemies":"Gremlin Nob","floor":11,"turns":4},{"damage":9,"enemies":"Red Slaver","floor":13,"turns":3},{"damage":35,"enemies":"Slime Boss","floor":16,"turns":10},{"damage":1,"enemies":"Spheric Guardian","floor":18,"turns":3},{"damage":0,"enemies":"Chosen","floor":20,"turns":4},{"damage":12,"enemies":"Snake Plant","floor":22,"turns":3},{"damage":79,"enemies":"Gremlin Leader","floor":24,"turns":3}],"relics_obtained":[{"floor":9,"key":"Darkstone Periapt"},{"floor":11,"key":"Regal Pillow"},{"floor":23,"key":"Ancient Tea Set"}],"event_choices":[{"event_name":"Big Fish","player_choice":"Box","floor":2,"damage_taken":0},{"event_name":"The Cleric","player_choice":"Card Removal","floor":8,"damage_taken":0},{"event_name":"Golden Idol","player_choice":"Take Wound","floor":12,"damage_taken":0},{"event_name":"Dead Adventurer","player_choice":"Searched \u00272\u0027 times","floor":14,"damage_taken":0},{"event_name":"Forgotten Altar","player_choice":"Gave Idol","floor":19,"damage_taken":0},{"event_name":"Drug Dealer","player_choice":"Ignored","floor":21,"damage_taken":0}],"boss_relics":[{"not_picked":["Philosopher\u0027s Stone","Ectoplasm"],"picked":"Nuclear Battery"}],"items_purged_floors":[3],"potions_floor_spawned":[1,7,10,11,13],"seed_played":"-2043300139474586370","killed_by":"Gremlin Leader","ascension_level":2,"potions_obtained":[{"floor":1,"key":"EssenceOfSteel"},{"floor":7,"key":"PowerPotion"},{"floor":10,"key":"GamblersBrew"},{"floor":11,"key":"Swift Potion"},{"floor":13,"key":"Ancient Potion"}],"is_trial":false}