{"gold_per_floor":[119,119,44,44,119,119,135,160,184,196,196,230,230,260,260,333,333,349,364,324,324],"floor_reached":21,"playtime":626,"items_purged":["Strike_R"],"score":440,"play_id":"9c782f4a-2edc-49aa-86d7-785ed17410f4","local_time":"20190922102137","is_ascension_mode":true,"campfire_choices":[{"data":"Inflame","floor":6,"key":"SMITH"},{"data":"Infernal Blade","floor":11,"key":"SMITH"},{"data":"Double Tap","floor":13,"key":"SMITH"},{"data":"Strike_R","floor":15,"key":"SMITH"}],"neow_cost":"NONE","seed_source_timestamp":1565585320105,"circlet_count":0,"master_deck":["AscendersBane","Strike_R+1","Strike_R+1","Strike_R","Strike_R","Defend_R","Defend_R+1","Defend_R+1","Defend_R","Bash+1","Inflame+1","Infernal Blade+1","Clothesline+1","Thunderclap+1","Double Tap+1","Iron Wave+1","Limit Break","Shockwave","Headbutt+1"],"relics":["Burning Blood","NeowsBlessing","Molten Egg 2","Strawberry","PreservedInsect","War Paint","Snecko Eye"],"potions_floor_usage":[18,21],"damage_taken":[{"damage":0,"enemies":"Jaw Worm","floor":1,"turns":1},{"damage":0,"enemies":"Small Slimes","floor":7,"turns":1},{"damage":0,"enemies":"Lagavulin","floor":8,"turns":1},{"damage":0,"enemies":"2 Louse","floor":10,"turns":3},{"damage":20,"enemies":"3 Sentries","floor":12,"turns":5},{"damage":25,"enemies":"Lagavulin","floor":14,"turns":4},{"damage":29,"enemies":"Hexaghost","floor":16,"turns":8},{"damage":61,"enemies":"3 Byrds","floor":18,"turns":7},{"damage":6,"enemies":"Spheric Guardian","floor":19,"turns":4},{"damage":19,"enemies":"Cultist and Chosen","floor":21,"turns":4}],"seed_played":"-3359055349526482595","potions_obtained":[{"floor":1,"key":"Regen Potion"},{"floor":8,"key":"Swift Potion"},{"floor":10,"key":"Fire Potion"},{"floor":19,"key":"FearPotion"}],"is_trial":false,"path_per_floor":["M","?","$","?","?","R","M","E","T","M","R","E","R","E","R","B",null,"M","M","?","M"],"character_chosen":"IRONCLAD","items_purchased":[],"campfire_rested":0,"item_purchase_floors":[],"current_hp_per_floor":[74,51,51,51,40,40,46,52,59,65,65,51,51,32,32,9,64,9,9,9,0],"gold":324,"neow_bonus":"THREE_ENEMY_KILL","is_prod":false,"is_daily":false,"chose_seed":false,"campfire_upgraded":4,"win_rate":0,"timestamp":1569140497,"path_taken":["M","?","$","?","?","R","M","E","T","M","R","E","R","E","R","BOSS","M","M","?","M"],"build_version":"2019-09-20","purchased_purges":1,"victory":false,"max_hp_per_floor":[75,75,75,75,75,75,75,75,82,82,82,82,82,82,82,82,82,82,82,82,82],"card_choices":[{"not_picked":["Second Wind","Entrench"],"picked":"Inflame","floor":1},{"not_picked":["Perfected Strike","Thunderclap"],"picked":"Infernal Blade","floor":7},{"not_picked":["Dropkick","Sentinel"],"picked":"Clothesline","floor":8},{"not_picked":["Combust","Clothesline+1"],"picked":"Thunderclap+1","floor":10},{"not_picked":["Perfected Strike+1","Thunderclap+1"],"picked":"Double Tap","floor":12},{"not_picked":["Searing Blow+1","Wild Strike+1"],"picked":"Iron Wave+1","floor":14},{"not_picked":["Dark Embrace","Exhume"],"picked":"Limit Break","floor":16},{"not_picked":["Thunderclap+1","Wild Strike+1"],"picked":"Shockwave","floor":18},{"not_picked":["Sever Soul+1","Armaments"],"picked":"Headbutt+1","floor":19}],"player_experience":2091605,"relics_obtained":[{"floor":8,"key":"Molten Egg 2"},{"floor":9,"key":"Strawberry"},{"floor":12,"key":"PreservedInsect"},{"floor":14,"key":"War Paint"}],"event_choices":[{"damage_healed":0,"gold_gain":0,"player_choice":"Entered Light","damage_taken":23,"max_hp_gain":0,"max_hp_loss":0,"event_name":"Shining Light","floor":2,"gold_loss":0,"cards_upgraded":["Strike_R","Bash"]},{"damage_healed":0,"gold_gain":0,"player_choice":"Leave","damage_taken":0,"max_hp_gain":0,"max_hp_loss":0,"event_name":"The Cleric","floor":4,"gold_loss":0},{"damage_healed":0,"gold_gain":75,"player_choice":"Gather Gold","damage_taken":11,"max_hp_gain":0,"max_hp_loss":0,"event_name":"World of Goop","floor":5,"gold_loss":0},{"damage_healed":0,"gold_gain":0,"player_choice":"Bought 3 Potions","damage_taken":0,"max_hp_gain":0,"max_hp_loss":0,"event_name":"The Woman in Blue","floor":20,"gold_loss":0}],"is_beta":true,"boss_relics":[{"not_picked":["Sozu","Ectoplasm"],"picked":"Snecko Eye"}],"items_purged_floors":[3],"is_endless":false,"potions_floor_spawned":[1,8,10,19],"killed_by":"Cultist and Chosen","ascension_level":20}