{"gold_per_floor":[118,133,133,147,158,193,193,220,290,255,289,306,332,346,346,420,420,440,14,28,28,28],"floor_reached":22,"playtime":758,"items_purged":["Strike_R"],"score":507,"play_id":"0b537e2d-6c41-4f8d-8fbd-d44756beca67","local_time":"20190808101819","is_ascension_mode":true,"campfire_choices":[{"data":"Armaments","floor":7.0,"key":"SMITH"},{"data":"Berserk","floor":15.0,"key":"SMITH"}],"neow_cost":"TEN_PERCENT_HP_LOSS","seed_source_timestamp":0,"circlet_count":0,"master_deck":["AscendersBane","Defend_R","Defend_R","Defend_R","Defend_R","Bash","Immolate","Armaments+1","Berserk+1","Inflame","Battle Trance","Dual Wield","Thunderclap","Shrug It Off","Uppercut","True Grit","Anger","Limit Break","Heavy Blade","Disarm","Sword Boomerang+1","Bite","Bite","Bite","Bite","Bite"],"special_seed":0,"relics":["Burning Blood","Juzu Bracelet","Turnip","Bottled Flame","Regal Pillow","Gremlin Horn","Philosopher\u0027s Stone","Mercury Hourglass"],"potions_floor_usage":[],"damage_taken":[{"damage":1.0,"enemies":"Cultist","floor":1.0,"turns":3.0},{"damage":9.0,"enemies":"Jaw Worm","floor":2.0,"turns":3.0},{"damage":0.0,"enemies":"2 Louse","floor":4.0,"turns":1.0},{"damage":11.0,"enemies":"2 Fungi Beasts","floor":5.0,"turns":4.0},{"damage":0.0,"enemies":"Lagavulin","floor":6.0,"turns":4.0},{"damage":30.0,"enemies":"3 Sentries","floor":8.0,"turns":6.0},{"damage":34.0,"enemies":"Gremlin Nob","floor":11.0,"turns":4.0},{"damage":0.0,"enemies":"Lots of Slimes","floor":12.0,"turns":1.0},{"damage":18.0,"enemies":"Lagavulin","floor":13.0,"turns":8.0},{"damage":0.0,"enemies":"3 Louse","floor":14.0,"turns":1.0},{"damage":28.0,"enemies":"The Guardian","floor":16.0,"turns":10.0},{"damage":28.0,"enemies":"Shell Parasite","floor":18.0,"turns":6.0},{"damage":16,"enemies":"3 Byrds","floor":20,"turns":4},{"damage":25,"enemies":"Centurion and Healer","floor":22,"turns":1}],"seed_played":"-6813493904695432113","potions_obtained":[{"floor":2.0,"key":"Poison Potion"},{"floor":4.0,"key":"AttackPotion"},{"floor":11.0,"key":"GamblersBrew"},{"floor":16.0,"key":"Dexterity Potion"}],"is_trial":false,"path_per_floor":["M","M","?","M","M","E","R","E","T","?","E","M","E","M","R","B",null,"M","$","M","?","M"],"character_chosen":"IRONCLAD","items_purchased":["Disarm","Mercury Hourglass"],"campfire_rested":0,"item_purchase_floors":[19,19],"current_hp_per_floor":[68,65,65,68,63,68,68,44,44,61,33,39,27,33,33,11,54,32,32,22,22,0],"gold":28,"neow_bonus":"THREE_RARE_CARDS","is_prod":false,"is_daily":false,"chose_seed":false,"campfire_upgraded":2,"win_rate":0,"timestamp":1565252299,"path_taken":["M","M","?","M","M","E","R","E","T","?","E","M","E","M","R","BOSS","M","$","M","?","M"],"build_version":"2019-07-17","purchased_purges":1,"victory":false,"max_hp_per_floor":[68,68,68,68,68,68,68,68,68,68,68,68,68,68,68,68,68,68,68,68,47,47],"card_choices":[{"not_picked":["Juggernaut","Bludgeon"],"picked":"Immolate","floor":0.0},{"not_picked":["Warcry","Fire Breathing","Searing Blow"],"picked":"SKIP","floor":1.0},{"not_picked":["Twin Strike","Warcry"],"picked":"Armaments","floor":2.0},{"not_picked":["Wild Strike","Anger"],"picked":"Inflame","floor":4.0},{"not_picked":["Clothesline","Warcry"],"picked":"Battle Trance","floor":5.0},{"not_picked":["Rage","Headbutt"],"picked":"Dual Wield","floor":6.0},{"not_picked":["Hemokinesis","Berserk"],"picked":"Thunderclap","floor":8.0},{"not_picked":["True Grit","Inflame"],"picked":"Shrug It Off","floor":11.0},{"not_picked":["Twin Strike","Sword Boomerang"],"picked":"Uppercut","floor":12.0},{"not_picked":["Pommel Strike","Twin Strike"],"picked":"True Grit","floor":13.0},{"not_picked":["Power Through","Body Slam"],"picked":"Anger","floor":14.0},{"not_picked":["Demon Form","Barricade"],"picked":"Limit Break","floor":16.0},{"not_picked":["Anger","Warcry"],"picked":"Heavy Blade","floor":18.0},{"not_picked":["Searing Blow","Seeing Red"],"picked":"Sword Boomerang+1","floor":20}],"player_experience":1893182,"relics_obtained":[{"floor":6.0,"key":"Juzu Bracelet"},{"floor":8.0,"key":"Turnip"},{"floor":9.0,"key":"Bottled Flame"},{"floor":11.0,"key":"Regal Pillow"},{"floor":13.0,"key":"Gremlin Horn"}],"event_choices":[{"damage_healed":0.0,"max_hp_gain":0.0,"max_hp_loss":0.0,"gold_gain":0.0,"event_name":"Match and Keep!","player_choice":"1 cards matched","floor":3.0,"gold_loss":0.0,"damage_taken":0.0,"cards_obtained":["Berserk"]},{"damage_healed":17.0,"max_hp_gain":0.0,"max_hp_loss":0.0,"gold_gain":0.0,"event_name":"The Cleric","player_choice":"Healed","floor":10.0,"gold_loss":35.0,"damage_taken":0.0},{"damage_healed":0,"gold_gain":0,"player_choice":"Became a vampire","damage_taken":0,"max_hp_gain":0,"max_hp_loss":21,"event_name":"Vampires","floor":21,"gold_loss":0,"cards_obtained":["Bite","Bite","Bite","Bite","Bite"]}],"is_beta":false,"boss_relics":[{"not_picked":["Empty Cage","Coffee Dripper"],"picked":"Philosopher\u0027s Stone"}],"items_purged_floors":[19],"is_endless":false,"potions_floor_spawned":[2,4,11,12,13,16],"killed_by":"Centurion and Healer","ascension_level":20}