{"gold_per_floor":[115,125,27,27,27,55,70,70,70,70,86,86,112,122,122,200,200,215,190,190,190],"floor_reached":21,"playtime":736,"items_purged":["Parasite"],"score":329,"play_id":"ed9fa2c5-4886-4081-916a-7f905b47d14d","local_time":"20181001114254","is_ascension_mode":true,"campfire_choices":[{"data":"Darkness","floor":8,"key":"SMITH"},{"data":"Zap","floor":12,"key":"SMITH"},{"floor":15,"key":"REST"}],"neow_cost":"CURSE","seed_source_timestamp":12528143058023,"circlet_count":0,"master_deck":["Defend_B","Defend_B","Defend_B+1","Defend_B","Zap+1","Dualcast","AscendersBane","Multi-Cast+1","Go for the Eyes","Darkness+1","Gash","Auto Shields","Consume","Genetic Algorithm+1","Glacier+1","Machine Learning","Conserve Battery+1","Bite","Bite","Bite","Bite","Bite"],"relics":["Cracked Core","Calipers","Gambling Chip","Toxic Egg 2","War Paint","Inserter"],"potions_floor_usage":[14,14],"damage_taken":[{"damage":1,"enemies":"Cultist","floor":1,"turns":3},{"damage":9,"enemies":"Jaw Worm","floor":2,"turns":2},{"damage":25,"enemies":"Lagavulin","floor":6,"turns":6},{"damage":0,"enemies":"2 Louse","floor":7,"turns":2},{"damage":3,"enemies":"Blue Slaver","floor":11,"turns":3},{"damage":27,"enemies":"Lots of Slimes","floor":14,"turns":3},{"damage":12,"enemies":"The Guardian","floor":16,"turns":7},{"damage":0,"enemies":"Spheric Guardian","floor":18,"turns":3},{"damage":32,"enemies":"2 Thieves","floor":19,"turns":5},{"damage":39,"enemies":"3 Cultists","floor":21,"turns":6}],"seed_played":"926374826484658778","potions_obtained":[{"floor":6,"key":"SkillPotion"},{"floor":11,"key":"Fire Potion"},{"floor":14,"key":"SkillPotion"},{"floor":18,"key":"PowerPotion"}],"is_trial":false,"path_per_floor":["M","M","$","T","?","E","M","R","T","$","M","R","T","M","R","B",null,"M","M","?"],"character_chosen":"DEFECT","items_purchased":["Gash"],"campfire_rested":1,"item_purchase_floors":[3],"current_hp_per_floor":[63,54,54,54,59,34,34,34,34,34,31,31,31,4,25,13,58,58,26,26,0],"gold":190,"neow_bonus":"THREE_RARE_CARDS","is_prod":false,"is_daily":false,"chose_seed":false,"campfire_upgraded":2,"win_rate":0,"timestamp":1538386974,"path_taken":["M","M","$","?","?","E","?","R","T","$","M","R","?","M","R","BOSS","M","M","?","?"],"build_version":"2018-09-27","purchased_purges":1,"victory":false,"max_hp_per_floor":[71,71,68,68,73,73,73,73,73,73,73,73,73,73,73,73,73,73,73,51,51],"card_choices":[{"not_picked":["Seek","All For One"],"picked":"Multi-Cast","floor":0},{"not_picked":["Hello World","Barrage"],"picked":"Go for the Eyes","floor":1},{"not_picked":["Sweeping Beam","Ball Lightning"],"picked":"Darkness","floor":2},{"not_picked":["Force Field","Seek"],"picked":"Auto Shields","floor":6},{"not_picked":["Steam","Rebound"],"picked":"Consume","floor":7},{"not_picked":["Reprogram+1","Cold Snap"],"picked":"Genetic Algorithm+1","floor":11},{"not_picked":["Undo+1","Gash"],"picked":"Glacier+1","floor":14},{"not_picked":["Electrodynamics","Creative AI"],"picked":"Machine Learning","floor":16},{"not_picked":["Stack+1","Ball Lightning","Sweeping Beam"],"picked":"SKIP","floor":18},{"not_picked":["Sweeping Beam+1","Streamline"],"picked":"Conserve Battery+1","floor":19}],"player_experience":565575,"relics_obtained":[{"floor":4,"key":"Calipers"},{"floor":6,"key":"Gambling Chip"},{"floor":9,"key":"Toxic Egg 2"},{"floor":13,"key":"War Paint"}],"event_choices":[{"event_name":"Big Fish","player_choice":"Donut","floor":5,"damage_taken":0},{"event_name":"Vampires","player_choice":"Became a vampire","floor":20,"damage_taken":0}],"is_beta":true,"boss_relics":[{"not_picked":["Coffee Dripper","FrozenCore"],"picked":"Inserter"}],"items_purged_floors":[3],"is_endless":false,"potions_floor_spawned":[6,11,14,18,19],"killed_by":"3 Cultists","ascension_level":14}