{"gold_per_floor":[118,43,62,77,95,95,114,114,114,114,130,130,155,167,167,244,244,264,276,220,220,220,220,248,275,275,288,300,300,300,318,318,318],"floor_reached":33,"playtime":1712,"items_purged":[],"score":534,"play_id":"0d388caf-84ab-4806-980b-ffa3b01f9d6c","local_time":"20181112223702","is_ascension_mode":true,"campfire_choices":[{"data":"Clothesline","floor":6.0,"key":"SMITH"},{"data":"Flex","floor":8.0,"key":"SMITH"},{"data":"Infernal Blade","floor":10.0,"key":"SMITH"},{"data":"True Grit","floor":15.0,"key":"SMITH"},{"data":"Havoc","floor":23,"key":"SMITH"},{"floor":29,"key":"REST"},{"data":"Fiend Fire","floor":32,"key":"SMITH"}],"neow_cost":"NONE","seed_source_timestamp":0,"circlet_count":0,"master_deck":["AscendersBane","Strike_R+1","Strike_R+1","Defend_R+1","Defend_R+1","Defend_R+1","Bash","Flex+1","Infernal Blade+1","Shrug It Off","Clothesline+1","True Grit+1","Second Wind","Wild Strike","Fiend Fire+1","Hemokinesis+1","Entrench+1","Rage+1","Thunderclap+1","Cleave+1","Havoc+1","Armaments+1","Warcry","Spot Weakness","Havoc+1"],"special_seed":0,"relics":["Burning Blood","Mango","Charon\u0027s Ashes","Astrolabe","Nilry\u0027s Codex","Red Mask","Pocketwatch","Bag of Marbles"],"potions_floor_usage":[18,27,27,33],"damage_taken":[{"damage":0.0,"enemies":"2 Louse","floor":1.0,"turns":3.0},{"damage":8.0,"enemies":"Jaw Worm","floor":3.0,"turns":4.0},{"damage":6.0,"enemies":"Cultist","floor":4.0,"turns":3.0},{"damage":33.0,"enemies":"Large Slime","floor":5.0,"turns":8.0},{"damage":17.0,"enemies":"Blue Slaver","floor":7.0,"turns":4.0},{"damage":15.0,"enemies":"Exordium Thugs","floor":11.0,"turns":4.0},{"damage":31.0,"enemies":"3 Sentries","floor":13.0,"turns":9.0},{"damage":12.0,"enemies":"Large Slime","floor":14.0,"turns":5.0},{"damage":74.0,"enemies":"Slime Boss","floor":16.0,"turns":13.0},{"damage":2,"enemies":"3 Byrds","floor":18,"turns":5},{"damage":1,"enemies":"Spheric Guardian","floor":19,"turns":3},{"damage":22,"enemies":"Masked Bandits","floor":24,"turns":3},{"damage":20,"enemies":"Slavers","floor":25,"turns":5},{"damage":8,"enemies":"Snecko","floor":27,"turns":3},{"damage":5,"enemies":"Centurion and Healer","floor":28,"turns":4},{"damage":13,"enemies":"Snake Plant","floor":31,"turns":4},{"damage":44,"enemies":"Collector","floor":33,"turns":6}],"seed_played":"-5117333511123069547","potions_obtained":[{"floor":7.0,"key":"Fruit Juice"},{"floor":13.0,"key":"Poison Potion"},{"floor":14.0,"key":"Energy Potion"},{"floor":16.0,"key":"PowerPotion"},{"floor":18,"key":"FearPotion"},{"floor":25,"key":"Fruit Juice"},{"floor":27,"key":"Fire Potion"},{"floor":28,"key":"Dexterity Potion"}],"is_trial":false,"path_per_floor":["M","?","M","M","M","R","M","R","T","R","M","?","E","M","R","B",null,"M","M","$","?","?","R","?","E","T","M","M","R","?","M","R","B"],"character_chosen":"IRONCLAD","items_purchased":["Havoc"],"campfire_rested":1,"item_purchase_floors":[20],"current_hp_per_floor":[81,81,79,79,52,52,46,46,60,60,51,111,86,80,80,12,86,90,95,95,74,40,40,24,10,10,13,14,50,50,43,43,0],"gold":318,"neow_bonus":"TEN_PERCENT_HP_BONUS","is_prod":false,"is_daily":false,"chose_seed":false,"campfire_upgraded":6,"win_rate":0,"timestamp":1542058622,"path_taken":["M","?","M","M","M","R","M","R","T","R","M","?","E","?","R","BOSS","M","M","$","?","?","R","?","E","T","?","M","R","?","M","R","BOSS"],"build_version":"2018-11-08","purchased_purges":0,"victory":false,"max_hp_per_floor":[82,82,82,82,82,82,87,87,101,101,101,111,111,111,111,111,111,111,111,111,111,116,116,116,116,116,121,121,121,121,121,121,121],"card_choices":[{"not_picked":["Perfected Strike","Burning Pact"],"picked":"Flex","floor":1.0},{"not_picked":["Feel No Pain","Bloodletting"],"picked":"Infernal Blade","floor":3.0},{"not_picked":["Shockwave","Havoc"],"picked":"Shrug It Off","floor":4.0},{"not_picked":["Battle Trance","Second Wind"],"picked":"Clothesline","floor":5.0},{"not_picked":["Flex","Power Through"],"picked":"Double Tap","floor":7.0},{"not_picked":["Clothesline","Combust"],"picked":"True Grit","floor":11.0},{"not_picked":["Perfected Strike","Barricade"],"picked":"Second Wind","floor":13.0},{"not_picked":["Twin Strike","True Grit"],"picked":"Wild Strike","floor":14.0},{"not_picked":["Offering","Exhume"],"picked":"Fiend Fire","floor":16.0},{"not_picked":["True Grit","Cleave"],"picked":"Thunderclap+1","floor":18},{"not_picked":["Clothesline","Second Wind"],"picked":"Cleave+1","floor":19},{"not_picked":["Perfected Strike","Shrug It Off"],"picked":"Armaments+1","floor":24},{"not_picked":["Clash","Wild Strike"],"picked":"Warcry","floor":25},{"not_picked":["Perfected Strike","Flex","Berserk"],"picked":"SKIP","floor":27},{"not_picked":["Power Through","Pommel Strike"],"picked":"Spot Weakness","floor":28},{"not_picked":["Heavy Blade","Sword Boomerang"],"picked":"Havoc+1","floor":31}],"player_experience":791631,"relics_obtained":[{"floor":9.0,"key":"Mango"},{"floor":13.0,"key":"Charon\u0027s Ashes"},{"floor":21,"key":"Nilry\u0027s Codex"},{"floor":24,"key":"Red Mask"},{"floor":25,"key":"Pocketwatch"},{"floor":26,"key":"Bag of Marbles"}],"event_choices":[{"cards_removed":["Strike_R"],"damage_healed":0.0,"max_hp_gain":0.0,"max_hp_loss":0.0,"gold_gain":0.0,"event_name":"The Cleric","player_choice":"Card Removal","floor":2.0,"gold_loss":75.0,"damage_taken":0.0},{"cards_removed":["Double Tap"],"damage_healed":50.0,"max_hp_gain":10.0,"max_hp_loss":0.0,"gold_gain":0.0,"event_name":"Bonfire Elementals","player_choice":"Offered Rare","floor":12.0,"gold_loss":0.0,"damage_taken":0.0},{"damage_healed":0,"gold_gain":0,"player_choice":"Obtained Book","damage_taken":21,"max_hp_gain":0,"max_hp_loss":0,"event_name":"Cursed Tome","floor":21,"gold_loss":0},{"damage_healed":0,"gold_gain":0,"player_choice":"Shed Blood","damage_taken":39,"max_hp_gain":5,"max_hp_loss":0,"event_name":"Forgotten Altar","floor":22,"gold_loss":0},{"damage_healed":0,"gold_gain":0,"player_choice":"Fought Bandits","damage_taken":0,"max_hp_gain":0,"max_hp_loss":0,"event_name":"Masked Bandits","floor":24,"gold_loss":0},{"damage_healed":0,"gold_gain":0,"player_choice":"Simplicity","damage_taken":0,"max_hp_gain":0,"max_hp_loss":0,"event_name":"Back to Basics","floor":30,"gold_loss":0,"cards_upgraded":["Strike_R","Strike_R","Defend_R","Defend_R","Defend_R"]}],"is_beta":true,"boss_relics":[{"not_picked":["Black Blood","Busted Crown"],"picked":"Astrolabe"}],"items_purged_floors":[],"is_endless":false,"potions_floor_spawned":[7,13,14,16,18,25,27,28],"killed_by":"Collector","ascension_level":16}