{"gold_per_floor":[117,117,127,127,47,80,93,124,124,150,150,183,196,206,206,277,277,288,305,55,55,55,55,90,90,90,90,102,102],"floor_reached":29,"playtime":1033,"items_purged":[],"score":592,"play_id":"ae92649a-ad3c-4748-94d9-a97c804d0160","local_time":"20190423104217","is_ascension_mode":true,"campfire_choices":[{"data":"Genetic Algorithm","floor":11.0,"key":"SMITH"},{"data":"Electrodynamics","floor":15.0,"key":"SMITH"},{"data":"Defragment","floor":23.0,"key":"SMITH"},{"floor":25.0,"key":"REST"},{"data":"Amplify","floor":27.0,"key":"SMITH"}],"neow_cost":"NONE","seed_source_timestamp":0,"circlet_count":0,"master_deck":["AscendersBane","Strike_B+1","Strike_B","Strike_B+1","Strike_B","Defend_B","Defend_B","Defend_B","Defend_B","Zap+1","Dualcast","Doom and Gloom","Coolheaded","Self Repair","Barrage","Compile Driver","Electrodynamics+1","Genetic Algorithm+1","Genetic Algorithm","Redo","Conserve Battery","Amplify+1","Coolheaded","Blizzard","Capacitor","Defragment+1","Loop","Doom and Gloom"],"special_seed":0,"relics":["Cracked Core","NeowsBlessing","Whetstone","Shuriken","Strawberry","Dream Catcher","Blue Candle","Black Star","Happy Flower","Darkstone Periapt","Bottled Flame","Omamori"],"potions_floor_usage":[],"damage_taken":[{"damage":0.0,"enemies":"Small Slimes","floor":1.0,"turns":1.0},{"damage":0.0,"enemies":"Jaw Worm","floor":3.0,"turns":1.0},{"damage":0.0,"enemies":"3 Sentries","floor":6.0,"turns":1.0},{"damage":1.0,"enemies":"Cultist","floor":7.0,"turns":3.0},{"damage":6.0,"enemies":"Gremlin Nob","floor":8.0,"turns":3.0},{"damage":20.0,"enemies":"3 Sentries","floor":10.0,"turns":4.0},{"damage":22.0,"enemies":"Lagavulin","floor":12.0,"turns":6.0},{"damage":11.0,"enemies":"Blue Slaver","floor":13.0,"turns":4.0},{"damage":0.0,"enemies":"Looter","floor":14.0,"turns":4.0},{"damage":43.0,"enemies":"The Guardian","floor":16.0,"turns":11.0},{"damage":6.0,"enemies":"3 Byrds","floor":18.0,"turns":2.0},{"damage":25.0,"enemies":"Shell Parasite","floor":19.0,"turns":9.0},{"damage":44.0,"enemies":"Book of Stabbing","floor":24.0,"turns":7.0},{"damage":20,"enemies":"Snecko","floor":28,"turns":7},{"damage":13,"enemies":"Slavers","floor":29,"turns":1}],"seed_played":"-8769845129031812835","potions_obtained":[{"floor":1.0,"key":"GamblersBrew"},{"floor":3.0,"key":"Block Potion"},{"floor":12.0,"key":"Explosive Potion"},{"floor":13.0,"key":"Regen Potion"},{"floor":16.0,"key":"EssenceOfSteel"}],"is_trial":false,"path_per_floor":["M","?","M","?","$","E","M","E","T","E","R","E","M","M","R","B",null,"M","M","$","?","$","R","E","R","T","R","M","E"],"character_chosen":"DEFECT","items_purchased":["Self Repair","Capacitor","Happy Flower"],"campfire_rested":1,"item_purchase_floors":[5,20,20],"current_hp_per_floor":[64,64,64,69,69,69,75,76,83,70,70,55,51,51,51,30,70,64,46,46,46,46,46,9,33,33,33,13,0],"gold":102,"neow_bonus":"THREE_ENEMY_KILL","is_prod":false,"is_daily":false,"chose_seed":false,"campfire_upgraded":4,"win_rate":0,"timestamp":1556008937,"path_taken":["M","?","M","?","?","E","?","E","T","E","R","E","M","M","R","BOSS","M","M","$","?","$","R","E","R","T","R","M","E"],"build_version":"2019-01-23","purchased_purges":0,"victory":false,"max_hp_per_floor":[71,71,71,76,76,76,76,76,83,83,83,83,83,83,83,83,83,83,83,83,83,83,83,83,83,83,83,83,83],"card_choices":[{"not_picked":["Cold Snap","Ball Lightning"],"picked":"Doom and Gloom","floor":1.0},{"not_picked":["Heatsinks","Conserve Battery"],"picked":"Coolheaded","floor":3.0},{"not_picked":["Leap","Chaos"],"picked":"Barrage","floor":6.0},{"not_picked":["Rebound","Blizzard"],"picked":"Compile Driver","floor":7.0},{"not_picked":["Chaos","White Noise"],"picked":"Electrodynamics","floor":8.0},{"not_picked":["Cold Snap","Consume"],"picked":"Genetic Algorithm","floor":10.0},{"not_picked":["Stack","Rebound"],"picked":"Genetic Algorithm","floor":12.0},{"not_picked":["Streamline","Hello World"],"picked":"Redo","floor":13.0},{"not_picked":["Redo","Fusion"],"picked":"Conserve Battery","floor":14.0},{"not_picked":["Rainbow","Electrodynamics"],"picked":"Amplify","floor":16.0},{"not_picked":["Steam","Turbo"],"picked":"Coolheaded","floor":18.0},{"not_picked":["Force Field","Rebound"],"picked":"Blizzard","floor":19.0},{"not_picked":["Redo","Steam Power+1","Tempest"],"picked":"SKIP","floor":24.0},{"not_picked":["Ball Lightning","Cold Snap"],"picked":"Loop","floor":25.0},{"not_picked":["Go for the Eyes","Streamline"],"picked":"Doom and Gloom","floor":28}],"player_experience":1614116,"relics_obtained":[{"floor":6.0,"key":"Whetstone"},{"floor":8.0,"key":"Shuriken"},{"floor":9.0,"key":"Strawberry"},{"floor":10.0,"key":"Dream Catcher"},{"floor":12.0,"key":"Blue Candle"},{"floor":24.0,"key":"Darkstone Periapt"},{"floor":24.0,"key":"Bottled Flame"},{"floor":26.0,"key":"Omamori"}],"event_choices":[{"damage_healed":0.0,"max_hp_gain":0.0,"max_hp_loss":0.0,"gold_gain":0.0,"event_name":"Living Wall","player_choice":"Grow","floor":2.0,"gold_loss":0.0,"damage_taken":0.0,"cards_upgraded":["Zap"]},{"damage_healed":0.0,"max_hp_gain":5.0,"max_hp_loss":0.0,"gold_gain":0.0,"event_name":"Big Fish","player_choice":"Donut","floor":4.0,"gold_loss":0.0,"damage_taken":0.0},{"damage_healed":0.0,"max_hp_gain":0.0,"max_hp_loss":0.0,"gold_gain":0.0,"event_name":"The Library","player_choice":"Read","floor":21.0,"gold_loss":0.0,"damage_taken":0.0,"cards_obtained":["Defragment"]}],"is_beta":false,"boss_relics":[{"not_picked":["Nuclear Battery","Lizard Tail"],"picked":"Black Star"}],"items_purged_floors":[],"is_endless":false,"potions_floor_spawned":[1,3,12,13,16,18],"killed_by":"Slavers","ascension_level":20}