{"gold_per_floor":[109,109,129,8,83,117,134,167,167,167,194,209,209,226,226,300,300,318,353,363,373,387,387,412,424,424,424,452,452,452,480,480,552,552,572,794,794,809,828,828,855,855,906,906,933,933,945,965,965,965,965,965,965,184,210,210],"floor_reached":57,"playtime":2536,"items_purged":["Strike_R"],"score":3180,"play_id":"86013dc3-dcc2-4316-8b4e-c0284a582da4","local_time":"20190410114142","is_ascension_mode":true,"campfire_choices":[{"data":"Offering","floor":10,"key":"SMITH"},{"data":"True Grit","floor":13,"key":"SMITH"},{"data":"Rampage","floor":15,"key":"SMITH"},{"data":"Corruption","floor":23,"key":"SMITH"},{"data":"Disarm","floor":27,"key":"SMITH"},{"data":"Limit Break","floor":32,"key":"SMITH"},{"data":"1","floor":40,"key":"LIFT"},{"data":"2","floor":42,"key":"LIFT"},{"data":"3","floor":46,"key":"LIFT"},{"floor":49,"key":"RECALL"},{"data":"Feel No Pain","floor":53,"key":"SMITH"}],"neow_cost":"NONE","seed_source_timestamp":3237709843061,"circlet_count":0,"master_deck":["AscendersBane","Strike_R","Strike_R","Strike_R+1","Strike_R","Defend_R+1","Defend_R","Defend_R","Defend_R+1","Bash+1","Twin Strike+1","Clothesline+1","Feel No Pain+1","Rampage+1","Offering+1","Burning Pact","Fiend Fire+1","True Grit+1","Pommel Strike+1","Immolate+1","Battle Trance","Power Through","Flame Barrier","Thunderclap+1","Shrug It Off","Corruption+1","Uppercut+1","Disarm+1","Spot Weakness+1","Spot Weakness","Barricade","Ghostly","Ghostly","Ghostly","Body Slam+1","Limit Break+1","Dark Embrace","Entrench","Battle Trance","Body Slam+1","Offering+1","Impervious","Impervious"],"relics":["Burning Blood","Molten Egg 2","Whetstone","Gremlin Horn","War Paint","Orrery","Red Mask","Prayer Wheel","Ancient Tea Set","Girya","Mango","Snecko Eye","Du-Vu Doll","Pocketwatch","Ice Cream","Letter Opener","Pear"],"potions_floor_usage":[8,16,33,33,33],"damage_taken":[{"damage":4,"enemies":"Small Slimes","floor":1,"turns":4},{"damage":12,"enemies":"Jaw Worm","floor":3,"turns":3},{"damage":22,"enemies":"3 Sentries","floor":6,"turns":10},{"damage":0,"enemies":"2 Louse","floor":7,"turns":2},{"damage":12,"enemies":"Gremlin Nob","floor":8,"turns":3},{"damage":6,"enemies":"Lagavulin","floor":11,"turns":4},{"damage":4,"enemies":"Blue Slaver","floor":12,"turns":4},{"damage":0,"enemies":"Exordium Wildlife","floor":14,"turns":2},{"damage":37,"enemies":"Hexaghost","floor":16,"turns":9},{"damage":6,"enemies":"Spheric Guardian","floor":18,"turns":3},{"damage":4,"enemies":"Masked Bandits","floor":19,"turns":2},{"damage":7,"enemies":"Chosen","floor":20,"turns":6},{"damage":6,"enemies":"3 Cultists","floor":21,"turns":3},{"damage":6,"enemies":"Snake Plant","floor":22,"turns":4},{"damage":12,"enemies":"Book of Stabbing","floor":24,"turns":4},{"damage":7,"enemies":"Snecko","floor":25,"turns":6},{"damage":13,"enemies":"Gremlin Leader","floor":28,"turns":4},{"damage":7,"enemies":"Slavers","floor":31,"turns":4},{"damage":41,"enemies":"Champ","floor":33,"turns":11},{"damage":1,"enemies":"Orb Walker","floor":35,"turns":1},{"damage":6,"enemies":"3 Shapes","floor":38,"turns":3},{"damage":1,"enemies":"Sphere and 2 Shapes","floor":39,"turns":3},{"damage":6,"enemies":"Giant Head","floor":41,"turns":6},{"damage":7,"enemies":"Reptomancer","floor":45,"turns":2},{"damage":6,"enemies":"4 Shapes","floor":47,"turns":1},{"damage":1,"enemies":"3 Darklings","floor":48,"turns":5},{"damage":7,"enemies":"Time Eater","floor":50,"turns":4},{"damage":2,"enemies":"Awakened One","floor":51,"turns":7},{"damage":26,"enemies":"Shield and Spear","floor":55,"turns":5},{"damage":14,"enemies":"The Heart","floor":56,"turns":9}],"seed_played":"3535662823491280850","potions_obtained":[{"floor":1,"key":"SteroidPotion"},{"floor":3,"key":"AttackPotion"},{"floor":11,"key":"Strength Potion"},{"floor":16,"key":"EntropicBrew"},{"floor":41,"key":"BloodPotion"},{"floor":48,"key":"SkillPotion"}],"is_trial":false,"path_per_floor":["M","?","M","$","?","E","M","E","T","R","E","M","R","M","R","B",null,"M","?","M","M","M","R","E","M","T","R","E","?","?","E","R","B",null,"M","?","?","M","M","R","E","R","T","?","E","R","M","M","R","B","B",null,"R","$","E","B",null],"character_chosen":"IRONCLAD","items_purchased":["Feel No Pain","Rampage","Impervious","Ice Cream","Letter Opener"],"campfire_rested":0,"item_purchase_floors":[4,4,54,54,54],"current_hp_per_floor":[70,70,64,64,53,37,43,37,37,37,37,39,39,45,45,14,60,60,62,61,61,61,61,55,54,54,54,47,37,37,50,50,15,42,47,47,47,47,48,48,48,48,48,48,47,47,47,48,48,47,48,48,48,48,38,30],"gold":210,"neow_bonus":"UPGRADE_CARD","is_prod":false,"is_daily":false,"chose_seed":false,"campfire_upgraded":7,"win_rate":0,"timestamp":1554889302,"path_taken":["M","?","M","$","?","E","M","E","T","R","E","M","R","M","R","BOSS","M","?","M","M","M","R","E","M","T","R","E","?","?","E","R","BOSS","M","?","?","M","M","R","E","R","T","?","E","R","?","M","R","BOSS","BOSS","R","$","E","BOSS"],"build_version":"2019-01-23","purchased_purges":1,"victory":true,"max_hp_per_floor":[75,75,75,75,75,75,75,75,75,75,75,75,75,75,75,75,75,75,75,75,75,75,75,75,75,75,75,75,37,37,51,51,51,51,51,51,48,48,48,48,48,48,48,48,48,48,48,48,48,48,48,48,48,48,58,58],"card_choices":[{"not_picked":["Sentinel","Clash"],"picked":"Twin Strike","floor":1},{"not_picked":["Twin Strike","Thunderclap"],"picked":"Clothesline","floor":3},{"not_picked":["Heavy Blade","Combust"],"picked":"Offering","floor":6},{"not_picked":["Entrench","Clothesline+1"],"picked":"Burning Pact","floor":7},{"not_picked":["Heavy Blade+1","Flex"],"picked":"Fiend Fire+1","floor":8},{"not_picked":["Clothesline+1","Entrench","Fiend Fire+1"],"picked":"SKIP","floor":11},{"not_picked":["Dual Wield","Clothesline+1"],"picked":"True Grit","floor":12},{"not_picked":["Bloodletting","Power Through"],"picked":"Pommel Strike+1","floor":14},{"not_picked":["Limit Break","Impervious"],"picked":"Immolate+1","floor":16},{"not_picked":["Pummel+1","Second Wind"],"picked":"Battle Trance","floor":17},{"not_picked":["Clothesline+1","Seeing Red"],"picked":"Power Through","floor":17},{"not_picked":["Rage","Flex"],"picked":"Flame Barrier","floor":17},{"not_picked":["Body Slam+1","Wild Strike+1"],"picked":"Thunderclap+1","floor":17},{"not_picked":["True Grit","Pommel Strike+1"],"picked":"Shrug It Off","floor":18},{"not_picked":["Bludgeon+1","Wild Strike+1"],"picked":"Corruption","floor":19},{"not_picked":["Sword Boomerang+1","Clothesline+1"],"picked":"Uppercut+1","floor":20},{"not_picked":["Anger+1","Sword Boomerang+1","Corruption"],"picked":"SKIP","floor":21},{"not_picked":["Pommel Strike+1","Corruption"],"picked":"Disarm","floor":22},{"not_picked":["Pommel Strike+1","Rupture"],"picked":"Spot Weakness+1","floor":24},{"not_picked":["Rage","Entrench"],"picked":"Spot Weakness","floor":25},{"not_picked":["Wild Strike+1","Sword Boomerang+1","Carnage+1"],"picked":"SKIP","floor":25},{"not_picked":["Headbutt+1","Reckless Charge+1"],"picked":"Barricade","floor":28},{"not_picked":["Flame Barrier","Headbutt+1"],"picked":"Limit Break","floor":31},{"not_picked":["Limit Break","Offering"],"picked":"Dark Embrace","floor":33},{"not_picked":["Uppercut+1","Flex"],"picked":"Entrench","floor":35},{"not_picked":["Warcry","Clash+1","Second Wind"],"picked":"SKIP","floor":35},{"not_picked":["Body Slam+1","Sever Soul+1"],"picked":"Battle Trance","floor":38},{"not_picked":["Rage","Rupture","Flex"],"picked":"SKIP","floor":38},{"not_picked":["Iron Wave+1","Rage","Twin Strike+1"],"picked":"SKIP","floor":39},{"not_picked":["Clash+1","Havoc","Wild Strike+1"],"picked":"SKIP","floor":39},{"not_picked":["Metallicize","Clothesline+1"],"picked":"Body Slam+1","floor":41},{"not_picked":["Brutality","Thunderclap+1","Armaments"],"picked":"SKIP","floor":45},{"not_picked":["Anger+1","Sword Boomerang+1","Twin Strike+1"],"picked":"SKIP","floor":47},{"not_picked":["Headbutt+1","Infernal Blade+1","Cleave+1"],"picked":"SKIP","floor":47},{"not_picked":["Warcry","Reckless Charge+1","Fire Breathing"],"picked":"SKIP","floor":48},{"not_picked":["Sword Boomerang+1","Flex","Dropkick+1"],"picked":"SKIP","floor":48},{"not_picked":["Battle Trance","Flex"],"picked":"Impervious","floor":55}],"player_experience":1574201,"relics_obtained":[{"floor":6,"key":"Molten Egg 2"},{"floor":8,"key":"Whetstone"},{"floor":9,"key":"Gremlin Horn"},{"floor":11,"key":"War Paint"},{"floor":19,"key":"Red Mask"},{"floor":24,"key":"Prayer Wheel"},{"floor":26,"key":"Ancient Tea Set"},{"floor":28,"key":"Girya"},{"floor":31,"key":"Mango"},{"floor":41,"key":"Du-Vu Doll"},{"floor":45,"key":"Pocketwatch"},{"floor":55,"key":"Pear"}],"event_choices":[{"damage_healed":0,"gold_gain":0,"player_choice":"Grow","damage_taken":0,"max_hp_gain":0,"max_hp_loss":0,"event_name":"Living Wall","floor":2,"gold_loss":0,"cards_upgraded":["Twin Strike"]},{"damage_healed":0,"gold_gain":75,"player_choice":"Gather Gold","damage_taken":11,"max_hp_gain":0,"max_hp_loss":0,"event_name":"World of Goop","floor":5,"gold_loss":0},{"damage_healed":0,"gold_gain":0,"player_choice":"Fought Bandits","damage_taken":0,"max_hp_gain":0,"max_hp_loss":0,"event_name":"Masked Bandits","floor":19,"gold_loss":0},{"damage_healed":0,"gold_gain":0,"player_choice":"Became a Ghost","damage_taken":0,"max_hp_gain":0,"max_hp_loss":38,"event_name":"Ghosts","floor":29,"gold_loss":0,"cards_obtained":["Ghostly","Ghostly","Ghostly"]},{"damage_healed":0,"gold_gain":0,"player_choice":"Read","damage_taken":0,"max_hp_gain":0,"max_hp_loss":0,"event_name":"The Library","floor":30,"gold_loss":0,"cards_obtained":["Body Slam"]},{"damage_healed":0,"gold_gain":222,"player_choice":"Wore Mask","damage_taken":0,"max_hp_gain":0,"max_hp_loss":0,"event_name":"Tomb of Lord Red Mask","floor":36,"gold_loss":0},{"damage_healed":0,"gold_gain":0,"player_choice":"Max HP","damage_taken":0,"max_hp_gain":0,"max_hp_loss":3,"event_name":"Winding Halls","floor":37,"gold_loss":0},{"damage_healed":0,"gold_gain":0,"player_choice":"Copied","damage_taken":0,"max_hp_gain":0,"max_hp_loss":0,"event_name":"Duplicator","floor":44,"gold_loss":0,"cards_obtained":["Offering"]}],"is_beta":false,"boss_relics":[{"not_picked":["Eternal Feather","Lizard Tail"],"picked":"Orrery"},{"not_picked":["White Beast Statue","Black Star"],"picked":"Snecko Eye"}],"items_purged_floors":[54],"is_endless":false,"potions_floor_spawned":[1,3,7,11,16,20,21,24,28,41,48],"ascension_level":20}