{"gold_per_floor":[114,127,138,138,111,138,138,169,237,254,254,272,272,306,306,410,410,421,433,210,229,21,55,55,80,80,80,115,134,146,180,180,180],"floor_reached":33,"playtime":4915,"items_purged":[],"score":456,"play_id":"f7aad3c6-f547-4dc4-9813-ff9c4deff02c","local_time":"20190409131759","is_ascension_mode":true,"campfire_choices":[{"data":"Clothesline","floor":7.0,"key":"SMITH"},{"floor":11.0,"key":"REST"},{"floor":13.0,"key":"REST"},{"data":"Pommel Strike","floor":15.0,"key":"SMITH"},{"floor":24,"key":"REST"},{"floor":32,"key":"REST"}],"neow_cost":"NONE","seed_source_timestamp":0,"circlet_count":0,"master_deck":["Strike_R","Strike_R","Strike_R","Strike_R","Strike_R","Defend_R","Defend_R","Defend_R","Defend_R","Bash","Cleave","Clothesline+1","Carnage","Flex","Rampage","Pommel Strike+1","Shrug It Off","Feed","Shrug It Off+1","Juggernaut","Battle Trance","Entrench","Exhume","Ghostly Armor","Pommel Strike+1","Rage"],"special_seed":0,"relics":["Burning Blood","Omamori","Turnip","Lantern","Question Card","Paper Frog","Kunai","Fusion Hammer","Bag of Preparation","Sling","Champion Belt","Darkstone Periapt","Dodecahedron","Singing Bowl","Ornamental Fan"],"potions_floor_usage":[18,28,28,30,31,31],"damage_taken":[{"damage":3.0,"enemies":"Jaw Worm","floor":1.0,"turns":5.0},{"damage":2.0,"enemies":"2 Louse","floor":2.0,"turns":3.0},{"damage":4.0,"enemies":"Small Slimes","floor":3.0,"turns":3.0},{"damage":24.0,"enemies":"Gremlin Nob","floor":6.0,"turns":4.0},{"damage":29.0,"enemies":"Lagavulin","floor":8.0,"turns":7.0},{"damage":0.0,"enemies":"Gremlin Gang","floor":10.0,"turns":1.0},{"damage":5.0,"enemies":"Large Slime","floor":12.0,"turns":4.0},{"damage":8.0,"enemies":"Gremlin Nob","floor":14.0,"turns":3.0},{"damage":60.0,"enemies":"Hexaghost","floor":16.0,"turns":12.0},{"damage":12,"enemies":"3 Byrds","floor":18,"turns":5},{"damage":11,"enemies":"2 Thieves","floor":19,"turns":4},{"damage":11,"enemies":"Chosen and Byrds","floor":21,"turns":7},{"damage":34,"enemies":"Slavers","floor":23,"turns":5},{"damage":35,"enemies":"Book of Stabbing","floor":25,"turns":6},{"damage":12,"enemies":"Slavers","floor":28,"turns":6},{"damage":0,"enemies":"Snake Plant","floor":29,"turns":4},{"damage":11,"enemies":"Cultist and Chosen","floor":30,"turns":7},{"damage":28,"enemies":"Book of Stabbing","floor":31,"turns":5},{"damage":79,"enemies":"Champ","floor":33,"turns":14}],"seed_played":"-1820816514886857871","potions_obtained":[{"floor":2.0,"key":"Explosive Potion"},{"floor":6.0,"key":"Block Potion"},{"floor":8.0,"key":"Strength Potion"},{"floor":16.0,"key":"Regen Potion"},{"floor":19,"key":"SkillPotion"},{"floor":23,"key":"Dexterity Potion"},{"floor":25,"key":"Regen Potion"},{"floor":29,"key":"AttackPotion"},{"floor":30,"key":"Swift Potion"}],"is_trial":false,"path_per_floor":["M","M","M","?","$","E","R","E","T","M","R","M","R","E","R","B",null,"M","M","$","M","$","E","R","E","T","?","E","M","M","E","R","B"],"character_chosen":"IRONCLAD","items_purchased":["Flex","Bag of Preparation","Battle Trance","Sling"],"campfire_rested":4,"item_purchase_floors":[5,20,20,22],"current_hp_per_floor":[80,80,80,55,55,37,37,14,14,20,44,45,69,67,67,13,63,74,69,69,67,67,42,68,39,39,22,34,45,40,21,52,0],"gold":180,"neow_bonus":"RANDOM_COMMON_RELIC","is_prod":false,"is_daily":false,"chose_seed":false,"campfire_upgraded":2,"win_rate":0,"timestamp":1554841079,"path_taken":["M","M","M","?","$","E","R","E","T","M","R","M","R","E","R","BOSS","M","M","$","M","$","E","R","E","T","?","E","M","M","E","R","BOSS"],"build_version":"2019-01-23","purchased_purges":0,"victory":false,"max_hp_per_floor":[80,80,80,80,80,80,80,80,80,80,80,80,80,80,80,80,80,83,83,83,86,86,89,89,89,89,94,97,102,102,105,105,105],"card_choices":[{"not_picked":["Sever Soul","Iron Wave"],"picked":"Cleave","floor":1.0},{"not_picked":["Anger","Heavy Blade"],"picked":"Clothesline","floor":2.0},{"not_picked":["Flex","Intimidate"],"picked":"Carnage","floor":3.0},{"not_picked":["Thunderclap","Combust"],"picked":"Rampage","floor":6.0},{"not_picked":["Iron Wave","Wild Strike"],"picked":"Pommel Strike","floor":8.0},{"not_picked":["Disarm","Dark Embrace","Headbutt","Flex"],"picked":"SKIP","floor":10.0},{"not_picked":["Pommel Strike","Disarm","Perfected Strike","Anger"],"picked":"SKIP","floor":12.0},{"not_picked":["Searing Blow","Flex","Havoc"],"picked":"Shrug It Off","floor":14.0},{"not_picked":["Dark Embrace","Reaper","Double Tap"],"picked":"Feed","floor":16.0},{"not_picked":["Warcry+1","Sword Boomerang+1","Wild Strike"],"picked":"Shrug It Off+1","floor":18},{"not_picked":["Flex","Thunderclap","Wild Strike"],"picked":"Juggernaut","floor":19},{"not_picked":["Sword Boomerang+1","Twin Strike","Seeing Red"],"picked":"Entrench","floor":21},{"not_picked":["Cleave","Heavy Blade+1","Disarm","Pommel Strike"],"picked":"SKIP","floor":23},{"not_picked":["Heavy Blade+1","Flex","Whirlwind"],"picked":"Exhume","floor":25},{"not_picked":["Twin Strike","Shrug It Off","Hemokinesis+1"],"picked":"Ghostly Armor","floor":28},{"not_picked":["Rampage","Heavy Blade","Twin Strike","Disarm"],"picked":"Singing Bowl","floor":29},{"not_picked":["Twin Strike+1","Body Slam","Rampage+1"],"picked":"Pommel Strike+1","floor":30},{"not_picked":["Corruption","Entrench","Disarm"],"picked":"Rage","floor":31}],"player_experience":539709,"relics_obtained":[{"floor":6.0,"key":"Lantern"},{"floor":8.0,"key":"Question Card"},{"floor":9.0,"key":"Paper Frog"},{"floor":14.0,"key":"Kunai"},{"floor":23,"key":"Champion Belt"},{"floor":25,"key":"Darkstone Periapt"},{"floor":26,"key":"Dodecahedron"},{"floor":28,"key":"Singing Bowl"},{"floor":31,"key":"Ornamental Fan"}],"event_choices":[{"damage_healed":0.0,"max_hp_gain":0.0,"max_hp_loss":0.0,"gold_gain":0.0,"event_name":"Scrap Ooze","player_choice":"Success","floor":4.0,"gold_loss":0.0,"damage_taken":25.0,"relics_obtained":["Turnip"]},{"damage_healed":0,"gold_gain":0,"player_choice":"Shed Blood","damage_taken":22,"max_hp_gain":5,"max_hp_loss":0,"event_name":"Forgotten Altar","floor":27,"gold_loss":0}],"is_beta":false,"boss_relics":[{"not_picked":["Pandora\u0027s Box","Orrery"],"picked":"Fusion Hammer"}],"items_purged_floors":[],"is_endless":false,"potions_floor_spawned":[2,6,8,16,19,23,25,29,30],"killed_by":"Champ","ascension_level":5}