{"gold_per_floor":[11,11,31,45,45,78,99,132,132,157,157,157,157,171,171,264,264,184,184,184,7,7,7,7,7,7,7,7,7,7,7,7,7,7,7,7,7,7,7,7,7,7,7,7,7,7,7,7,7,7],"floor_reached":50,"playtime":2055,"items_purged":[],"score":1484,"play_id":"791113c9-8fcb-4494-82f7-c3e1391c9263","local_time":"20190426003839","is_ascension_mode":true,"campfire_choices":[{"data":"Consume","floor":12.0,"key":"SMITH"},{"data":"Loop","floor":15.0,"key":"SMITH"},{"data":"Buffer","floor":23.0,"key":"SMITH"},{"data":"Darkness","floor":27.0,"key":"SMITH"},{"floor":29.0,"key":"REST"},{"data":"Sunder","floor":32.0,"key":"SMITH"},{"floor":45.0,"key":"REST"},{"data":"Storm","floor":47.0,"key":"SMITH"},{"floor":49.0,"key":"RECALL"}],"neow_cost":"NO_GOLD","seed_source_timestamp":0,"circlet_count":0,"master_deck":["AscendersBane","Strike_B+1","Strike_B+1","Strike_B+1","Strike_B+1","Defend_B+1","Defend_B+1","Defend_B+1","Defend_B+1","Zap+1","Dualcast","Ball Lightning","Coolheaded","Consume+1","Conserve Battery+1","Ball Lightning","Sweeping Beam","Auto Shields","Loop+1","Buffer+1","White Noise+1","Self Repair","Cold Snap","Darkness+1","Turbo","Sunder+1","Electrodynamics","Storm+1","Dark Shackles","Heatsinks","Biased Cognition","Barrage","Thunder Strike","Double Energy"],"special_seed":0,"relics":["Cracked Core","StoneCalendar","Lantern","Odd Mushroom","Turnip","Mummified Hand","Nunchaku","Bloody Idol","Ectoplasm","Unceasing Top","Oddly Smooth Stone","Shuriken","Inserter","WingedGreaves","War Paint","Mercury Hourglass","Anchor","Centennial Puzzle","MawBank"],"potions_floor_usage":[50],"damage_taken":[{"damage":2.0,"enemies":"Jaw Worm","floor":1.0,"turns":3.0},{"damage":1.0,"enemies":"Cultist","floor":3.0,"turns":3.0},{"damage":10.0,"enemies":"2 Louse","floor":4.0,"turns":3.0},{"damage":13.0,"enemies":"Lagavulin","floor":6.0,"turns":6.0},{"damage":7.0,"enemies":"The Mushroom Lair","floor":7.0,"turns":3.0},{"damage":9.0,"enemies":"Gremlin Nob","floor":8.0,"turns":3.0},{"damage":6.0,"enemies":"3 Sentries","floor":10.0,"turns":6.0},{"damage":2.0,"enemies":"Looter","floor":14.0,"turns":3.0},{"damage":9.0,"enemies":"Hexaghost","floor":16.0,"turns":7.0},{"damage":17.0,"enemies":"2 Thieves","floor":18.0,"turns":3.0},{"damage":0.0,"enemies":"Shell Parasite","floor":22.0,"turns":6.0},{"damage":0.0,"enemies":"Gremlin Leader","floor":24.0,"turns":7.0},{"damage":8.0,"enemies":"Snake Plant","floor":25.0,"turns":4.0},{"damage":37.0,"enemies":"Book of Stabbing","floor":28.0,"turns":7.0},{"damage":10.0,"enemies":"Cultist and Chosen","floor":30.0,"turns":5.0},{"damage":26.0,"enemies":"Collector","floor":33.0,"turns":8.0},{"damage":39.0,"enemies":"3 Darklings","floor":35.0,"turns":5.0},{"damage":0.0,"enemies":"Mind Bloom Boss Battle","floor":36.0,"turns":6.0},{"damage":0.0,"enemies":"Orb Walker","floor":39.0,"turns":3.0},{"damage":33.0,"enemies":"Giant Head","floor":40.0,"turns":7.0},{"damage":0.0,"enemies":"Nemesis","floor":41.0,"turns":7.0},{"damage":27.0,"enemies":"Reptomancer","floor":42.0,"turns":4.0},{"damage":0.0,"enemies":"Transient","floor":44.0,"turns":6.0},{"damage":0.0,"enemies":"Nemesis","floor":46.0,"turns":4.0},{"damage":19.0,"enemies":"Reptomancer","floor":48.0,"turns":5.0},{"damage":39,"enemies":"Time Eater","floor":50,"turns":5}],"seed_played":"-1091332086906888864","potions_obtained":[{"floor":1.0,"key":"Block Potion"},{"floor":3.0,"key":"Swift Potion"},{"floor":6.0,"key":"AttackPotion"},{"floor":8.0,"key":"Swift Potion"},{"floor":16.0,"key":"SteroidPotion"},{"floor":25.0,"key":"EssenceOfSteel"},{"floor":28.0,"key":"Strength Potion"},{"floor":30.0,"key":"Block Potion"},{"floor":35.0,"key":"Regen Potion"},{"floor":40.0,"key":"Explosive Potion"},{"floor":44.0,"key":"Swift Potion"}],"is_trial":false,"path_per_floor":["M","?","M","M","$","E","?","E","T","E","?","R","?","M","R","B",null,"M","?","?","$","M","R","E","M","T","R","E","R","M","$","R","B",null,"M","?","?","?","M","E","E","E","T","M","R","E","R","E","R","B"],"character_chosen":"DEFECT","items_purchased":["White Noise","Self Repair","Cold Snap"],"campfire_rested":2,"item_purchase_floors":[21,21,21],"current_hp_per_floor":[62,62,61,51,51,38,31,22,22,16,16,16,16,14,14,5,49,32,32,32,32,39,39,46,45,45,45,15,34,31,31,31,12,51,19,26,16,52,52,26,33,13,13,20,35,42,42,30,30,0],"gold":7,"neow_bonus":"ONE_RARE_RELIC","is_prod":false,"is_daily":false,"chose_seed":false,"campfire_upgraded":6,"win_rate":0,"timestamp":1556231919,"path_taken":["M","?","?","M","$","E","?","E","T","E","?","R","?","M","R","BOSS","M","?","?","$","M","R","E","?","T","R","E","R","M","?","R","BOSS","M","?","?","?","M","E","E","E","T","M","R","E","R","E","R","BOSS"],"build_version":"2019-01-23","purchased_purges":0,"victory":false,"max_hp_per_floor":[71,71,71,71,71,71,71,71,71,71,71,71,64,64,64,64,64,64,64,64,64,64,64,64,64,64,64,64,64,64,64,64,64,64,64,64,64,52,52,52,52,52,52,52,52,52,52,52,52,52],"card_choices":[{"not_picked":["Consume","Loop"],"picked":"Ball Lightning","floor":1.0},{"not_picked":["Go for the Eyes","Self Repair"],"picked":"Coolheaded","floor":3.0},{"not_picked":["Storm","Melter"],"picked":"Consume","floor":4.0},{"not_picked":["Skim","Force Field"],"picked":"Conserve Battery","floor":6.0},{"not_picked":["Chill","Redo"],"picked":"Ball Lightning","floor":7.0},{"not_picked":["Barrage","Amplify"],"picked":"Sweeping Beam","floor":8.0},{"not_picked":["Turbo","Recycle"],"picked":"Auto Shields","floor":10.0},{"not_picked":["Melter","Streamline"],"picked":"Loop","floor":14.0},{"not_picked":["Fission","Hyperbeam"],"picked":"Buffer","floor":16.0},{"not_picked":["Steam","Hello World","Tempest"],"picked":"SKIP","floor":18.0},{"not_picked":["Blizzard","Steam+1","Rebound+1"],"picked":"SKIP","floor":22.0},{"not_picked":["Steam","Go for the Eyes"],"picked":"Darkness","floor":24.0},{"not_picked":["Ball Lightning","Compile Driver+1"],"picked":"Turbo","floor":25.0},{"not_picked":["Coolheaded","Skim"],"picked":"Sunder","floor":28.0},{"not_picked":["Barrage","Hologram","Melter"],"picked":"SKIP","floor":30.0},{"not_picked":["Fission","All For One"],"picked":"Electrodynamics","floor":33.0},{"not_picked":["Hologram","Go for the Eyes"],"picked":"Storm","floor":35.0},{"not_picked":["Dramatic Entrance","Good Instincts"],"picked":"Dark Shackles","floor":37.0},{"not_picked":["Barrage","Darkness+1"],"picked":"Heatsinks","floor":39.0},{"not_picked":["Beam Cell","Rebound+1"],"picked":"Biased Cognition","floor":40.0},{"not_picked":["Ball Lightning","Leap"],"picked":"Barrage","floor":41.0},{"not_picked":["Streamline+1","Steam Power","Gash+1"],"picked":"SKIP","floor":42.0},{"not_picked":["Reinforced Body","Leap","FTL+1"],"picked":"SKIP","floor":44.0},{"not_picked":["Reinforced Body","Leap","FTL+1"],"picked":"SKIP","floor":44.0},{"not_picked":["Go for the Eyes","Aggregate"],"picked":"Thunder Strike","floor":46.0},{"not_picked":["Tempest","Darkness+1"],"picked":"Double Energy","floor":48.0}],"player_experience":1624886,"relics_obtained":[{"floor":6.0,"key":"Lantern"},{"floor":7.0,"key":"Odd Mushroom"},{"floor":8.0,"key":"Turnip"},{"floor":9.0,"key":"Mummified Hand"},{"floor":10.0,"key":"Nunchaku"},{"floor":24.0,"key":"Unceasing Top"},{"floor":26.0,"key":"Oddly Smooth Stone"},{"floor":28.0,"key":"Shuriken"},{"floor":36.0,"key":"WingedGreaves"},{"floor":40.0,"key":"War Paint"},{"floor":41.0,"key":"Mercury Hourglass"},{"floor":42.0,"key":"Anchor"},{"floor":46.0,"key":"Centennial Puzzle"},{"floor":48.0,"key":"MawBank"}],"event_choices":[{"damage_healed":0.0,"max_hp_gain":0.0,"max_hp_loss":0.0,"gold_gain":0.0,"event_name":"Upgrade Shrine","player_choice":"Upgraded","floor":2.0,"gold_loss":0.0,"damage_taken":0.0,"cards_upgraded":["Zap"]},{"damage_healed":0.0,"max_hp_gain":0.0,"max_hp_loss":0.0,"gold_gain":0.0,"event_name":"Mushrooms","player_choice":"Fought Mushrooms","floor":7.0,"gold_loss":0.0,"damage_taken":0.0},{"damage_healed":0.0,"max_hp_gain":0.0,"max_hp_loss":0.0,"gold_gain":0.0,"event_name":"Shining Light","player_choice":"Ignored","floor":11.0,"gold_loss":0.0,"damage_taken":0.0},{"damage_healed":0.0,"max_hp_gain":0.0,"max_hp_loss":7.0,"gold_gain":0.0,"event_name":"Golden Idol","player_choice":"Lose Max HP","floor":13.0,"gold_loss":0.0,"damage_taken":0.0,"relics_obtained":["Golden Idol"]},{"damage_healed":0.0,"max_hp_gain":0.0,"max_hp_loss":0.0,"gold_gain":0.0,"event_name":"Back to Basics","player_choice":"Simplicity","floor":19.0,"gold_loss":0.0,"damage_taken":0.0,"cards_upgraded":["Strike_B","Strike_B","Strike_B","Strike_B","Defend_B","Defend_B","Defend_B","Defend_B"]},{"damage_healed":0.0,"max_hp_gain":0.0,"max_hp_loss":0.0,"gold_gain":0.0,"event_name":"Forgotten Altar","player_choice":"Gave Idol","floor":20.0,"relics_lost":["Golden Idol"],"gold_loss":0.0,"damage_taken":0.0,"relics_obtained":["Bloody Idol"]},{"damage_healed":0.0,"max_hp_gain":0.0,"max_hp_loss":0.0,"gold_gain":0.0,"event_name":"MindBloom","player_choice":"Fight","floor":36.0,"gold_loss":0.0,"damage_taken":0.0},{"damage_healed":0.0,"max_hp_gain":0.0,"max_hp_loss":0.0,"gold_gain":0.0,"event_name":"SensoryStone","player_choice":"Memory 3","floor":37.0,"gold_loss":0.0,"damage_taken":10.0},{"damage_healed":52.0,"max_hp_gain":0.0,"max_hp_loss":12.0,"gold_gain":0.0,"event_name":"The Moai Head","player_choice":"Heal","floor":38.0,"gold_loss":0.0,"damage_taken":0.0}],"is_beta":false,"boss_relics":[{"not_picked":["Tiny House","Fusion Hammer"],"picked":"Ectoplasm"},{"not_picked":["Runic Pyramid","Eternal Feather"],"picked":"Inserter"}],"items_purged_floors":[],"is_endless":false,"potions_floor_spawned":[1,3,6,8,16,25,28,30,35,40,41,44,48],"killed_by":"Time Eater","ascension_level":20}