{"path_per_floor":["M","M","M","M","?","E","?","E","T","?","M","R","E","M","R","B",null,"M","M","$","?","M"],"character_chosen":"IRONCLAD","items_purchased":["Toolbox","Limit Break"],"gold_per_floor":[113,126,146,163,163,195,195,229,253,208,223,223,253,265,265,361,361,380,400,9,9,19,19],"floor_reached":23,"campfire_rested":1,"playtime":1306,"item_purchase_floors":[20,20],"current_hp_per_floor":[54,60,64,70,63,32,32,35,35,35,34,34,26,24,52,8,96,94,91,91,91,53,0],"items_purged":["Pain"],"gold":19,"score":281,"play_id":"8ee1ba31-dd2f-4fc6-b7a4-c205deb6d363","local_time":"20180522091021","is_prod":false,"is_daily":false,"chose_seed":false,"is_ascension_mode":true,"campfire_upgraded":1,"timestamp":1526973021,"campfire_choices":[{"data":"Body Slam","floor":12,"key":"SMITH"},{"floor":15,"key":"REST"}],"path_taken":["BOSS","M","M","M","M","?","E","?","E","T","?","M","R","E","M","R","BOSS","M","M","$","?","M","E"],"build_version":"2018-05-18","seed_source_timestamp":0,"purchased_purges":1,"victory":false,"master_deck":["Strike_R","Strike_R","Strike_R","Strike_R","Strike_R","Defend_R","Defend_R","Defend_R","Bash","Headbutt","Shrug It Off","Iron Wave","Flex","Bludgeon","Body Slam+1","Impervious","Clash","Thunderclap","Flame Barrier","Flex","Demon Form","Perfected Strike","Evolve","Limit Break","Whirlwind","Thunderclap+1"],"max_hp_per_floor":[96,96,96,96,96,96,96,96,96,96,96,96,96,96,96,96,96,96,96,96,96,96,96],"relics":["Burning Blood","Singing Bowl","Omamori","Ancient Tea Set","Orichalcum","Mark of Pain","Toolbox"],"card_choices":[{"not_picked":["Evolve","Bloodletting"],"picked":"Headbutt","floor":1},{"not_picked":["Havoc","Burning Pact"],"picked":"Shrug It Off","floor":2},{"not_picked":["Sword Boomerang","Bloodletting"],"picked":"Iron Wave","floor":3},{"not_picked":["Rage","Anger"],"picked":"Flex","floor":4},{"not_picked":["Sever Soul","Metallicize"],"picked":"Bludgeon","floor":6},{"not_picked":["Anger","Sentinel"],"picked":"Clash","floor":8},{"not_picked":["Clash","Power Through"],"picked":"Thunderclap","floor":11},{"not_picked":["Fire Breathing","Body Slam"],"picked":"Flame Barrier","floor":13},{"not_picked":["Twin Strike","Shrug It Off"],"picked":"Flex","floor":14},{"not_picked":["Impervious","Bludgeon"],"picked":"Demon Form","floor":16},{"not_picked":["Bloodletting","Reckless Charge+1"],"picked":"Perfected Strike","floor":18},{"not_picked":["Havoc","Warcry"],"picked":"Evolve","floor":19},{"not_picked":["Flex","Hemokinesis+1"],"picked":"Thunderclap+1","floor":22}],"player_experience":187139,"potions_floor_usage":[8,8,13,14,23],"damage_taken":[{"damage":0,"enemies":"Small Slimes","floor":1,"turns":3},{"damage":0,"enemies":"2 Louse","floor":2,"turns":2},{"damage":2,"enemies":"Jaw Worm","floor":3,"turns":3},{"damage":0,"enemies":"Exordium Wildlife","floor":4,"turns":3},{"damage":37,"enemies":"Lagavulin","floor":6,"turns":7},{"damage":17,"enemies":"3 Sentries","floor":8,"turns":6},{"damage":7,"enemies":"3 Louse","floor":11,"turns":4},{"damage":14,"enemies":"Lagavulin","floor":13,"turns":5},{"damage":8,"enemies":"Lots of Slimes","floor":14,"turns":2},{"damage":50,"enemies":"Slime Boss","floor":16,"turns":12},{"damage":8,"enemies":"3 Byrds","floor":18,"turns":4},{"damage":9,"enemies":"Chosen","floor":19,"turns":5},{"damage":44,"enemies":"Centurion and Healer","floor":22,"turns":7},{"damage":62,"enemies":"Gremlin Leader","floor":23,"turns":7}],"relics_obtained":[{"floor":6,"key":"Singing Bowl"},{"floor":8,"key":"Omamori"},{"floor":9,"key":"Ancient Tea Set"},{"floor":13,"key":"Orichalcum"}],"event_choices":[{"event_name":"Golden Wing","player_choice":"Card Removal","floor":5,"damage_taken":0},{"event_name":"Match and Keep!","player_choice":"3 cards matched","floor":7,"damage_taken":0},{"event_name":"World of Goop","player_choice":"Left","floor":10,"damage_taken":0},{"event_name":"The Library","player_choice":"Read","floor":21,"damage_taken":0}],"boss_relics":[{"not_picked":["Black Star","Lizard Tail"],"picked":"Mark of Pain"}],"items_purged_floors":[20],"potions_floor_spawned":[3,4,6,13,22],"seed_played":"-8926109700831937209","killed_by":"Gremlin Leader","ascension_level":4,"potions_obtained":[{"floor":3,"key":"Explosive Potion"},{"floor":4,"key":"Energy Potion"},{"floor":6,"key":"Regen Potion"},{"floor":13,"key":"Explosive Potion"},{"floor":22,"key":"LiquidBronze"}],"is_trial":false}