{"gold_per_floor":[215,140,56,56,73,73,104,72,72,72,102,102,117,150,150,150],"floor_reached":16,"playtime":498,"items_purged":[],"score":232,"play_id":"a6fbeb79-07c3-423d-892c-457850c3d91b","local_time":"20190723231141","is_ascension_mode":true,"campfire_choices":[{"data":"Endless Agony","floor":6,"key":"SMITH"},{"data":"Crippling Poison","floor":10,"key":"SMITH"},{"floor":15,"key":"REST"}],"neow_cost":"NONE","seed_source_timestamp":48471514456629,"circlet_count":0,"master_deck":["AscendersBane","Strike_G","Strike_G","Strike_G","Strike_G","Defend_G","Defend_G","Defend_G","Defend_G","Defend_G","Survivor","Neutralize","Bane","Footwork","Endless Agony+1","Deadly Poison","Crippling Poison+1","PiercingWail","Deflect","Burst"],"relics":["Ring of the Snake","MawBank","Letter Opener","Bag of Marbles","Turnip"],"potions_floor_usage":[11,14,16],"damage_taken":[{"damage":1,"enemies":"Small Slimes","floor":1,"turns":4},{"damage":1,"enemies":"Jaw Worm","floor":5,"turns":6},{"damage":26,"enemies":"3 Sentries","floor":7,"turns":16},{"damage":18,"enemies":"Gremlin Nob","floor":11,"turns":4},{"damage":1,"enemies":"2 Louse","floor":13,"turns":3},{"damage":6,"enemies":"Lagavulin","floor":14,"turns":6},{"damage":25,"enemies":"Slime Boss","floor":16,"turns":7}],"seed_played":"-7174266241028685144","potions_obtained":[{"floor":1,"key":"EssenceOfSteel"},{"floor":7,"key":"Energy Potion"},{"floor":11,"key":"Dexterity Potion"},{"floor":14,"key":"PowerPotion"}],"is_trial":false,"path_per_floor":["M","?","$","?","M","R","E","$","T","R","E","?","M","E","R","B"],"character_chosen":"THE_SILENT","items_purchased":["Footwork","Crippling Poison"],"campfire_rested":1,"item_purchase_floors":[3,8],"current_hp_per_floor":[58,58,58,58,57,57,31,31,31,31,13,13,12,6,25,0],"gold":150,"neow_bonus":"HUNDRED_GOLD","is_prod":false,"is_daily":false,"chose_seed":false,"campfire_upgraded":2,"win_rate":0,"timestamp":1563916301,"path_taken":["M","?","$","?","M","R","E","?","T","R","E","?","M","E","R","BOSS"],"build_version":"2019-07-17","purchased_purges":0,"victory":false,"max_hp_per_floor":[66,66,66,66,66,66,66,66,66,66,66,66,66,66,66,66],"card_choices":[{"not_picked":["Acrobatics","Deflect"],"picked":"Bane","floor":1},{"not_picked":["Slice","Outmaneuver"],"picked":"Endless Agony","floor":5},{"not_picked":["Cloak And Dagger","Dagger Throw"],"picked":"Deadly Poison","floor":7},{"not_picked":["Backflip","Heel Hook"],"picked":"PiercingWail","floor":11},{"not_picked":["Distraction","Prepared"],"picked":"Deflect","floor":13},{"not_picked":["Heel Hook","Slice"],"picked":"Burst","floor":14}],"player_experience":1831367,"relics_obtained":[{"floor":7,"key":"MawBank"},{"floor":9,"key":"Letter Opener"},{"floor":11,"key":"Bag of Marbles"},{"floor":14,"key":"Turnip"}],"event_choices":[{"cards_removed":["Strike_G"],"damage_healed":0,"gold_gain":0,"player_choice":"Card Removal","damage_taken":0,"max_hp_gain":0,"max_hp_loss":0,"event_name":"The Cleric","floor":2,"gold_loss":75},{"damage_healed":0,"gold_gain":0,"player_choice":"Ignored","damage_taken":0,"max_hp_gain":0,"max_hp_loss":0,"event_name":"Liars Game","floor":4,"gold_loss":0},{"damage_healed":0,"gold_gain":0,"player_choice":"Ignored","damage_taken":0,"max_hp_gain":0,"max_hp_loss":0,"event_name":"Golden Wing","floor":12,"gold_loss":0}],"is_beta":false,"boss_relics":[],"items_purged_floors":[],"is_endless":false,"potions_floor_spawned":[1,7,11,14],"killed_by":"Slime Boss","ascension_level":20}