{"gold_per_floor":[16,116,131,146,161,161,161,192,192,208,208,233,233,100,100,100],"floor_reached":16,"playtime":1115,"items_purged":["Strike_R"],"score":220,"play_id":"b4af07ca-4a34-40a9-a28d-5ee951312aee","local_time":"20190916152843","is_ascension_mode":true,"campfire_choices":[{"data":"Bash","floor":6.0,"key":"SMITH"},{"data":"Anger","floor":13.0,"key":"SMITH"},{"data":"Pommel Strike","floor":15.0,"key":"SMITH"}],"neow_cost":"NO_GOLD","seed_source_timestamp":0,"circlet_count":0,"master_deck":["AscendersBane","Strike_R","Strike_R","Strike_R","Strike_R","Defend_R","Defend_R","Defend_R","Defend_R","Bash+1","Impervious","Headbutt","Pommel Strike+1","Anger+1","Battle Trance","Infernal Blade","Offering+1","Warcry+1"],"special_seed":0,"relics":["Burning Blood","Self Forming Clay","Letter Opener","Question Card","Toxic Egg 2"],"potions_floor_usage":[],"damage_taken":[{"damage":2.0,"enemies":"2 Louse","floor":1.0,"turns":4.0},{"damage":6.0,"enemies":"Cultist","floor":3.0,"turns":3.0},{"damage":0.0,"enemies":"Small Slimes","floor":4.0,"turns":4.0},{"damage":59.0,"enemies":"Exordium Thugs","floor":5.0,"turns":8.0},{"damage":21.0,"enemies":"3 Sentries","floor":8.0,"turns":8.0},{"damage":3.0,"enemies":"3 Louse","floor":10.0,"turns":4.0},{"damage":22.0,"enemies":"Lagavulin","floor":12.0,"turns":6.0},{"damage":24,"enemies":"Slime Boss","floor":16,"turns":5}],"seed_played":"4293011889443290513","potions_obtained":[{"floor":3.0,"key":"Ancient Potion"},{"floor":8.0,"key":"SpeedPotion"},{"floor":12.0,"key":"DuplicationPotion"}],"is_trial":false,"path_per_floor":["M","?","M","M","M","R","?","E","T","M","?","E","R","$","R","B"],"character_chosen":"IRONCLAD","items_purchased":["Warcry+1"],"campfire_rested":0,"item_purchase_floors":[14],"current_hp_per_floor":[72,72,72,75,22,22,22,7,7,10,35,19,19,19,19,0],"gold":100,"neow_bonus":"THREE_RARE_CARDS","is_prod":false,"is_daily":false,"chose_seed":false,"campfire_upgraded":3,"win_rate":0,"timestamp":1568640523,"path_taken":["M","?","?","M","M","R","?","E","T","?","?","E","R","$","R","BOSS"],"build_version":"2019-09-12","purchased_purges":1,"victory":false,"max_hp_per_floor":[75,75,75,75,75,75,75,75,75,75,75,75,75,75,75,75],"card_choices":[{"not_picked":["Berserk","Exhume"],"picked":"Impervious","floor":0.0},{"not_picked":["Iron Wave","Warcry"],"picked":"Headbutt","floor":1.0},{"not_picked":["Rage","Corruption","Searing Blow"],"picked":"SKIP","floor":3.0},{"not_picked":["Thunderclap","Iron Wave"],"picked":"Pommel Strike","floor":4.0},{"not_picked":["Iron Wave","Clash"],"picked":"Anger","floor":5.0},{"not_picked":["Impervious","Sword Boomerang"],"picked":"Battle Trance","floor":8.0},{"not_picked":["Iron Wave","Sentinel","Headbutt"],"picked":"Infernal Blade","floor":10.0},{"not_picked":["Body Slam","Sword Boomerang","Rupture"],"picked":"Offering","floor":12.0}],"player_experience":2055172,"relics_obtained":[{"floor":8.0,"key":"Letter Opener"},{"floor":9.0,"key":"Question Card"},{"floor":12.0,"key":"Toxic Egg 2"}],"event_choices":[{"damage_healed":0.0,"max_hp_gain":0.0,"max_hp_loss":0.0,"gold_gain":100.0,"event_name":"Wheel of Change","player_choice":"Gold","floor":2.0,"gold_loss":0.0,"damage_taken":0.0},{"damage_healed":0.0,"max_hp_gain":0.0,"max_hp_loss":0.0,"gold_gain":0.0,"event_name":"WeMeetAgain","player_choice":"Gave Potion","floor":7.0,"gold_loss":0.0,"damage_taken":0.0,"relics_obtained":["Self Forming Clay"]},{"damage_healed":25.0,"max_hp_gain":0.0,"max_hp_loss":0.0,"gold_gain":0.0,"event_name":"Big Fish","player_choice":"Banana","floor":11.0,"gold_loss":0.0,"damage_taken":0.0}],"is_beta":true,"boss_relics":[],"items_purged_floors":[14],"is_endless":false,"potions_floor_spawned":[3,8,12],"killed_by":"Slime Boss","ascension_level":20}