{"gold_per_floor":[112,112,130,140,90,90,121,121,175,191,116,116,116,150,150,252,252,263,274,274,27,40,58,58,58,81,93,134,146,158,185,197,305,317,347,359,386,398,283,283,283],"floor_reached":41,"playtime":2850,"items_purged":[],"score":692,"play_id":"cd6be502-5af0-462f-99d7-69b98ab7067e","local_time":"20180915145236","is_ascension_mode":true,"campfire_choices":[{"data":"Defragment","floor":6,"key":"SMITH"},{"data":"Dualcast","floor":8,"key":"SMITH"},{"data":"Hello World","floor":12,"key":"SMITH"},{"data":"White Noise","floor":15,"key":"SMITH"},{"floor":24,"key":"REST"},{"floor":30,"key":"REST"},{"floor":32,"key":"REST"},{"floor":40,"key":"REST"}],"neow_cost":"NONE","seed_source_timestamp":3926661229136,"circlet_count":0,"master_deck":["Defend_B","Defend_B","Zap+1","Dualcast+1","AscendersBane","Glacier","Defragment+1","Sweeping Beam","FTL","Turbo","Hello World+1","White Noise+1","Seek","Rip and Tear+1","Cold Snap+1","Genetic Algorithm","Double Energy","Bite","Bite","Bite","Bite","Conserve Battery","Genetic Algorithm","Barrage","Creative AI","Capacitor","Force Field+1","Storm","Compile Driver"],"relics":["Cracked Core","Omamori","Tiny Chest","Juzu Bracelet","Fusion Hammer","Bronze Scales","Mummified Hand","MawBank","Ornamental Fan","Sozu"],"potions_floor_usage":[14,16,33,33],"damage_taken":[{"damage":2,"enemies":"Jaw Worm","floor":1,"turns":3},{"damage":0,"enemies":"Small Slimes","floor":3,"turns":2},{"damage":2,"enemies":"2 Louse","floor":4,"turns":3},{"damage":25,"enemies":"Lagavulin","floor":7,"turns":7},{"damage":1,"enemies":"Looter","floor":10,"turns":3},{"damage":4,"enemies":"Gremlin Nob","floor":14,"turns":4},{"damage":10,"enemies":"Slime Boss","floor":16,"turns":13},{"damage":1,"enemies":"Spheric Guardian","floor":18,"turns":3},{"damage":7,"enemies":"3 Byrds","floor":19,"turns":5},{"damage":8,"enemies":"3 Cultists","floor":22,"turns":4},{"damage":26,"enemies":"Snake Plant","floor":23,"turns":5},{"damage":32,"enemies":"Book of Stabbing","floor":28,"turns":4},{"damage":2,"enemies":"Sentry and Sphere","floor":31,"turns":5},{"damage":50,"enemies":"Collector","floor":33,"turns":10},{"damage":29,"enemies":"3 Darklings","floor":35,"turns":5},{"damage":9,"enemies":"3 Shapes","floor":37,"turns":6},{"damage":46,"enemies":"Mysterious Sphere","floor":41,"turns":5}],"seed_played":"-586425165461477194","potions_obtained":[{"floor":3,"key":"Energy Potion"},{"floor":4,"key":"Block Potion"},{"floor":14,"key":"AttackPotion"},{"floor":18,"key":"FearPotion"},{"floor":33,"key":"FearPotion"}],"is_trial":false,"path_per_floor":["M","?","M","M","?","R","E","R","T","M","$","R","$","E","R","B",null,"M","M","?","$","M","M","R","?","T","$","E","?","R","M","R","B",null,"M","?","M","?","$","R"],"character_chosen":"DEFECT","items_purchased":["Hello World","Mummified Hand","Storm","Compile Driver"],"campfire_rested":4,"item_purchase_floors":[11,21,39,39],"current_hp_per_floor":[66,66,66,64,64,64,39,39,39,38,38,38,38,34,34,24,62,61,54,54,54,46,20,42,42,42,42,27,27,42,48,52,18,44,25,25,18,18,18,33,0],"gold":283,"neow_bonus":"REMOVE_CARD","is_prod":false,"is_daily":false,"chose_seed":false,"campfire_upgraded":4,"win_rate":0,"timestamp":1537015956,"path_taken":["M","?","M","M","?","R","E","R","T","M","?","R","$","E","R","BOSS","M","M","?","$","M","M","R","?","T","$","E","?","R","M","R","BOSS","M","?","M","?","$","R","?"],"build_version":"2018-09-12","purchased_purges":0,"victory":false,"max_hp_per_floor":[75,75,75,75,75,75,75,75,75,75,75,75,75,75,75,75,75,75,75,75,75,75,75,75,52,52,52,52,52,52,52,52,52,52,52,52,52,52,52,52,52],"card_choices":[{"not_picked":["Hologram","Reinforced Body"],"picked":"Glacier","floor":1},{"not_picked":["Redo","Auto Shields"],"picked":"Defragment","floor":3},{"not_picked":["Redo","Compile Driver"],"picked":"Sweeping Beam","floor":4},{"not_picked":["Rebound","Barrage"],"picked":"FTL","floor":7},{"not_picked":["Steam Power","Beam Cell"],"picked":"Turbo","floor":10},{"not_picked":["Multi-Cast","Beam Cell"],"picked":"White Noise","floor":14},{"not_picked":["Machine Learning","Meteor Strike"],"picked":"Seek","floor":16},{"not_picked":["Gash","Reprogram"],"picked":"Rip and Tear+1","floor":18},{"not_picked":["Ball Lightning","Chaos"],"picked":"Cold Snap+1","floor":19},{"not_picked":["Sweeping Beam","Darkness"],"picked":"Genetic Algorithm","floor":22},{"not_picked":["Recycle","BootSequence+1"],"picked":"Double Energy","floor":23},{"not_picked":["Undo","Hologram"],"picked":"Conserve Battery","floor":28},{"not_picked":["Hologram","Turbo"],"picked":"Barrage","floor":31},{"not_picked":["Thunder Strike","Echo Form"],"picked":"Creative AI","floor":33},{"not_picked":["White Noise","Chill+1"],"picked":"Capacitor","floor":35},{"not_picked":["Go for the Eyes+1","Darkness"],"picked":"Force Field+1","floor":37}],"player_experience":436109,"relics_obtained":[{"floor":7,"key":"Omamori"},{"floor":9,"key":"Tiny Chest"},{"floor":14,"key":"Juzu Bracelet"},{"floor":26,"key":"MawBank"},{"floor":28,"key":"Ornamental Fan"}],"event_choices":[{"event_name":"Living Wall","player_choice":"Grow","floor":2,"damage_taken":0},{"event_name":"The Cleric","player_choice":"Card Removal","floor":5,"damage_taken":0},{"event_name":"The Mausoleum","player_choice":"Yes","floor":20,"damage_taken":0},{"event_name":"Vampires","player_choice":"Became a vampire","floor":25,"damage_taken":0},{"event_name":"Transmorgrifier","player_choice":"Transform","floor":29,"damage_taken":0},{"event_name":"Falling","player_choice":"Removed Attack","floor":36,"damage_taken":0},{"event_name":"Tomb of Lord Red Mask","player_choice":"Ignored","floor":38,"damage_taken":0},{"event_name":"Mysterious Sphere","player_choice":"Fight","floor":41,"damage_taken":0}],"is_beta":true,"boss_relics":[{"not_picked":["Empty Cage","FrozenCore"],"picked":"Fusion Hammer"},{"not_picked":["Runic Pyramid","Orrery"],"picked":"Sozu"}],"items_purged_floors":[],"is_endless":false,"potions_floor_spawned":[3,4,14,18,23,31,33,35],"killed_by":"Mysterious Sphere","ascension_level":12}