{"gold_per_floor":[111,125,143,155,80,80,110,126,204,204,204,218,232,132,132,227,227,241,256,355,180,180,211,211,237,237,237,253,253,253,266,266,363,363,380,380,480,480,490,490,517,517,517,213,213,241,241],"floor_reached":47,"playtime":3032,"items_purged":["Strike_R","Defend_R","Strike_R"],"score":789,"play_id":"78f51d21-6a5e-45c2-b3b6-66e60928b0d7","local_time":"20181208231848","is_ascension_mode":true,"campfire_choices":[{"data":"Uppercut","floor":6.0,"key":"SMITH"},{"floor":10.0,"key":"REST"},{"data":"Demon Form","floor":15.0,"key":"SMITH"},{"floor":24.0,"key":"REST"},{"floor":27.0,"key":"REST"},{"floor":29.0,"key":"REST"},{"data":"Shrug It Off","floor":32.0,"key":"SMITH"},{"data":"Heavy Blade","floor":40.0,"key":"SMITH"},{"floor":42.0,"key":"REST"},{"floor":45.0,"key":"REST"}],"neow_cost":"NONE","seed_source_timestamp":0,"circlet_count":0,"master_deck":["Strike_R","Strike_R","Strike_R","Defend_R","Defend_R","Defend_R","Bash","Twin Strike","Demon Form+1","Shrug It Off+1","Limit Break","Pommel Strike+1","Pummel","Heavy Blade+1","True Grit","Limit Break","True Grit+1","True Grit+1","Double Tap"],"special_seed":0,"relics":["Burning Blood","Happy Flower","Question Card","FaceOfCleric","Sozu","WingedGreaves","Blood Vial","Oddly Smooth Stone","Runic Dome","Pocketwatch","Du-Vu Doll","Turnip","Gambling Chip","Bronze Scales"],"potions_floor_usage":[],"damage_taken":[{"damage":1.0,"enemies":"Cultist","floor":1.0,"turns":3.0},{"damage":7.0,"enemies":"2 Louse","floor":2.0,"turns":3.0},{"damage":4.0,"enemies":"Small Slimes","floor":3.0,"turns":4.0},{"damage":18.0,"enemies":"Exordium Wildlife","floor":4.0,"turns":5.0},{"damage":50.0,"enemies":"3 Sentries","floor":7.0,"turns":9.0},{"damage":5.0,"enemies":"2 Fungi Beasts","floor":8.0,"turns":4.0},{"damage":0.0,"enemies":"Large Slime","floor":12.0,"turns":4.0},{"damage":7.0,"enemies":"Blue Slaver","floor":13.0,"turns":3.0},{"damage":38.0,"enemies":"The Guardian","floor":16.0,"turns":7.0},{"damage":4.0,"enemies":"Chosen","floor":18.0,"turns":4.0},{"damage":7.0,"enemies":"Shell Parasite","floor":19.0,"turns":4.0},{"damage":42.0,"enemies":"Slavers","floor":23.0,"turns":5.0},{"damage":39.0,"enemies":"Book of Stabbing","floor":25.0,"turns":5.0},{"damage":24.0,"enemies":"Sentry and Sphere","floor":28.0,"turns":5.0},{"damage":15.0,"enemies":"Shelled Parasite and Fungi","floor":31.0,"turns":4.0},{"damage":24.0,"enemies":"Champ","floor":33.0,"turns":9.0},{"damage":22.0,"enemies":"3 Shapes","floor":35.0,"turns":6.0},{"damage":24.0,"enemies":"Mind Bloom Boss Battle","floor":37.0,"turns":5.0},{"damage":26.0,"enemies":"3 Darklings","floor":39.0,"turns":5.0},{"damage":35.0,"enemies":"Giant Head","floor":41.0,"turns":6.0},{"damage":68.0,"enemies":"Nemesis","floor":46.0,"turns":12.0},{"damage":18,"enemies":"Spire Growth","floor":47,"turns":3}],"seed_played":"3336831984489305024","potions_obtained":[{"floor":0.0,"key":"AttackPotion"},{"floor":0.0,"key":"SteroidPotion"},{"floor":0.0,"key":"Dexterity Potion"},{"floor":12.0,"key":"Strength Potion"}],"is_trial":false,"path_per_floor":["M","M","M","M","$","R","E","M","T","R","?","M","M","$","R","B",null,"M","M","?","$","?","E","R","E","T","R","M","R","?","M","R","B","B",null,"M","?","?","?","M","R","E","R","T","$","R","E","M"],"character_chosen":"IRONCLAD","items_purchased":["Heavy Blade","Gambling Chip"],"campfire_rested":6,"item_purchase_floors":[21,44],"current_hp_per_floor":[77,76,78,66,66,66,22,23,23,47,47,54,54,54,54,23,68,71,71,71,71,55,20,47,15,15,42,27,54,85,79,79,64,87,74,74,59,59,42,42,16,45,45,45,74,15,0],"gold":241,"neow_bonus":"THREE_SMALL_POTIONS","is_prod":false,"is_daily":false,"chose_seed":false,"campfire_upgraded":4,"win_rate":0,"timestamp":1544282328,"path_taken":["M","M","M","M","$","R","E","M","T","R","?","?","?","$","R","BOSS","M","M","?","$","?","E","R","E","T","R","M","R","?","?","R","BOSS","BOSS","M","?","?","?","M","R","E","R","T","?","R","E","M"],"build_version":"2018-12-06","purchased_purges":3,"victory":false,"max_hp_per_floor":[80,80,80,80,80,80,80,80,80,80,80,81,82,82,82,83,83,84,85,85,85,90,91,91,92,92,92,93,93,93,94,94,95,95,96,96,97,97,98,98,99,99,99,99,99,100,100],"card_choices":[{"not_picked":["Blood for Blood","Evolve","Rage"],"picked":"SKIP","floor":1.0},{"not_picked":["Corruption","Fire Breathing","Havoc"],"picked":"SKIP","floor":2.0},{"not_picked":["Anger","Perfected Strike"],"picked":"Uppercut","floor":3.0},{"not_picked":["Clothesline","Thunderclap"],"picked":"Twin Strike","floor":4.0},{"not_picked":["Dual Wield","Headbutt"],"picked":"Demon Form","floor":7.0},{"not_picked":["Perfected Strike","Clothesline","Evolve"],"picked":"SKIP","floor":8.0},{"not_picked":["Corruption","Rage","Clothesline","Flex"],"picked":"SKIP","floor":12.0},{"not_picked":["Wild Strike","Battle Trance","Havoc"],"picked":"Shrug It Off","floor":13.0},{"not_picked":["Impervious","Exhume","Dark Embrace"],"picked":"Limit Break","floor":16.0},{"not_picked":["Pommel Strike+1","Body Slam","Thunderclap","Sentinel"],"picked":"SKIP","floor":18.0},{"not_picked":["Body Slam","Thunderclap","Sentinel"],"picked":"Pommel Strike+1","floor":18.0},{"not_picked":["Body Slam+1","Iron Wave","Sword Boomerang"],"picked":"Pummel","floor":19.0},{"not_picked":["Fiend Fire","Clothesline+1","Sword Boomerang","Carnage"],"picked":"SKIP","floor":23.0},{"not_picked":["Entrench","Thunderclap","Reckless Charge","Spot Weakness"],"picked":"SKIP","floor":25.0},{"not_picked":["Rupture","Havoc","Blood for Blood","Sword Boomerang"],"picked":"SKIP","floor":28.0},{"not_picked":["Immolate","Blood for Blood","Wild Strike"],"picked":"True Grit","floor":31.0},{"not_picked":["Double Tap","Demon Form","Offering"],"picked":"Limit Break","floor":33.0},{"not_picked":["Clothesline+1","Carnage+1","Havoc"],"picked":"True Grit+1","floor":35.0},{"not_picked":["Wild Strike+1","Twin Strike","Entrench+1"],"picked":"True Grit+1","floor":39.0},{"not_picked":["Brutality","Armaments","Sword Boomerang","Hemokinesis+1"],"picked":"SKIP","floor":41.0},{"not_picked":["Clash+1","Flex+1","Warcry"],"picked":"Double Tap","floor":46.0}],"player_experience":281791,"relics_obtained":[{"floor":7.0,"key":"Happy Flower"},{"floor":9.0,"key":"Question Card"},{"floor":23.0,"key":"WingedGreaves"},{"floor":25.0,"key":"Blood Vial"},{"floor":26.0,"key":"Oddly Smooth Stone"},{"floor":37.0,"key":"Pocketwatch"},{"floor":41.0,"key":"Du-Vu Doll"},{"floor":43.0,"key":"Turnip"},{"floor":46.0,"key":"Bronze Scales"}],"event_choices":[{"damage_healed":0.0,"max_hp_gain":0.0,"max_hp_loss":0.0,"gold_gain":0.0,"event_name":"FaceTrader","player_choice":"Trade","floor":11.0,"gold_loss":0.0,"damage_taken":0.0,"relics_obtained":["FaceOfCleric"]},{"damage_healed":0.0,"max_hp_gain":0.0,"max_hp_loss":0.0,"gold_gain":99.0,"event_name":"Nest","player_choice":"Stole From Cult","floor":20.0,"gold_loss":0.0,"damage_taken":0.0},{"damage_healed":0.0,"max_hp_gain":5.0,"max_hp_loss":0.0,"gold_gain":0.0,"event_name":"Forgotten Altar","player_choice":"Shed Blood","floor":22.0,"gold_loss":0.0,"damage_taken":21.0},{"damage_healed":31.0,"max_hp_gain":0.0,"max_hp_loss":0.0,"gold_gain":0.0,"event_name":"The Library","player_choice":"Heal","floor":30.0,"gold_loss":0.0,"damage_taken":0.0},{"damage_healed":0.0,"max_hp_gain":0.0,"max_hp_loss":0.0,"gold_gain":0.0,"event_name":"SensoryStone","player_choice":"Memory 1","floor":36.0,"gold_loss":0.0,"damage_taken":0.0},{"damage_healed":0.0,"max_hp_gain":0.0,"max_hp_loss":0.0,"gold_gain":0.0,"event_name":"MindBloom","player_choice":"Fight","floor":37.0,"gold_loss":0.0,"damage_taken":0.0},{"cards_removed":["Uppercut"],"damage_healed":0.0,"max_hp_gain":0.0,"max_hp_loss":0.0,"gold_gain":0.0,"event_name":"Falling","player_choice":"Removed Attack","floor":38.0,"gold_loss":0.0,"damage_taken":0.0}],"is_beta":false,"boss_relics":[{"not_picked":["Runic Cube","Black Blood"],"picked":"Sozu"},{"not_picked":["Astrolabe","Pandora\u0027s Box"],"picked":"Runic Dome"}],"items_purged_floors":[5,14,21],"is_endless":false,"potions_floor_spawned":[3,12,13,16,19,31,33,37,46],"killed_by":"Spire Growth","ascension_level":8}