{"gold_per_floor":[116,116,131,149,3,29,29,61,61,88,51,51,68,83,83,160,160,149,164,8,27,44,78,78,97,172,227,247,247,266,86,86,162,162,173,185,0,26,126,457,471,500,500,530,543,543,575,586,586,586],"floor_reached":51,"playtime":4516,"items_purged":["Strike_G","Strike_G"],"score":1620,"play_id":"d21a2673-c38c-4e9a-8899-41fc4d9ccc3d","local_time":"20181205191353","is_ascension_mode":true,"campfire_choices":[{"data":"Neutralize","floor":7.0,"key":"SMITH"},{"data":"Noxious Fumes","floor":12.0,"key":"SMITH"},{"data":"Footwork","floor":15.0,"key":"SMITH"},{"floor":24,"key":"REST"},{"data":"After Image","floor":29,"key":"SMITH"},{"data":"Footwork","floor":32,"key":"SMITH"},{"floor":46,"key":"RECALL"},{"floor":49,"key":"REST"}],"neow_cost":"NONE","seed_source_timestamp":0,"circlet_count":0,"master_deck":["AscendersBane","Defend_G","Defend_G+1","Defend_G","Defend_G+1","Defend_G","Strike_G","Strike_G","Strike_G","Survivor","Neutralize+1","Choke","Deadly Poison","Dodge and Roll","Bullet Time","PiercingWail","Noxious Fumes+1","Leg Sweep","Footwork+1","Dodge and Roll","Blade Dance","After Image+1","Dash+1","Well Laid Plans","Crippling Poison","Escape Plan","Distraction","Night Terror","Footwork+1","Malaise","Acrobatics+1","Deadly Poison+1","Acrobatics+1","Deadly Poison+1","Catalyst","Backflip"],"special_seed":0,"relics":["Ring of the Snake","War Paint","Blue Candle","Bottled Lightning","Question Card","Pear","Black Star","Oddly Smooth Stone","Bag of Preparation","Pantograph","Tiny Chest","Ancient Tea Set","Sozu","Red Mask","Orichalcum","Turnip","Old Coin","Meat on the Bone","Potion Belt","Bag of Marbles","Paper Crane","Gambling Chip","Lantern","Mango","Bottled Flame"],"potions_floor_usage":[23,48,48],"damage_taken":[{"damage":0.0,"enemies":"Small Slimes","floor":1.0,"turns":6.0},{"damage":2.0,"enemies":"Cultist","floor":3.0,"turns":4.0},{"damage":0.0,"enemies":"2 Louse","floor":4.0,"turns":3.0},{"damage":15.0,"enemies":"Lagavulin","floor":6.0,"turns":8.0},{"damage":19.0,"enemies":"3 Sentries","floor":8.0,"turns":14.0},{"damage":8.0,"enemies":"Lagavulin","floor":10.0,"turns":6.0},{"damage":6.0,"enemies":"Exordium Wildlife","floor":13.0,"turns":3.0},{"damage":8.0,"enemies":"Large Slime","floor":14.0,"turns":6.0},{"damage":4.0,"enemies":"Hexaghost","floor":16.0,"turns":11.0},{"damage":2.0,"enemies":"2 Thieves","floor":18.0,"turns":4.0},{"damage":1.0,"enemies":"Shell Parasite","floor":19.0,"turns":10.0},{"damage":15.0,"enemies":"Sentry and Sphere","floor":21.0,"turns":10.0},{"damage":0.0,"enemies":"Centurion and Healer","floor":22.0,"turns":10.0},{"damage":24,"enemies":"Gremlin Leader","floor":23,"turns":11},{"damage":0,"enemies":"Cultist and Chosen","floor":25,"turns":7},{"damage":1,"enemies":"Slavers","floor":27,"turns":11},{"damage":0,"enemies":"Chosen and Byrds","floor":28,"turns":7},{"damage":6,"enemies":"Shelled Parasite and Fungi","floor":30,"turns":6},{"damage":18,"enemies":"Collector","floor":33,"turns":11},{"damage":0,"enemies":"3 Shapes","floor":35,"turns":5},{"damage":5,"enemies":"Orb Walker","floor":36,"turns":5},{"damage":7,"enemies":"Mind Bloom Boss Battle","floor":39,"turns":13},{"damage":29,"enemies":"Giant Head","floor":40,"turns":14},{"damage":27,"enemies":"4 Shapes","floor":41,"turns":6},{"damage":0,"enemies":"Nemesis","floor":42,"turns":9},{"damage":0,"enemies":"Giant Head","floor":44,"turns":13},{"damage":9,"enemies":"Maw","floor":45,"turns":8},{"damage":38,"enemies":"Reptomancer","floor":47,"turns":8},{"damage":25,"enemies":"3 Darklings","floor":48,"turns":8},{"damage":25,"enemies":"Time Eater","floor":50,"turns":14}],"seed_played":"2137149562184943939","potions_obtained":[{"floor":1.0,"key":"Swift Potion"},{"floor":6.0,"key":"Fire Potion"},{"floor":8.0,"key":"Regen Potion"},{"floor":10.0,"key":"SteroidPotion"},{"floor":14.0,"key":"Fire Potion"},{"floor":25,"key":"Strength Potion"}],"is_trial":false,"path_per_floor":["M","?","M","M","$","E","R","E","T","E","$","R","M","M","R","B",null,"M","M","$","M","M","E","R","M","T","E","M","R","M","$","R","B",null,"M","M","?","T","?","E","M","E","T","E","M","R","E","M","R","B",null],"character_chosen":"THE_SILENT","items_purchased":["Bullet Time","Footwork","Crippling Poison","Footwork"],"campfire_rested":2,"item_purchase_floors":[5,11,20,31],"current_hp_per_floor":[59,50,48,48,48,33,33,14,14,31,31,31,25,17,17,13,60,58,57,57,42,42,18,40,40,40,39,39,39,33,33,33,40,67,67,62,62,62,69,40,25,37,37,49,40,40,28,15,42,54],"gold":586,"neow_bonus":"RANDOM_COMMON_RELIC","is_prod":false,"is_daily":false,"chose_seed":false,"campfire_upgraded":5,"win_rate":0,"timestamp":1544033633,"path_taken":["M","?","?","M","$","E","R","E","T","E","$","R","M","M","R","BOSS","M","M","$","M","M","E","R","M","T","E","M","R","M","$","R","BOSS","M","M","?","?","?","E","M","E","T","E","M","R","E","M","R","BOSS"],"build_version":"2018-12-05","purchased_purges":2,"victory":true,"max_hp_per_floor":[66,66,66,66,66,66,66,66,66,76,76,76,76,76,76,76,76,76,76,76,76,76,76,76,76,76,76,76,76,76,76,76,76,76,76,76,76,76,76,76,76,76,76,76,76,76,90,90,90,90],"card_choices":[{"not_picked":["Blade Dance","Deflect"],"picked":"Choke","floor":1.0},{"not_picked":["Prepared","Reflex"],"picked":"Deadly Poison","floor":3.0},{"not_picked":["Slice","Dagger Spray"],"picked":"Dodge and Roll","floor":4.0},{"not_picked":["Storm of Steel","Concentrate"],"picked":"PiercingWail","floor":6.0},{"not_picked":["Infinite Blades","Bane"],"picked":"Noxious Fumes","floor":8.0},{"not_picked":["Outmaneuver","Deadly Poison","Tools of the Trade"],"picked":"Leg Sweep","floor":10.0},{"not_picked":["Dagger Throw","Quick Slash","Eviscerate"],"picked":"Dodge and Roll","floor":13.0},{"not_picked":["PiercingWail","Terror","Underhanded Strike"],"picked":"Blade Dance","floor":14.0},{"not_picked":["Malaise","Bullet Time","Corpse Explosion"],"picked":"After Image","floor":16.0},{"not_picked":["Cloak And Dagger","Sucker Punch","Prepared"],"picked":"Dash+1","floor":18.0},{"not_picked":["Riddle With Holes","Prepared","Backflip"],"picked":"Well Laid Plans","floor":19.0},{"not_picked":["Slice","Underhanded Strike","Dodge and Roll","Blade Dance"],"picked":"SKIP","floor":21.0},{"not_picked":["PiercingWail","Poisoned Stab","Dagger Spray"],"picked":"Escape Plan","floor":22.0},{"not_picked":["Slice","Terror","Deflect"],"picked":"Distraction","floor":23},{"not_picked":["All Out Attack","Calculated Gamble","Outmaneuver"],"picked":"Night Terror","floor":25},{"not_picked":["Outmaneuver","Cloak And Dagger","Blade Dance","Dagger Throw"],"picked":"SKIP","floor":27},{"not_picked":["Prepared","Skewer","Deflect","Outmaneuver"],"picked":"SKIP","floor":28},{"not_picked":["Infinite Blades","Outmaneuver","Flying Knee","Cloak And Dagger"],"picked":"SKIP","floor":30},{"not_picked":["Envenom","Corpse Explosion","Glass Knife"],"picked":"Malaise","floor":33},{"not_picked":["Flying Knee","Sucker Punch","Dagger Throw+1","Masterful Stab"],"picked":"SKIP","floor":35},{"not_picked":["Cloak And Dagger","Sucker Punch","Masterful Stab+1"],"picked":"Acrobatics+1","floor":36},{"not_picked":["Concentrate+1","Envenom","Endless Agony"],"picked":"Deadly Poison+1","floor":40},{"not_picked":["Sucker Punch","PiercingWail","Cloak And Dagger"],"picked":"Acrobatics+1","floor":41},{"not_picked":["Dagger Spray+1","Slice","Bane","Die Die Die"],"picked":"SKIP","floor":42},{"not_picked":["Tactician","Sucker Punch","Finisher"],"picked":"Deadly Poison+1","floor":44},{"not_picked":["Deflect","Dagger Spray","Blade Dance+1","Acrobatics+1"],"picked":"SKIP","floor":45},{"not_picked":["Outmaneuver+1","Blade Dance","Dagger Spray"],"picked":"Catalyst","floor":47},{"not_picked":["Sucker Punch+1","Riddle With Holes","Underhanded Strike"],"picked":"Backflip","floor":48}],"player_experience":952896,"relics_obtained":[{"floor":6.0,"key":"Blue Candle"},{"floor":8.0,"key":"Bottled Lightning"},{"floor":9.0,"key":"Question Card"},{"floor":10.0,"key":"Pear"},{"floor":23,"key":"Oddly Smooth Stone"},{"floor":23,"key":"Bag of Preparation"},{"floor":26,"key":"Pantograph"},{"floor":27,"key":"Tiny Chest"},{"floor":27,"key":"Ancient Tea Set"},{"floor":38,"key":"Orichalcum"},{"floor":39,"key":"Turnip"},{"floor":40,"key":"Old Coin"},{"floor":40,"key":"Meat on the Bone"},{"floor":42,"key":"Potion Belt"},{"floor":42,"key":"Bag of Marbles"},{"floor":43,"key":"Paper Crane"},{"floor":44,"key":"Gambling Chip"},{"floor":44,"key":"Lantern"},{"floor":47,"key":"Mango"},{"floor":47,"key":"Bottled Flame"}],"event_choices":[{"damage_healed":0.0,"max_hp_gain":0.0,"max_hp_loss":0.0,"gold_gain":0.0,"event_name":"Wheel of Change","player_choice":"Damaged","floor":2.0,"gold_loss":0.0,"damage_taken":9.0},{"damage_healed":0,"gold_gain":0,"player_choice":"Paid","damage_taken":0,"relics_obtained":["Red Mask"],"max_hp_gain":0,"max_hp_loss":0,"event_name":"Tomb of Lord Red Mask","floor":37,"gold_loss":185},{"damage_healed":0,"gold_gain":0,"player_choice":"Fight","damage_taken":0,"max_hp_gain":0,"max_hp_loss":0,"event_name":"MindBloom","floor":39,"gold_loss":0}],"is_beta":true,"boss_relics":[{"not_picked":["Ring of the Serpent","Eternal Feather"],"picked":"Black Star"},{"not_picked":["Coffee Dripper","White Beast Statue"],"picked":"Sozu"}],"items_purged_floors":[20,31],"is_endless":false,"potions_floor_spawned":[1,6,8,10,14,18,25,28,30,36,41,44,47,48],"ascension_level":15}