{"gold_per_floor":[113,113,131,131,131,131,151,151,151,151,101,101,115,133,133,256,256,271,290,330,343,366,387,387,312,312,312,312,340,360,360,360,456,456,467,487,284,298,315,315,342,564,587,587,606,637,637,665,665,665],"floor_reached":51,"playtime":9304,"items_purged":["Strike_G"],"score":903,"play_id":"d7e812c2-9060-41cf-8f3b-896fdef058b9","local_time":"20190930221844","is_ascension_mode":true,"campfire_choices":[{"floor":6.0,"key":"REST"},{"data":"Neutralize","floor":8.0,"key":"SMITH"},{"data":"Cloak And Dagger","floor":10.0,"key":"SMITH"},{"data":"Blade Dance","floor":12.0,"key":"SMITH"},{"data":"Footwork","floor":15.0,"key":"SMITH"},{"floor":24.0,"key":"REST"},{"data":"Envenom","floor":27.0,"key":"SMITH"},{"data":"Deadly Poison","floor":32.0,"key":"SMITH"},{"data":"Storm of Steel","floor":40.0,"key":"SMITH"},{"data":"Noxious Fumes","floor":44.0,"key":"SMITH"},{"floor":47.0,"key":"REST"},{"data":"Prepared","floor":49.0,"key":"SMITH"}],"neow_cost":"NONE","seed_source_timestamp":1893146038859878,"circlet_count":0,"master_deck":["Strike_G+1","Strike_G+1","Defend_G","Defend_G","Defend_G","Defend_G","Defend_G","Survivor","Neutralize+1","Purity","Blade Dance+1","Blur","Cloak And Dagger+1","Deadly Poison+1","Footwork+1","Storm of Steel+1","Prepared+1","Backstab+1","Prepared","Deflect+1","Dodge and Roll+1","Envenom+1","Crippling Poison+1","Calculated Gamble+1","After Image","Noxious Fumes+1","Flechettes+1","Accuracy","PiercingWail","Dodge and Roll+1","Leg Sweep+1"],"special_seed":0,"relics":["Ring of the Snake","Bloody Idol","Potion Belt","Question Card","Runic Pyramid","Red Mask","Darkstone Periapt","Bronze Scales","Eternal Feather","Whetstone","Vajra","The Courier","Blue Candle"],"potions_floor_usage":[50,50],"damage_taken":[{"damage":1.0,"enemies":"Cultist","floor":1.0,"turns":5.0},{"damage":1.0,"enemies":"2 Louse","floor":3.0,"turns":3.0},{"damage":0.0,"enemies":"Small Slimes","floor":7.0,"turns":4.0},{"damage":1.0,"enemies":"Exordium Wildlife","floor":13.0,"turns":4.0},{"damage":2.0,"enemies":"2 Fungi Beasts","floor":14.0,"turns":4.0},{"damage":9.0,"enemies":"The Guardian","floor":16.0,"turns":14.0},{"damage":10.0,"enemies":"2 Thieves","floor":18.0,"turns":4.0},{"damage":1.0,"enemies":"Chosen","floor":19.0,"turns":6.0},{"damage":22.0,"enemies":"Masked Bandits","floor":20.0,"turns":8.0},{"damage":6.0,"enemies":"Sentry and Sphere","floor":21.0,"turns":11.0},{"damage":0.0,"enemies":"Centurion and Healer","floor":22.0,"turns":10.0},{"damage":0.0,"enemies":"Snecko","floor":23.0,"turns":5.0},{"damage":25.0,"enemies":"Gremlin Leader","floor":29.0,"turns":11.0},{"damage":13.0,"enemies":"Sentry and Sphere","floor":30.0,"turns":8.0},{"damage":57.0,"enemies":"Collector","floor":33.0,"turns":9.0},{"damage":3.0,"enemies":"Orb Walker","floor":35.0,"turns":4.0},{"damage":4.0,"enemies":"3 Shapes","floor":36.0,"turns":6.0},{"damage":0.0,"enemies":"3 Darklings","floor":38.0,"turns":6.0},{"damage":0.0,"enemies":"Maw","floor":39.0,"turns":7.0},{"damage":4.0,"enemies":"Reptomancer","floor":41.0,"turns":6.0},{"damage":0.0,"enemies":"4 Shapes","floor":45.0,"turns":7.0},{"damage":59.0,"enemies":"Giant Head","floor":46.0,"turns":10.0},{"damage":0.0,"enemies":"Nemesis","floor":48.0,"turns":7.0},{"damage":54,"enemies":"Awakened One","floor":50,"turns":25}],"seed_played":"-3547971581922192068","potions_obtained":[{"floor":1.0,"key":"Explosive Potion"},{"floor":13.0,"key":"Weak Potion"},{"floor":16.0,"key":"AttackPotion"},{"floor":18.0,"key":"FearPotion"},{"floor":21.0,"key":"Block Potion"},{"floor":33.0,"key":"GhostInAJar"},{"floor":36.0,"key":"Explosive Potion"},{"floor":38.0,"key":"Explosive Potion"},{"floor":39.0,"key":"GamblersBrew"},{"floor":48.0,"key":"Weak Potion"}],"is_trial":false,"path_per_floor":["M","?","M","?","?","R","M","R","T","R","?","R","M","M","R","B",null,"M","M","?","M","M","M","R","?","T","R","?","E","M","?","R","B",null,"M","M","$","M","M","R","E","?","T","R","M","E","R","E","R","B",null],"character_chosen":"THE_SILENT","items_purchased":["Accuracy","Energy Potion"],"campfire_rested":3,"item_purchase_floors":[37,37],"current_hp_per_floor":[69,52,51,33,19,40,40,40,40,40,40,40,39,37,37,28,60,50,49,27,21,21,21,42,42,42,42,42,22,14,70,70,18,57,59,60,60,65,70,70,70,70,70,70,70,16,55,60,70,16],"gold":665,"neow_bonus":"RANDOM_COLORLESS","is_prod":false,"is_daily":false,"chose_seed":false,"campfire_upgraded":9,"win_rate":0,"timestamp":1569896324,"path_taken":["M","?","M","?","?","R","M","R","T","R","?","R","M","M","R","BOSS","M","M","?","M","M","M","R","?","T","R","?","E","?","?","R","BOSS","M","M","$","M","?","R","E","?","T","R","M","E","R","E","R","BOSS"],"build_version":"2019-07-17","purchased_purges":1,"victory":true,"max_hp_per_floor":[70,70,70,70,70,70,70,70,70,70,70,70,70,70,70,70,70,70,70,70,70,70,70,70,70,70,70,70,70,70,70,70,70,70,70,70,70,70,70,70,70,70,70,70,70,70,70,70,70,70],"card_choices":[{"not_picked":["Heel Hook","Expertise"],"picked":"Blade Dance","floor":1.0},{"not_picked":["Noxious Fumes","Riddle With Holes"],"picked":"Blur","floor":3.0},{"not_picked":["Poisoned Stab","Deflect"],"picked":"Cloak And Dagger","floor":7.0},{"not_picked":["Dodge and Roll","Deflect","Unload"],"picked":"Deadly Poison","floor":13.0},{"not_picked":["Slice","Acrobatics","Backflip"],"picked":"Footwork","floor":14.0},{"not_picked":["Grand Finale","Bullet Time","Glass Knife"],"picked":"Storm of Steel","floor":16.0},{"not_picked":["Choke","Well Laid Plans","Reflex"],"picked":"Prepared","floor":18.0},{"not_picked":["Sucker Punch","Flying Knee","Slice"],"picked":"Backstab+1","floor":19.0},{"not_picked":["Riddle With Holes","Underhanded Strike","Sucker Punch"],"picked":"Prepared","floor":20.0},{"not_picked":["Riddle With Holes+1","Flying Knee","Dodge and Roll"],"picked":"Deflect+1","floor":21.0},{"not_picked":["Eviscerate","Quick Slash","Setup"],"picked":"Dodge and Roll+1","floor":22.0},{"not_picked":["Slice","Dagger Throw","Poisoned Stab+1"],"picked":"Envenom","floor":23.0},{"not_picked":["Setup","Dodge and Roll","Tactician"],"picked":"Crippling Poison+1","floor":29.0},{"not_picked":["Distraction","Footwork","Bouncing Flask"],"picked":"Calculated Gamble+1","floor":30.0},{"not_picked":["Phantasmal Killer","Adrenaline","Wraith Form v2"],"picked":"After Image","floor":33.0},{"not_picked":["Quick Slash","Tactician","Poisoned Stab"],"picked":"Noxious Fumes","floor":35.0},{"not_picked":["Poisoned Stab+1","Riddle With Holes+1","Leg Sweep"],"picked":"Flechettes+1","floor":36.0},{"not_picked":["Quick Slash","Poisoned Stab","Predator"],"picked":"PiercingWail","floor":38.0},{"not_picked":["Deadly Poison","Crippling Poison","Bane","Choke"],"picked":"SKIP","floor":39.0},{"not_picked":["Catalyst","Eviscerate","Distraction"],"picked":"Dodge and Roll+1","floor":41.0},{"not_picked":["Setup","Well Laid Plans","Blade Dance","Accuracy"],"picked":"SKIP","floor":45.0},{"not_picked":["Setup","Well Laid Plans","Blade Dance","Accuracy"],"picked":"SKIP","floor":45.0},{"not_picked":["Adrenaline","Heel Hook+1","Slice"],"picked":"Leg Sweep+1","floor":46.0},{"not_picked":["Heel Hook+1","Reflex","Cloak And Dagger","Dodge and Roll+1"],"picked":"SKIP","floor":48.0}],"player_experience":561409,"relics_obtained":[{"floor":9.0,"key":"Question Card"},{"floor":20.0,"key":"Red Mask"},{"floor":26.0,"key":"Darkstone Periapt"},{"floor":29.0,"key":"Bronze Scales"},{"floor":41.0,"key":"Whetstone"},{"floor":43.0,"key":"Vajra"},{"floor":46.0,"key":"The Courier"},{"floor":48.0,"key":"Blue Candle"}],"event_choices":[{"damage_healed":0.0,"max_hp_gain":0.0,"max_hp_loss":0.0,"gold_gain":0.0,"event_name":"Golden Idol","player_choice":"Take Damage","floor":2.0,"gold_loss":0.0,"damage_taken":17.0,"relics_obtained":["Golden Idol"]},{"damage_healed":0.0,"max_hp_gain":0.0,"max_hp_loss":0.0,"gold_gain":0.0,"event_name":"Scrap Ooze","player_choice":"Success","floor":4.0,"gold_loss":0.0,"damage_taken":18.0,"relics_obtained":["Potion Belt"]},{"damage_healed":0.0,"max_hp_gain":0.0,"max_hp_loss":0.0,"gold_gain":0.0,"event_name":"Shining Light","player_choice":"Entered Light","floor":5.0,"gold_loss":0.0,"damage_taken":14.0,"cards_upgraded":["Strike_G","Strike_G"]},{"cards_removed":["Strike_G"],"damage_healed":0.0,"max_hp_gain":0.0,"max_hp_loss":0.0,"gold_gain":0.0,"event_name":"The Cleric","player_choice":"Card Removal","floor":11.0,"gold_loss":50.0,"damage_taken":0.0},{"damage_healed":0.0,"max_hp_gain":0.0,"max_hp_loss":0.0,"gold_gain":0.0,"event_name":"Masked Bandits","player_choice":"Fought Bandits","floor":20.0,"gold_loss":0.0,"damage_taken":0.0},{"cards_removed":["Strike_G"],"damage_healed":0.0,"max_hp_gain":0.0,"max_hp_loss":0.0,"gold_gain":0.0,"event_name":"Beggar","player_choice":"Gave Gold","floor":25.0,"gold_loss":75.0,"damage_taken":0.0},{"damage_healed":0.0,"max_hp_gain":0.0,"max_hp_loss":0.0,"gold_gain":0.0,"event_name":"Forgotten Altar","player_choice":"Gave Idol","floor":28.0,"relics_lost":["Golden Idol"],"gold_loss":0.0,"damage_taken":0.0,"relics_obtained":["Bloody Idol"]},{"damage_healed":56.0,"max_hp_gain":0.0,"max_hp_loss":0.0,"gold_gain":0.0,"event_name":"Wheel of Change","player_choice":"Full Heal","floor":31.0,"gold_loss":0.0,"damage_taken":0.0},{"damage_healed":0.0,"max_hp_gain":0.0,"max_hp_loss":0.0,"gold_gain":222.0,"event_name":"Tomb of Lord Red Mask","player_choice":"Wore Mask","floor":42.0,"gold_loss":0.0,"damage_taken":0.0}],"is_beta":false,"boss_relics":[{"not_picked":["Fusion Hammer","Sozu"],"picked":"Runic Pyramid"},{"not_picked":["Snecko Eye","White Beast Statue"],"picked":"Eternal Feather"}],"items_purged_floors":[37],"is_endless":false,"potions_floor_spawned":[1,13,16,18,21,33,36,38,39,48],"ascension_level":5}