{"gold_per_floor":[119,119,131,58,74,99,119,119,174,204,204,204,182,182],"floor_reached":14,"playtime":270,"items_purged":[],"score":246,"play_id":"cb30ac4e-990e-44a6-918d-0acb720bfe6d","local_time":"20190219194246","is_ascension_mode":true,"campfire_choices":[{"data":"Consume","floor":8,"key":"SMITH"},{"data":"Capacitor","floor":12,"key":"SMITH"}],"neow_cost":"NONE","seed_source_timestamp":30788901260695,"circlet_count":0,"master_deck":["AscendersBane","Strike_B+1","Strike_B","Strike_B","Strike_B","Defend_B","Defend_B","Defend_B","Defend_B","Zap+1","Dualcast","Consume+1","Regret","Capacitor+1","Cold Snap","Sunder","Reinforced Body","Compile Driver","White Noise"],"relics":["Burning Blood","NeowsBlessing","MawBank","infinitespire:Beetle Shell","hubris:OldNail","Question Card","infinitespire:Cubic Diamond"],"potions_floor_usage":[10,14,14],"damage_taken":[{"damage":0,"enemies":"Cultist","floor":1,"turns":1},{"damage":0,"enemies":"2 Louse","floor":5,"turns":1},{"damage":0,"enemies":"Lagavulin","floor":6,"turns":1},{"damage":12,"enemies":"Small Slimes","floor":7,"turns":2},{"damage":10,"enemies":"Gremlin Nob","floor":10,"turns":3},{"damage":18,"enemies":"Exordium Thugs","floor":13,"turns":4},{"damage":10,"enemies":"3 Sentries","floor":14,"turns":1}],"seed_played":"7307668801013168677","potions_obtained":[{"floor":5,"key":"EssenceOfSteel"},{"floor":6,"key":"AttackPotion"},{"floor":10,"key":"AttackPotion"},{"floor":13,"key":"FocusPotion"}],"is_trial":false,"path_per_floor":["M","?","?","$","M","E","M","R","T","E","?","R","M","E"],"character_chosen":"DEFECT","items_purchased":["Capacitor"],"campfire_rested":0,"item_purchase_floors":[4],"current_hp_per_floor":[64,64,43,43,43,43,31,31,31,21,21,21,9,0],"gold":182,"neow_bonus":"THREE_ENEMY_KILL","is_prod":false,"is_daily":false,"chose_seed":false,"campfire_upgraded":2,"win_rate":0,"timestamp":1550601766,"path_taken":["M","?","?","$","M","E","M","R","T","E","?","R","M","E"],"build_version":"2019-01-23","purchased_purges":0,"victory":false,"max_hp_per_floor":[71,71,71,71,71,71,71,71,71,71,71,71,71,71],"card_choices":[{"not_picked":["Steam Power","Reprogram"],"picked":"Consume","floor":1},{"not_picked":["Leap","Auto Shields"],"picked":"Cold Snap","floor":5},{"not_picked":["White Noise","Compile Driver"],"picked":"Sunder","floor":6},{"not_picked":["Stack","Rebound"],"picked":"Reinforced Body","floor":7},{"not_picked":["Turbo","Stack"],"picked":"Compile Driver","floor":10},{"not_picked":["Hello World","Rip and Tear","Conserve Battery"],"picked":"White Noise","floor":13}],"player_experience":1312808,"relics_obtained":[{"floor":6,"key":"infinitespire:Beetle Shell"},{"floor":9,"key":"hubris:OldNail"},{"floor":10,"key":"Question Card"}],"event_choices":[{"damage_healed":0,"gold_gain":0,"player_choice":"Box","damage_taken":0,"relics_obtained":["MawBank"],"max_hp_gain":0,"max_hp_loss":0,"event_name":"Big Fish","floor":2,"gold_loss":0,"cards_obtained":["Regret"]},{"damage_healed":0,"gold_gain":0,"player_choice":"Entered Light","damage_taken":21,"max_hp_gain":0,"max_hp_loss":0,"event_name":"Shining Light","floor":3,"gold_loss":0,"cards_upgraded":["Zap","Strike_B"]}],"is_beta":false,"boss_relics":[],"items_purged_floors":[],"is_endless":false,"potions_floor_spawned":[5,6,10,13],"killed_by":"3 Sentries","ascension_level":20}