{"path_per_floor":["M","M","T","?","$","E","M","R","T","E","$","?","E","M","R","B",null,"M","?","$","?","M","R","M","M","T","M","$","?","E","?","R","B",null,"M","?","$","?","?","R","?","E","T","M","R","?","R","M","R"],"character_chosen":"IRONCLAD","items_purchased":["Dramatic Entrance","Kunai","Flash of Steel","Battle Trance","Bronze Scales"],"gold_per_floor":[109,127,173,173,173,198,212,212,212,243,153,214,241,257,257,360,360,374,374,22,0,12,12,28,41,66,81,47,47,77,77,77,176,176,193,240,84,84,84,84,84,109,109,127,127,127,127,143,143,143],"floor_reached":50,"campfire_rested":2,"playtime":2859,"current_hp_per_floor":[73,78,78,62,62,39,39,78,78,62,62,57,60,66,66,66,80,80,56,56,56,45,45,35,26,26,25,25,25,18,56,56,19,56,56,22,22,22,36,36,36,17,17,17,17,17,48,50,50,0],"items_purged":[],"gold":143,"score":604,"play_id":"686511c9-e847-40ef-967e-fcf0668907b3","local_time":"20180513132517","is_prod":false,"is_daily":false,"chose_seed":false,"is_ascension_mode":false,"campfire_upgraded":6,"timestamp":1526210717,"path_taken":["M","M","?","?","$","E","?","R","T","E","$","?","E","M","R","BOSS","M","?","$","?","M","R","M","M","T","M","$","?","E","?","R","BOSS","M","?","$","?","?","R","?","E","T","M","R","?","R","M","R","BOSS"],"build_version":"2018-05-10","seed_source_timestamp":8351868918503,"purchased_purges":0,"victory":false,"master_deck":["Defend_R","Defend_R","Defend_R","Defend_R","Heavy Blade+1","Combust+1","Iron Wave","Battle Trance","Heavy Blade+1","Dramatic Entrance","Intimidate","Fiend Fire+1","Heavy Blade+1","Demon Form+1","Bite","Bite","Bite","Bite","Bite","Flash of Steel","Pummel+1","Dual Wield","Flex+1","Battle Trance","Cleave+1","Reaper+1","Heavy Blade+1","Twin Strike+1","Reaper+1","Intimidate+1","Injury","Blood for Blood+1","Mind Blast+1","Infernal Blade+1"],"max_hp_per_floor":[80,80,80,80,80,80,80,80,80,80,80,80,80,80,80,80,80,80,56,56,56,56,56,56,56,56,56,56,56,56,56,56,56,56,56,56,56,56,56,56,56,56,56,56,56,56,56,56,56,56],"relics":["Burning Blood","Vajra","Regal Pillow","Toolbox","Juzu Bracelet","Omamori","Du-Vu Doll","Cursed Key","Kunai","Bag of Preparation","Molten Egg 2","Black Star","Bird Faced Urn","Bronze Scales","Happy Flower","Lantern","Question Card"],"card_choices":[{"not_picked":["Armaments","Cleave"],"picked":"Heavy Blade","floor":1},{"not_picked":["Warcry","Second Wind"],"picked":"Combust","floor":2},{"not_picked":["Anger","True Grit"],"picked":"Iron Wave","floor":6},{"not_picked":["Clash","Blood for Blood"],"picked":"Battle Trance","floor":7},{"not_picked":["Rupture","Power Through"],"picked":"Heavy Blade","floor":10},{"not_picked":["Disarm","Armaments"],"picked":"Intimidate","floor":12},{"not_picked":["Clash","Thunderclap"],"picked":"Fiend Fire","floor":13},{"not_picked":["Twin Strike","Pummel"],"picked":"Heavy Blade","floor":14},{"not_picked":["Barricade","Impervious"],"picked":"Demon Form","floor":16},{"not_picked":["Clash","Second Wind"],"picked":"Pummel","floor":22},{"not_picked":["Shrug It Off","Iron Wave"],"picked":"Shockwave","floor":24},{"not_picked":["True Grit","Shrug It Off"],"picked":"Dual Wield","floor":25},{"not_picked":["Sword Boomerang","Perfected Strike"],"picked":"Flex","floor":27},{"not_picked":["Brutality","Clash"],"picked":"Cleave","floor":30},{"not_picked":["Dark Embrace","Impervious"],"picked":"Reaper","floor":33},{"not_picked":["Twin Strike","Bloodletting"],"picked":"Heavy Blade","floor":35},{"not_picked":["Headbutt","Ghostly Armor"],"picked":"Twin Strike","floor":36},{"not_picked":["Hemokinesis","Body Slam"],"picked":"Intimidate","floor":42},{"not_picked":["Body Slam","Warcry","Armaments"],"picked":"Blood for Blood","floor":44},{"not_picked":["Enlightenment","Secret Technique","Panacea"],"picked":"Mind Blast","floor":46},{"not_picked":["Thunderclap","Perfected Strike","Uppercut"],"picked":"Infernal Blade","floor":48}],"player_experience":24323,"potions_floor_usage":[6,12,16,30,33,42,42,50],"damage_taken":[{"damage":13,"enemies":"Cultist","floor":1,"turns":5},{"damage":1,"enemies":"Small Slimes","floor":2,"turns":3},{"damage":29,"enemies":"Lagavulin","floor":6,"turns":5},{"damage":6,"enemies":"Jaw Worm","floor":7,"turns":2},{"damage":22,"enemies":"3 Sentries","floor":10,"turns":5},{"damage":11,"enemies":"Gremlin Nob","floor":12,"turns":3},{"damage":3,"enemies":"Gremlin Nob","floor":13,"turns":3},{"damage":0,"enemies":"Lots of Slimes","floor":14,"turns":2},{"damage":6,"enemies":"Slime Boss","floor":16,"turns":6},{"damage":6,"enemies":"Chosen","floor":18,"turns":3},{"damage":21,"enemies":"Shell Parasite","floor":22,"turns":3},{"damage":22,"enemies":"Snake Plant","floor":24,"turns":3},{"damage":21,"enemies":"Sentry and Sphere","floor":25,"turns":4},{"damage":11,"enemies":"Centurion and Healer","floor":27,"turns":4},{"damage":19,"enemies":"Gremlin Leader","floor":30,"turns":3},{"damage":49,"enemies":"Automaton","floor":33,"turns":6},{"damage":1,"enemies":"3 Shapes","floor":35,"turns":2},{"damage":48,"enemies":"Mysterious Sphere","floor":36,"turns":4},{"damage":55,"enemies":"Nemesis","floor":42,"turns":5},{"damage":10,"enemies":"Orb Walker","floor":44,"turns":2},{"damage":41,"enemies":"Maw","floor":48,"turns":5},{"damage":72,"enemies":"Donu and Deca","floor":50,"turns":3}],"event_choices":[{"event_name":"Shining Light","player_choice":"Entered Light","floor":4,"damage_taken":0},{"event_name":"Dead Adventurer","player_choice":"Searched \u00272\u0027 times","floor":12,"damage_taken":0},{"event_name":"Vampires","player_choice":"Became a vampire","floor":19,"damage_taken":0},{"event_name":"Masked Bandits","player_choice":"Paid Bandits 22 gold","floor":21,"damage_taken":0},{"event_name":"Drug Dealer","player_choice":"Ignored","floor":29,"damage_taken":0},{"event_name":"Bonfire Elementals","player_choice":"UNCOMMON","floor":31,"damage_taken":0},{"event_name":"Mysterious Sphere","player_choice":"Fight","floor":36,"damage_taken":0},{"event_name":"The Moai Head","player_choice":"Ignored","floor":38,"damage_taken":0},{"event_name":"Winding Halls","player_choice":"Writhe","floor":39,"damage_taken":0},{"event_name":"Duplicator","player_choice":"One dupe","floor":41,"damage_taken":0},{"event_name":"SensoryStone","player_choice":"Memory 1","floor":46,"damage_taken":0}],"boss_relics":[{"not_picked":["Astrolabe","Runic Dome"],"picked":"Cursed Key"},{"not_picked":["Orrery","Philosopher\u0027s Stone"],"picked":"Black Star"}],"potions_floor_spawned":[2,10,13,22,24,27,30,36,44],"seed_played":"6513147482341665220","killed_by":"Donu and Deca","ascension_level":0,"is_trial":false}