{"gold_per_floor":[109,129,204,164,7,37,37,47,47,47],"floor_reached":10,"playtime":290,"items_purged":[],"score":132,"play_id":"539a2f3f-57f7-4d41-9b92-01e7e085b3b1","local_time":"20190312170420","is_ascension_mode":true,"campfire_choices":[],"neow_cost":"TEN_PERCENT_HP_LOSS","seed_source_timestamp":16075568184111,"circlet_count":0,"master_deck":["AscendersBane","Defend_G","Defend_G","Defend_G","Defend_G","Strike_G","Strike_G","Strike_G","Strike_G","Survivor","Neutralize","Unload","Blade Dance","Deadly Poison","PiercingWail","Malaise","Dagger Spray"],"relics":["Ring of the Snake","Snake Skull","Bottled Lightning","Blue Candle"],"potions_floor_usage":[6,6,10],"damage_taken":[{"damage":0,"enemies":"Jaw Worm","floor":1,"turns":4},{"damage":0,"enemies":"2 Louse","floor":2,"turns":3},{"damage":23,"enemies":"Lagavulin","floor":6,"turns":7},{"damage":0,"enemies":"Cultist","floor":8,"turns":4},{"damage":42,"enemies":"Gremlin Nob","floor":10,"turns":4}],"seed_played":"2387547537119340873","potions_obtained":[{"floor":2,"key":"Energy Potion"},{"floor":4,"key":"Fire Potion"},{"floor":4,"key":"AttackPotion"},{"floor":8,"key":"Fruit Juice"}],"is_trial":false,"path_per_floor":["M","M","?","?","$","E","$","M","T","E"],"character_chosen":"THE_SILENT","items_purchased":["Snake Skull"],"campfire_rested":0,"item_purchase_floors":[5],"current_hp_per_floor":[59,59,48,48,48,25,25,25,25,0],"gold":47,"neow_bonus":"TRANSFORM_TWO_CARDS","is_prod":false,"is_daily":false,"chose_seed":false,"campfire_upgraded":0,"win_rate":0,"timestamp":1552406660,"path_taken":["M","M","?","?","$","E","$","M","T","E"],"build_version":"2019-01-23","purchased_purges":0,"victory":false,"max_hp_per_floor":[60,60,60,60,60,60,60,60,60,65],"card_choices":[{"not_picked":["Skewer","Blade Dance"],"picked":"Deadly Poison","floor":1},{"not_picked":["Finisher","Slice"],"picked":"PiercingWail","floor":2},{"not_picked":["Endless Agony","Deadly Poison"],"picked":"Malaise","floor":6},{"not_picked":["Sucker Punch","PiercingWail"],"picked":"Dagger Spray","floor":8}],"player_experience":1393196,"relics_obtained":[{"floor":6,"key":"Bottled Lightning"},{"floor":9,"key":"Blue Candle"}],"event_choices":[{"damage_healed":0,"gold_gain":75,"player_choice":"Gather Gold","damage_taken":11,"max_hp_gain":0,"max_hp_loss":0,"event_name":"World of Goop","floor":3,"gold_loss":0},{"damage_healed":0,"gold_gain":0,"player_choice":"Bought 3 Potions","damage_taken":0,"max_hp_gain":0,"max_hp_loss":0,"event_name":"The Woman in Blue","floor":4,"gold_loss":0}],"is_beta":false,"boss_relics":[],"items_purged_floors":[],"is_endless":false,"potions_floor_spawned":[2,8],"killed_by":"Gremlin Nob","ascension_level":20}