{"gold_per_floor":[210,285,301,301,170,201,216,241,320,320,333,368,379,396,396,470,470,486,486,499,459,45,78,78,78],"floor_reached":25,"playtime":977,"items_purged":["Strike_R","Strike_R"],"score":532,"play_id":"412d83a4-191a-4cd9-a709-ae2d39585a6d","local_time":"20190217154752","is_ascension_mode":true,"campfire_choices":[{"data":"Inflame","floor":10,"key":"SMITH"},{"data":"Inflame","floor":15,"key":"SMITH"},{"data":"Armaments","floor":24,"key":"SMITH"}],"neow_cost":"NONE","seed_source_timestamp":20407128473677,"circlet_count":0,"master_deck":["AscendersBane","Strike_R","Strike_R","Strike_R","Defend_R","Defend_R","Defend_R","Defend_R","Bash","Sword Boomerang+1","Uppercut+1","Shrug It Off","Anger","Anger","Inflame+1","Pummel+1","Inflame+1","Shrug It Off","Reaper","Armaments+1","Shockwave","Shrug It Off"],"relics":["Burning Blood","Thread and Needle","Pen Nib","Darkstone Periapt","The Courier","Velvet Choker","Magic Flower","Whetstone"],"potions_floor_usage":[8,23,23,25],"damage_taken":[{"damage":4,"enemies":"Small Slimes","floor":1,"turns":4},{"damage":2,"enemies":"2 Louse","floor":3,"turns":3},{"damage":43,"enemies":"Lagavulin","floor":6,"turns":8},{"damage":5,"enemies":"Jaw Worm","floor":7,"turns":4},{"damage":0,"enemies":"3 Sentries","floor":8,"turns":6},{"damage":0,"enemies":"Large Slime","floor":11,"turns":4},{"damage":2,"enemies":"Gremlin Nob","floor":12,"turns":3},{"damage":13,"enemies":"Exordium Thugs","floor":13,"turns":5},{"damage":2,"enemies":"Exordium Wildlife","floor":14,"turns":3},{"damage":10,"enemies":"The Guardian","floor":16,"turns":9},{"damage":0,"enemies":"Chosen","floor":18,"turns":2},{"damage":16,"enemies":"2 Thieves","floor":20,"turns":3},{"damage":26,"enemies":"Gremlin Leader","floor":23,"turns":5},{"damage":67,"enemies":"Book of Stabbing","floor":25,"turns":6}],"seed_played":"1037009332482293175","potions_obtained":[{"floor":6,"key":"EssenceOfSteel"},{"floor":8,"key":"Explosive Potion"},{"floor":13,"key":"PowerPotion"},{"floor":21,"key":"Poison Potion"},{"floor":23,"key":"SkillPotion"}],"is_trial":false,"path_per_floor":["M","?","M","?","$","E","M","E","T","R","M","E","M","M","R","B",null,"M","$","M","?","$","E","R","E"],"character_chosen":"IRONCLAD","items_purchased":["Shrug It Off","Magic Flower","Shockwave"],"campfire_rested":0,"item_purchase_floors":[5,22,22],"current_hp_per_floor":[70,59,63,63,63,26,27,33,33,33,39,43,36,40,40,36,65,75,75,65,65,65,48,48,0],"gold":78,"neow_bonus":"HUNDRED_GOLD","is_prod":false,"is_daily":false,"chose_seed":false,"campfire_upgraded":3,"win_rate":0,"timestamp":1550414872,"path_taken":["M","?","M","?","$","E","?","E","T","R","M","E","M","M","R","BOSS","M","$","M","?","?","E","R","E"],"build_version":"2019-01-23","purchased_purges":2,"victory":false,"max_hp_per_floor":[75,75,75,75,75,75,75,75,75,75,75,75,75,75,75,75,75,75,75,75,75,75,75,75,75],"card_choices":[{"not_picked":["Havoc","Reckless Charge"],"picked":"Sword Boomerang","floor":1},{"not_picked":["Flex","Iron Wave"],"picked":"Uppercut","floor":3},{"not_picked":["Berserk","Havoc"],"picked":"Anger","floor":6},{"not_picked":["Clash","Heavy Blade"],"picked":"Anger","floor":7},{"not_picked":["Sword Boomerang","Fire Breathing"],"picked":"Inflame","floor":8},{"not_picked":["Headbutt","Havoc"],"picked":"Pummel","floor":11},{"not_picked":["Carnage","Barricade","Clothesline"],"picked":"SKIP","floor":12},{"not_picked":["Cleave","Ghostly Armor"],"picked":"Inflame","floor":13},{"not_picked":["True Grit","Iron Wave"],"picked":"Shrug It Off","floor":14},{"not_picked":["Dark Embrace","Double Tap"],"picked":"Reaper","floor":16},{"not_picked":["Rampage","Pommel Strike","Clash"],"picked":"SKIP","floor":18},{"not_picked":["Thunderclap","Flex"],"picked":"Armaments","floor":20},{"not_picked":["Wild Strike","Uppercut"],"picked":"Shrug It Off","floor":23}],"player_experience":1277462,"relics_obtained":[{"floor":6,"key":"Thread and Needle"},{"floor":8,"key":"Pen Nib"},{"floor":9,"key":"Darkstone Periapt"},{"floor":12,"key":"The Courier"},{"floor":23,"key":"Whetstone"}],"event_choices":[{"damage_healed":0,"gold_gain":75,"player_choice":"Gather Gold","damage_taken":11,"max_hp_gain":0,"max_hp_loss":0,"event_name":"World of Goop","floor":2,"gold_loss":0},{"damage_healed":0,"gold_gain":0,"player_choice":"Grow","damage_taken":0,"max_hp_gain":0,"max_hp_loss":0,"event_name":"Living Wall","floor":4,"gold_loss":0,"cards_upgraded":["Uppercut"]},{"damage_healed":0,"gold_gain":0,"player_choice":"Bought 3 Potions","damage_taken":0,"max_hp_gain":0,"max_hp_loss":0,"event_name":"The Woman in Blue","floor":21,"gold_loss":0}],"is_beta":false,"boss_relics":[{"not_picked":["Orrery","Lizard Tail"],"picked":"Velvet Choker"}],"items_purged_floors":[5,22],"is_endless":false,"potions_floor_spawned":[6,8,13,16,23],"killed_by":"Book of Stabbing","ascension_level":20}