{"gold_per_floor":[116,391,22,22,33,59,59,90,90,90,13,13,13,44,44,140,140,158,73,94,94,94,94,129,129,202,223,273,314,314,164,164,258,258,282,107,157,172,193,227,227,227],"floor_reached":42,"playtime":1375,"items_purged":["Regret","Writhe","Injury"],"score":1052,"play_id":"53675d54-103b-4847-bd21-94959e7624c6","local_time":"20190805215616","is_ascension_mode":true,"campfire_choices":[{"data":"Catalyst","floor":7,"key":"SMITH"},{"floor":10,"key":"REST"},{"floor":13,"key":"REST"},{"data":"Deadly Poison","floor":15,"key":"SMITH"},{"data":"Well Laid Plans","floor":23,"key":"SMITH"},{"data":"Dash","floor":25,"key":"SMITH"},{"data":"Leg Sweep","floor":30,"key":"SMITH"},{"data":"Backflip","floor":32,"key":"SMITH"},{"data":"Venomology","floor":41,"key":"SMITH"}],"neow_cost":"NONE","seed_source_timestamp":44933322657335,"circlet_count":0,"master_deck":["AscendersBane","Survivor","Neutralize+1","Deadly Poison+1","Dash+1","Catalyst+1","Backflip+1","Blur","Deadly Poison+1","Deflect","Leg Sweep+1","Escape Plan","Glass Knife+1","Sucker Punch+1","Well Laid Plans+1","Endless Agony+1","Backstab+1","Deflect+1","Poisoned Stab+1","Corpse Explosion","Venomology+1","Corpse Explosion","Masterful Stab+1","Noxious Fumes","Poisoned Stab+1","Tactician","Bouncing Flask","Corpse Explosion","Escape Plan","Bouncing Flask","Acrobatics+1","Poisoned Stab+1","Catalyst","PiercingWail+1","Dodge and Roll"],"relics":["Ring of the Snake","TwistedFunnel","Ginger","Dream Catcher","Thread and Needle","Golden Idol","Molten Egg 2","Cursed Key","Mercury Hourglass","Anchor","Oddly Smooth Stone","Blue Candle","Ornamental Fan","Pandora\u0027s Box","Smiling Mask"],"potions_floor_usage":[8,8,16,24,33],"damage_taken":[{"damage":2,"enemies":"Jaw Worm","floor":1,"turns":7},{"damage":0,"enemies":"Cultist","floor":5,"turns":2},{"damage":3,"enemies":"Gremlin Nob","floor":6,"turns":3},{"damage":31,"enemies":"3 Sentries","floor":8,"turns":20},{"damage":4,"enemies":"Lagavulin","floor":14,"turns":5},{"damage":13,"enemies":"Slime Boss","floor":16,"turns":15},{"damage":0,"enemies":"2 Thieves","floor":18,"turns":4},{"damage":0,"enemies":"Shell Parasite","floor":20,"turns":3},{"damage":3,"enemies":"Slavers","floor":24,"turns":4},{"damage":4,"enemies":"Snake Plant","floor":27,"turns":4},{"damage":16,"enemies":"Book of Stabbing","floor":29,"turns":4},{"damage":23,"enemies":"Automaton","floor":33,"turns":11},{"damage":0,"enemies":"3 Darklings","floor":35,"turns":1},{"damage":0,"enemies":"Orb Walker","floor":38,"turns":2},{"damage":3,"enemies":"Spire Growth","floor":39,"turns":3},{"damage":7,"enemies":"Giant Head","floor":40,"turns":6},{"damage":41,"enemies":"Nemesis","floor":42,"turns":3}],"seed_played":"3410343031941068216","potions_obtained":[{"floor":5,"key":"Block Potion"},{"floor":6,"key":"Block Potion"},{"floor":8,"key":"PowerPotion"},{"floor":18,"key":"SkillPotion"},{"floor":20,"key":"AttackPotion"},{"floor":29,"key":"FearPotion"}],"is_trial":false,"path_per_floor":["M","?","$","?","M","E","R","E","T","R","$","?","R","E","R","B",null,"M","?","M","?","T","R","E","R","T","M","?","E","R","$","R","B",null,"M","$","?","M","M","E","R","E"],"character_chosen":"THE_SILENT","items_purchased":["TwistedFunnel","Dash","Deadly Poison","Deflect","Poisoned Stab+1","Poisoned Stab+1"],"campfire_rested":2,"item_purchase_floors":[3,3,11,11,31,36],"current_hp_per_floor":[57,57,57,37,37,34,34,3,3,22,22,22,40,36,36,23,51,51,51,51,51,51,51,48,48,48,44,44,28,28,28,28,5,46,46,46,46,46,43,36,36,0],"gold":227,"neow_bonus":"UPGRADE_CARD","is_prod":false,"is_daily":false,"chose_seed":false,"campfire_upgraded":7,"win_rate":0,"timestamp":1565034976,"path_taken":["M","?","$","?","M","E","R","E","T","R","$","?","R","E","R","BOSS","M","?","M","?","?","R","E","R","T","M","?","E","R","$","R","BOSS","M","$","?","M","M","E","R","E"],"build_version":"2019-07-17","purchased_purges":3,"victory":false,"max_hp_per_floor":[66,66,66,66,66,66,66,66,66,66,66,60,60,60,60,60,60,60,60,60,60,60,60,60,60,60,60,60,60,60,60,60,60,60,60,60,60,60,60,60,60,60],"card_choices":[{"not_picked":["Caltrops","Bane"],"picked":"Deadly Poison","floor":1},{"not_picked":["Poisoned Stab","Finisher"],"picked":"Catalyst","floor":5},{"not_picked":["Calculated Gamble","Deflect"],"picked":"Backflip","floor":6},{"not_picked":["Envenom","Outmaneuver","Masterful Stab"],"picked":"SKIP","floor":8},{"not_picked":["Heel Hook","Finisher"],"picked":"Blur","floor":10},{"not_picked":["Underhanded Strike","Dash"],"picked":"Leg Sweep","floor":13},{"not_picked":["Deflect","Prepared"],"picked":"Escape Plan","floor":14},{"not_picked":["After Image","Storm of Steel"],"picked":"Glass Knife+1","floor":16},{"not_picked":["All Out Attack+1","Underhanded Strike+1"],"picked":"Sucker Punch+1","floor":18},{"not_picked":["Blade Dance+1","Caltrops"],"picked":"Well Laid Plans","floor":20},{"not_picked":["Dagger Throw+1","Blade Dance"],"picked":"Endless Agony+1","floor":24},{"not_picked":["Predator+1","Flechettes+1"],"picked":"Backstab+1","floor":27},{"not_picked":["Eviscerate+1","Backstab+1","Deflect+1"],"picked":"SKIP","floor":29},{"not_picked":["Eviscerate+1","Backstab+1"],"picked":"Deflect+1","floor":29},{"not_picked":["Night Terror","A Thousand Cuts"],"picked":"Corpse Explosion","floor":33},{"not_picked":["Finisher+1","Caltrops"],"picked":"Acrobatics+1","floor":35},{"not_picked":["Dodge and Roll","All Out Attack+1"],"picked":"Catalyst","floor":38},{"not_picked":["Deadly Poison","Acrobatics"],"picked":"PiercingWail+1","floor":39},{"not_picked":["Setup","Infinite Blades"],"picked":"Dodge and Roll","floor":40}],"player_experience":1881730,"relics_obtained":[{"floor":6,"key":"Ginger"},{"floor":8,"key":"Dream Catcher"},{"floor":9,"key":"Thread and Needle"},{"floor":14,"key":"Molten Egg 2"},{"floor":22,"key":"Anchor"},{"floor":24,"key":"Oddly Smooth Stone"},{"floor":26,"key":"Blue Candle"},{"floor":29,"key":"Ornamental Fan"},{"floor":40,"key":"Smiling Mask"}],"event_choices":[{"damage_healed":0,"gold_gain":275,"player_choice":"Desecrate","damage_taken":0,"max_hp_gain":0,"max_hp_loss":0,"event_name":"Golden Shrine","floor":2,"gold_loss":0,"cards_obtained":["Regret"]},{"damage_healed":0,"gold_gain":0,"player_choice":"Entered Light","damage_taken":20,"max_hp_gain":0,"max_hp_loss":0,"event_name":"Shining Light","floor":4,"gold_loss":0,"cards_upgraded":["Strike_G","Deadly Poison"]},{"damage_healed":0,"gold_gain":0,"player_choice":"Lose Max HP","damage_taken":0,"relics_obtained":["Golden Idol"],"max_hp_gain":0,"max_hp_loss":6,"event_name":"Golden Idol","floor":12,"gold_loss":0},{"damage_healed":0,"gold_gain":0,"player_choice":"Obtained Relic","damage_taken":0,"relics_obtained":["Mercury Hourglass"],"max_hp_gain":0,"max_hp_loss":0,"event_name":"Addict","floor":19,"gold_loss":85},{"damage_healed":0,"gold_gain":0,"player_choice":"Simplicity","damage_taken":0,"max_hp_gain":0,"max_hp_loss":0,"event_name":"Back to Basics","floor":21,"gold_loss":0,"cards_upgraded":["Strike_G","Strike_G","Strike_G","Strike_G","Defend_G","Defend_G","Defend_G","Defend_G","Defend_G"]},{"damage_healed":0,"gold_gain":50,"player_choice":"Stole From Cult","damage_taken":0,"max_hp_gain":0,"max_hp_loss":0,"event_name":"Nest","floor":28,"gold_loss":0},{"damage_healed":0,"gold_gain":50,"player_choice":"Pray","damage_taken":0,"max_hp_gain":0,"max_hp_loss":0,"event_name":"Golden Shrine","floor":37,"gold_loss":0}],"is_beta":false,"boss_relics":[{"not_picked":["Philosopher\u0027s Stone","Runic Pyramid"],"picked":"Cursed Key"},{"not_picked":["WristBlade","Coffee Dripper"],"picked":"Pandora\u0027s Box"}],"items_purged_floors":[3,31,36],"is_endless":false,"potions_floor_spawned":[5,6,8,18,20,29],"killed_by":"Nemesis","ascension_level":20}