{"path_per_floor":["M","?","?","?","T","R","M","M","T","R","M","M","E","M","R","B",null,"M","?","$","M","?","R","?","R","T","$","M","M","T","E","R"],"character_chosen":"IRONCLAD","items_purchased":["Combust","Bottled Tornado"],"gold_per_floor":[117,117,117,117,144,144,163,176,176,176,191,210,253,278,278,402,402,420,343,32,48,48,48,48,48,48,48,72,87,165,201,201,201],"floor_reached":33,"campfire_rested":1,"playtime":1966,"current_hp_per_floor":[80,85,85,64,71,71,66,72,72,72,66,66,58,64,64,54,92,95,95,95,74,74,74,74,74,74,74,76,73,73,50,80,0],"items_purged":[],"gold":201,"score":290,"play_id":"954cb90e-edd6-47f2-8653-0f3f9f6ea6b6","local_time":"20180513233843","is_prod":false,"is_daily":false,"chose_seed":false,"is_ascension_mode":false,"campfire_upgraded":5,"timestamp":1526247523,"path_taken":["M","?","?","?","?","R","M","M","T","R","M","M","E","M","R","BOSS","M","?","$","M","?","R","?","R","T","$","M","M","?","E","R","BOSS"],"build_version":"2018-05-10","seed_source_timestamp":46050084647632,"purchased_purges":0,"victory":false,"master_deck":["Strike_R+1","Strike_R+1","Strike_R+1","Strike_R+1","Strike_R+1","Defend_R+1","Defend_R+1","Defend_R+1","Defend_R+1","Bash","Double Tap+1","Rampage+1","Evolve","Headbutt","Cleave","Flame Barrier+1","Disarm+1","Clothesline","Feed","Clash+1","J.A.X.+1","Combust+1","Perfected Strike+1","Writhe","Flex","Flame Barrier+1","Flex+1"],"max_hp_per_floor":[80,85,85,85,92,92,92,92,92,92,92,92,92,92,92,92,92,95,95,95,95,95,95,95,95,95,95,98,98,98,103,103,103],"relics":["Burning Blood","Gambling Chip","Golden Idol","Strawberry","Toolbox","Frozen Egg 2","Runic Pyramid","Bottled Tornado","Ornamental Fan","Smiling Mask","Matryoshka","Prayer Wheel"],"card_choices":[{"not_picked":["Reckless Charge","Headbutt"],"picked":"Rampage","floor":1},{"not_picked":["Warcry","Anger"],"picked":"Evolve","floor":7},{"not_picked":["Anger","True Grit"],"picked":"Headbutt","floor":8},{"not_picked":["Blood for Blood","Juggernaut"],"picked":"Cleave","floor":11},{"not_picked":["Heavy Blade","Havoc"],"picked":"Flame Barrier","floor":12},{"not_picked":["Feel No Pain","Evolve"],"picked":"Disarm","floor":13},{"not_picked":["Body Slam","Sword Boomerang"],"picked":"Clothesline","floor":14},{"not_picked":["Juggernaut","Dark Embrace"],"picked":"Feed","floor":16},{"not_picked":["Warcry","Second Wind"],"picked":"Clash","floor":18},{"not_picked":["Fire Breathing","Cleave"],"picked":"Perfected Strike","floor":21},{"not_picked":["Clothesline","Dropkick"],"picked":"Flex","floor":28},{"not_picked":["Iron Wave","Cleave"],"picked":"Flame Barrier","floor":29},{"not_picked":["Perfected Strike","Twin Strike"],"picked":"Flex","floor":31}],"player_experience":44862,"potions_floor_usage":[13,29,29,31,31,31,31,31],"damage_taken":[{"damage":0,"enemies":"2 Louse","floor":1,"turns":3},{"damage":11,"enemies":"Jaw Worm","floor":7,"turns":2},{"damage":0,"enemies":"Small Slimes","floor":8,"turns":2},{"damage":12,"enemies":"3 Louse","floor":11,"turns":3},{"damage":6,"enemies":"Exordium Thugs","floor":12,"turns":3},{"damage":14,"enemies":"Gremlin Nob","floor":13,"turns":4},{"damage":0,"enemies":"Gremlin Gang","floor":14,"turns":3},{"damage":16,"enemies":"The Guardian","floor":16,"turns":11},{"damage":0,"enemies":"Chosen","floor":18,"turns":4},{"damage":27,"enemies":"3 Byrds","floor":21,"turns":3},{"damage":7,"enemies":"Snecko","floor":28,"turns":3},{"damage":9,"enemies":"Chosen and Byrds","floor":29,"turns":3},{"damage":34,"enemies":"Gremlin Leader","floor":31,"turns":4},{"damage":80,"enemies":"Automaton","floor":33,"turns":8}],"event_choices":[{"event_name":"Big Fish","player_choice":"Donut","floor":2,"damage_taken":0},{"event_name":"Wheel of Change","player_choice":"Relic","floor":3,"damage_taken":0},{"event_name":"Golden Idol","player_choice":"Take Damage","floor":4,"damage_taken":0},{"event_name":"Drug Dealer","player_choice":"Got JAXXED","floor":19,"damage_taken":0},{"event_name":"Back to Basics","player_choice":"Simplicity","floor":22,"damage_taken":0},{"event_name":"The Mausoleum","player_choice":"Yes","floor":24,"damage_taken":0}],"boss_relics":[{"not_picked":["Calling Bell","Snecko Eye"],"picked":"Runic Pyramid"}],"potions_floor_spawned":[1,13,14,16,28,29],"seed_played":"-4279886201623584992","killed_by":"Automaton","ascension_level":0,"is_trial":false}