{"gold_per_floor":[112,112,112,123,142,142,171,171,221,221,237,44,44,25,25,104,104,117,117,127,38,38,38,38],"floor_reached":24,"playtime":1271,"items_purged":[],"score":336,"play_id":"7b209d7f-e01e-4686-ada5-83446df6fbf0","local_time":"20181128000800","is_ascension_mode":true,"campfire_choices":[{"data":"Neutralize","floor":6,"key":"SMITH"},{"floor":8,"key":"REST"},{"data":"Infinite Blades","floor":13,"key":"SMITH"},{"data":"Noxious Fumes","floor":15,"key":"SMITH"},{"data":"Footwork","floor":23,"key":"SMITH"}],"neow_cost":"PERCENT_DAMAGE","seed_source_timestamp":50756116101626,"circlet_count":0,"master_deck":["AscendersBane","Defend_G","Defend_G","Defend_G","Defend_G","Defend_G","Strike_G","Strike_G","Strike_G","Strike_G","Survivor","Neutralize+1","Adrenaline","Backstab","Infinite Blades+1","Blade Dance","Choke","Quick Slash","Noxious Fumes+1","After Image","Slice","Prepared+1","Footwork+1","Infinite Blades+1"],"relics":["Ring of the Snake","Smiling Mask","Mercury Hourglass","Omamori","Membership Card","WristBlade"],"potions_floor_usage":[7,16,16,24,24],"damage_taken":[{"damage":9,"enemies":"Small Slimes","floor":1,"turns":5},{"damage":0,"enemies":"Jaw Worm","floor":4,"turns":4},{"damage":0,"enemies":"Cultist","floor":5,"turns":4},{"damage":21,"enemies":"Gremlin Nob","floor":7,"turns":5},{"damage":0,"enemies":"3 Louse","floor":11,"turns":2},{"damage":11,"enemies":"Hexaghost","floor":16,"turns":10},{"damage":10,"enemies":"2 Thieves","floor":18,"turns":4},{"damage":11,"enemies":"Spheric Guardian","floor":20,"turns":4},{"damage":42,"enemies":"Gremlin Leader","floor":24,"turns":5}],"seed_played":"-5563245682786670842","potions_obtained":[{"floor":1,"key":"Block Potion"},{"floor":7,"key":"SpeedPotion"},{"floor":11,"key":"Block Potion"},{"floor":20,"key":"Block Potion"}],"is_trial":false,"path_per_floor":["M","?","?","M","M","R","E","R","T","?","M","$","R","$","R","B",null,"M","?","M","$","?","R","E"],"character_chosen":"THE_SILENT","items_purchased":["Membership Card","Noxious Fumes","Footwork","Fruit Juice"],"campfire_rested":1,"item_purchase_floors":[12,14,21,21],"current_hp_per_floor":[35,24,24,24,24,24,3,22,22,22,22,22,22,22,22,11,52,42,42,31,31,31,31,0],"gold":38,"neow_bonus":"THREE_RARE_CARDS","is_prod":false,"is_daily":false,"chose_seed":false,"campfire_upgraded":4,"win_rate":0,"timestamp":1543360080,"path_taken":["M","?","?","M","?","R","E","R","T","?","M","$","R","?","R","BOSS","M","?","M","$","?","R","E"],"build_version":"2018-11-15","purchased_purges":0,"victory":false,"max_hp_per_floor":[66,66,66,66,66,66,66,66,66,66,66,66,66,66,66,66,66,66,66,66,66,66,66,71],"card_choices":[{"not_picked":["Grand Finale","Wraith Form v2"],"picked":"Adrenaline","floor":0},{"not_picked":["Expertise","Blade Dance"],"picked":"Backstab","floor":1},{"not_picked":["Distraction","PiercingWail"],"picked":"Infinite Blades","floor":4},{"not_picked":["Underhanded Strike","Dagger Throw"],"picked":"Blade Dance","floor":5},{"not_picked":["Slice","Bane"],"picked":"Choke","floor":7},{"not_picked":["Sucker Punch","Dagger Throw"],"picked":"Quick Slash","floor":11},{"not_picked":["Corpse Explosion","Unload"],"picked":"After Image","floor":16},{"not_picked":["Skewer","Deflect"],"picked":"Slice","floor":18},{"not_picked":["Bane","Poisoned Stab"],"picked":"Prepared+1","floor":20}],"player_experience":899454,"relics_obtained":[{"floor":7,"key":"Mercury Hourglass"},{"floor":9,"key":"Omamori"}],"event_choices":[{"damage_healed":0,"gold_gain":0,"player_choice":"Success","damage_taken":11,"relics_obtained":["Smiling Mask"],"max_hp_gain":0,"max_hp_loss":0,"event_name":"Scrap Ooze","floor":2,"gold_loss":0},{"cards_removed":["Strike_G"],"damage_healed":0,"gold_gain":0,"player_choice":"Offered Basic","damage_taken":0,"max_hp_gain":0,"max_hp_loss":0,"event_name":"Bonfire Elementals","floor":3,"gold_loss":0},{"damage_healed":0,"gold_gain":0,"player_choice":"Searched \u00270\u0027 times","damage_taken":0,"max_hp_gain":0,"max_hp_loss":0,"event_name":"Dead Adventurer","floor":10,"gold_loss":0},{"damage_healed":0,"gold_gain":0,"player_choice":"Smashed Altar","damage_taken":0,"max_hp_gain":0,"max_hp_loss":0,"event_name":"Forgotten Altar","floor":19,"gold_loss":0,"cards_obtained":["Decay"]},{"damage_healed":0,"gold_gain":0,"player_choice":"Copied","damage_taken":0,"max_hp_gain":0,"max_hp_loss":0,"event_name":"Duplicator","floor":22,"gold_loss":0,"cards_obtained":["Infinite Blades"]}],"is_beta":true,"boss_relics":[{"not_picked":["HoveringKite","Snecko Eye"],"picked":"WristBlade"}],"items_purged_floors":[],"is_endless":false,"potions_floor_spawned":[1,7,11,20],"killed_by":"Gremlin Leader","ascension_level":15}