{"gold_per_floor":[119,194,244,262,281,281,310,310,310,335,346,363,363,383,383,458,458,476,241,256,272,297,325,325,343,368,368],"floor_reached":27,"playtime":2254,"items_purged":["Strike_R"],"score":490,"play_id":"3c0b4af8-87bf-458e-a98d-bde4bf7d6f81","local_time":"20190710202023","is_ascension_mode":true,"campfire_choices":[{"data":"Uppercut","floor":6.0,"key":"SMITH"},{"data":"Anger","floor":8.0,"key":"SMITH"},{"floor":13.0,"key":"REST"},{"data":"Disarm","floor":15.0,"key":"SMITH"},{"floor":24.0,"key":"REST"}],"neow_cost":"TEN_PERCENT_HP_LOSS","seed_source_timestamp":0,"circlet_count":0,"master_deck":["AscendersBane","Strike_R","Strike_R","Strike_R","Strike_R","Defend_R","Defend_R","Defend_R","Defend_R","Bash","Shockwave","Anger+1","Uppercut+1","Disarm+1","Cleave","Carnage","Ghostly Armor","Sword Boomerang","Offering","Battle Trance+1","Disarm","Rampage+1","Headbutt"],"special_seed":0,"relics":["Burning Blood","Champion Belt","Blue Candle","Oddly Smooth Stone","Darkstone Periapt","Runic Dome","Anchor","Red Mask","Blood Vial","Centennial Puzzle"],"potions_floor_usage":[],"damage_taken":[{"damage":16.0,"enemies":"Small Slimes","floor":1.0,"turns":6.0},{"damage":7.0,"enemies":"Cultist","floor":4.0,"turns":4.0},{"damage":9.0,"enemies":"Jaw Worm","floor":5.0,"turns":4.0},{"damage":20.0,"enemies":"Lagavulin","floor":7.0,"turns":6.0},{"damage":21.0,"enemies":"Gremlin Nob","floor":10.0,"turns":4.0},{"damage":2.0,"enemies":"2 Fungi Beasts","floor":11.0,"turns":3.0},{"damage":12.0,"enemies":"3 Louse","floor":12.0,"turns":3.0},{"damage":2.0,"enemies":"Exordium Thugs","floor":14.0,"turns":3.0},{"damage":28.0,"enemies":"Slime Boss","floor":16.0,"turns":7.0},{"damage":14.0,"enemies":"Spheric Guardian","floor":18.0,"turns":4.0},{"damage":6.0,"enemies":"3 Byrds","floor":20.0,"turns":6.0},{"damage":8.0,"enemies":"Snecko","floor":21.0,"turns":4.0},{"damage":17.0,"enemies":"Masked Bandits","floor":22.0,"turns":5.0},{"damage":17.0,"enemies":"Book of Stabbing","floor":23.0,"turns":6.0},{"damage":38.0,"enemies":"Cultist and Chosen","floor":25.0,"turns":5.0},{"damage":17,"enemies":"Shelled Parasite and Fungi","floor":27,"turns":2}],"seed_played":"-6283597477024549817","potions_obtained":[{"floor":4.0,"key":"SkillPotion"},{"floor":10.0,"key":"Fire Potion"},{"floor":14.0,"key":"SteroidPotion"},{"floor":16.0,"key":"Weak Potion"},{"floor":25.0,"key":"SteroidPotion"}],"is_trial":false,"path_per_floor":["M","?","?","M","M","R","E","R","T","E","M","M","R","M","R","B",null,"M","$","M","M","?","E","R","M","T","M"],"character_chosen":"IRONCLAD","items_purchased":["Anchor"],"campfire_rested":2,"item_purchase_floors":[19],"current_hp_per_floor":[58,47,47,46,43,43,29,29,29,14,18,12,32,36,36,14,55,47,47,47,45,34,23,43,13,13,0],"gold":368,"neow_bonus":"ONE_RARE_RELIC","is_prod":false,"is_daily":false,"chose_seed":false,"campfire_upgraded":3,"win_rate":0,"timestamp":1562782823,"path_taken":["M","?","?","M","?","R","E","R","T","E","M","M","R","M","R","BOSS","M","$","?","M","?","E","R","M","T","M"],"build_version":"2019-07-05","purchased_purges":1,"victory":false,"max_hp_per_floor":[68,68,68,68,68,68,68,68,68,68,68,68,68,68,68,68,68,68,68,68,68,68,68,68,68,68,68],"card_choices":[{"not_picked":["Sword Boomerang","Havoc"],"picked":"Shockwave","floor":1.0},{"not_picked":["Inflame","Sentinel"],"picked":"Anger","floor":4.0},{"not_picked":["Shrug It Off","Twin Strike"],"picked":"Uppercut","floor":5.0},{"not_picked":["Pommel Strike","Exhume"],"picked":"Disarm","floor":7.0},{"not_picked":["Wild Strike","Shockwave"],"picked":"Cleave","floor":10.0},{"not_picked":["Searing Blow","Power Through"],"picked":"Carnage","floor":11.0},{"not_picked":["Havoc","Clash"],"picked":"Ghostly Armor","floor":12.0},{"not_picked":["Headbutt","True Grit"],"picked":"Sword Boomerang","floor":14.0},{"not_picked":["Juggernaut","Demon Form"],"picked":"Offering","floor":16.0},{"not_picked":["Twin Strike","Rage","Sever Soul"],"picked":"SKIP","floor":18.0},{"not_picked":["Iron Wave","Anger"],"picked":"Battle Trance+1","floor":20.0},{"not_picked":["Shockwave","Armaments"],"picked":"Disarm","floor":21.0},{"not_picked":["Body Slam","Clash"],"picked":"Rampage+1","floor":22.0},{"not_picked":["Blood for Blood","Sentinel","Cleave+1"],"picked":"SKIP","floor":23.0},{"not_picked":["Clash","Burning Pact"],"picked":"Headbutt","floor":25.0}],"player_experience":1783548,"relics_obtained":[{"floor":7.0,"key":"Blue Candle"},{"floor":9.0,"key":"Oddly Smooth Stone"},{"floor":10.0,"key":"Darkstone Periapt"},{"floor":22.0,"key":"Red Mask"},{"floor":23.0,"key":"Blood Vial"},{"floor":26.0,"key":"Centennial Puzzle"}],"event_choices":[{"damage_healed":0.0,"max_hp_gain":0.0,"max_hp_loss":0.0,"gold_gain":75.0,"event_name":"World of Goop","player_choice":"Gather Gold","floor":2.0,"gold_loss":0.0,"damage_taken":11.0},{"damage_healed":0.0,"max_hp_gain":0.0,"max_hp_loss":0.0,"gold_gain":50.0,"event_name":"Golden Shrine","player_choice":"Pray","floor":3.0,"gold_loss":0.0,"damage_taken":0.0},{"damage_healed":0.0,"max_hp_gain":0.0,"max_hp_loss":0.0,"gold_gain":0.0,"event_name":"Masked Bandits","player_choice":"Fought Bandits","floor":22.0,"gold_loss":0.0,"damage_taken":0.0}],"is_beta":false,"boss_relics":[{"not_picked":["Runic Cube","Velvet Choker"],"picked":"Runic Dome"}],"items_purged_floors":[19],"is_endless":false,"potions_floor_spawned":[4,10,14,16,20,25],"killed_by":"Shelled Parasite and Fungi","ascension_level":20}