{"gold_per_floor":[115,127,15,27,27,58,58,94,174,208,228,228,24,24,24,105,105,105,105,20,20,20,20,20,20,20,20,20,20,20,20],"floor_reached":31,"playtime":2981,"items_purged":["Strike_R","Strike_R"],"score":614,"play_id":"536d019d-7bcf-4462-9615-f5aa0ad4f069","local_time":"20190921134913","is_ascension_mode":true,"campfire_choices":[{"data":"Inflame","floor":7.0,"key":"SMITH"},{"data":"Juggernaut","floor":12.0,"key":"SMITH"},{"data":"Bash","floor":15.0,"key":"SMITH"},{"data":"Offering","floor":23.0,"key":"SMITH"}],"neow_cost":"NONE","seed_source_timestamp":0,"circlet_count":0,"master_deck":["AscendersBane","Defend_R","Defend_R","Defend_R","Defend_R","Bash+1","Inflame+1","Twin Strike+1","Shrug It Off","Feel No Pain","Anger+1","Juggernaut+1","Feel No Pain","Sword Boomerang","Spot Weakness","Shrug It Off","Reaper","Offering+1","Exhume","Reaper"],"special_seed":0,"relics":["Burning Blood","Du-Vu Doll","CeramicFish","Matryoshka","Smiling Mask","Ectoplasm","Juzu Bracelet","The Courier","Kunai","Akabeko","Singing Bowl","Whetstone"],"potions_floor_usage":[31,31],"damage_taken":[{"damage":2.0,"enemies":"Small Slimes","floor":1.0,"turns":5.0},{"damage":6.0,"enemies":"Cultist","floor":2.0,"turns":3.0},{"damage":0.0,"enemies":"2 Louse","floor":4.0,"turns":5.0},{"damage":8.0,"enemies":"Gremlin Nob","floor":6.0,"turns":3.0},{"damage":12.0,"enemies":"Lagavulin","floor":8.0,"turns":7.0},{"damage":19.0,"enemies":"3 Sentries","floor":10.0,"turns":5.0},{"damage":0.0,"enemies":"Lots of Slimes","floor":11.0,"turns":3.0},{"damage":44.0,"enemies":"The Guardian","floor":16.0,"turns":9.0},{"damage":10.0,"enemies":"Chosen","floor":18.0,"turns":5.0},{"damage":43.0,"enemies":"Book of Stabbing","floor":24.0,"turns":4.0},{"damage":38.0,"enemies":"Gremlin Leader","floor":27.0,"turns":5.0},{"damage":19.0,"enemies":"Spheric Guardian","floor":28.0,"turns":4.0},{"damage":44.0,"enemies":"Book of Stabbing","floor":29.0,"turns":5.0},{"damage":100,"enemies":"Slavers","floor":31,"turns":5}],"seed_played":"1507008706783235265","potions_obtained":[{"floor":4.0,"key":"Fire Potion"},{"floor":8.0,"key":"Explosive Potion"},{"floor":10.0,"key":"Fire Potion"},{"floor":16.0,"key":"FearPotion"},{"floor":24.0,"key":"PowerPotion"},{"floor":28.0,"key":"Strength Potion"}],"is_trial":false,"path_per_floor":["M","M","$","M","?","E","R","E","T","E","M","R","$","?","R","B",null,"M","$","?","$","?","R","E","?","T","E","M","E","?","E"],"character_chosen":"IRONCLAD","items_purchased":["Feel No Pain","Reaper"],"campfire_rested":0,"item_purchase_floors":[3,13],"current_hp_per_floor":[72,72,72,75,75,73,73,67,67,54,60,60,60,60,60,38,66,62,62,62,62,62,62,41,41,41,51,51,29,29,0],"gold":20,"neow_bonus":"TRANSFORM_CARD","is_prod":false,"is_daily":false,"chose_seed":false,"campfire_upgraded":4,"win_rate":0,"timestamp":1569066553,"path_taken":["M","M","$","M","?","E","R","E","T","E","?","R","?","?","R","BOSS","M","?","?","?","?","R","E","?","T","E","M","E","?","E"],"build_version":"2019-09-20","purchased_purges":2,"victory":false,"max_hp_per_floor":[75,75,75,75,75,75,75,75,75,75,75,75,75,75,75,75,75,75,75,75,75,75,75,75,75,75,77,79,81,81,81],"card_choices":[{"not_picked":["Pommel Strike","Seeing Red"],"picked":"Twin Strike","floor":1.0},{"not_picked":["Flex","Power Through"],"picked":"Shrug It Off","floor":2.0},{"not_picked":["Flex","Armaments"],"picked":"Anger","floor":4.0},{"not_picked":["Corruption","Clash"],"picked":"Feel No Pain","floor":6.0},{"not_picked":["Flex","Havoc"],"picked":"Sword Boomerang","floor":8.0},{"not_picked":["Iron Wave","Feel No Pain"],"picked":"Spot Weakness","floor":10.0},{"not_picked":["Sever Soul","Pommel Strike"],"picked":"Shrug It Off","floor":11.0},{"not_picked":["Barricade","Demon Form"],"picked":"Offering","floor":16.0},{"not_picked":["Anger","Iron Wave","Clothesline"],"picked":"SKIP","floor":18.0},{"not_picked":["Sentinel","Sword Boomerang"],"picked":"Fire Breathing","floor":24.0},{"not_picked":["Headbutt","Feel No Pain","Flex"],"picked":"Singing Bowl","floor":27.0},{"not_picked":["Combust+1","Wild Strike","Iron Wave"],"picked":"Singing Bowl","floor":28.0},{"not_picked":["Clothesline","Body Slam","Fire Breathing"],"picked":"Singing Bowl","floor":29.0}],"player_experience":2086754,"relics_obtained":[{"floor":6.0,"key":"Du-Vu Doll"},{"floor":8.0,"key":"CeramicFish"},{"floor":9.0,"key":"Matryoshka"},{"floor":10.0,"key":"Smiling Mask"},{"floor":24.0,"key":"The Courier"},{"floor":26.0,"key":"Kunai"},{"floor":26.0,"key":"Akabeko"},{"floor":27.0,"key":"Singing Bowl"},{"floor":29.0,"key":"Whetstone"}],"event_choices":[{"damage_healed":0.0,"max_hp_gain":0.0,"max_hp_loss":0.0,"gold_gain":0.0,"cards_transformed":["Strike_R"],"event_name":"Transmorgrifier","player_choice":"Transformed","floor":5.0,"gold_loss":0.0,"damage_taken":0.0,"cards_obtained":["Juggernaut"]},{"cards_removed":["Strike_R"],"damage_healed":0.0,"max_hp_gain":0.0,"max_hp_loss":0.0,"gold_gain":0.0,"event_name":"Bonfire Elementals","player_choice":"Offered Basic","floor":14.0,"gold_loss":0.0,"damage_taken":0.0},{"damage_healed":0.0,"max_hp_gain":0.0,"max_hp_loss":0.0,"gold_gain":0.0,"event_name":"Addict","player_choice":"Obtained Relic","floor":20.0,"gold_loss":85.0,"damage_taken":0.0,"relics_obtained":["Juzu Bracelet"]},{"damage_healed":0.0,"max_hp_gain":0.0,"max_hp_loss":0.0,"gold_gain":0.0,"event_name":"Vampires","player_choice":"Ignored","floor":22.0,"gold_loss":0.0,"damage_taken":0.0},{"damage_healed":0.0,"max_hp_gain":0.0,"max_hp_loss":0.0,"gold_gain":0.0,"event_name":"The Library","player_choice":"Read","floor":25.0,"gold_loss":0.0,"damage_taken":0.0,"cards_obtained":["Evolve"]},{"damage_healed":0.0,"max_hp_gain":0.0,"max_hp_loss":0.0,"gold_gain":0.0,"cards_transformed":["Evolve","Fire Breathing"],"event_name":"Drug Dealer","player_choice":"Became Test Subject","floor":30.0,"gold_loss":0.0,"damage_taken":0.0,"cards_obtained":["Exhume","Reaper"]}],"is_beta":true,"boss_relics":[{"not_picked":["Fusion Hammer","SacredBark"],"picked":"Ectoplasm"}],"items_purged_floors":[3,13],"is_endless":false,"potions_floor_spawned":[4,8,10,16,24,28,29],"killed_by":"Slavers","ascension_level":20}