{"gold_per_floor":[109,34,109,2,13,39,89,122,148,167,199,217,217,217,217,217],"floor_reached":16,"playtime":590,"items_purged":[],"score":265,"play_id":"036da125-977b-4285-99d8-9e5209fdc2e9","local_time":"20181201085926","is_ascension_mode":true,"campfire_choices":[{"data":"Armaments","floor":13.0,"key":"SMITH"},{"data":"Anger","floor":15.0,"key":"SMITH"}],"neow_cost":"NONE","seed_source_timestamp":0,"circlet_count":0,"master_deck":["AscendersBane","Strike_R","Strike_R","Strike_R","Strike_R","Defend_R","Defend_R","Defend_R","Defend_R","Bash","Uppercut","Shrug It Off","Armaments+1","Iron Wave","Warcry","Anger+1","Second Wind","Burning Pact","Offering"],"special_seed":0,"relics":["Burning Blood","NeowsBlessing","Bag of Preparation","Dodecahedron","Happy Flower","Blue Candle"],"potions_floor_usage":[16,16,16,16],"damage_taken":[{"damage":0.0,"enemies":"2 Louse","floor":1.0,"turns":2.0},{"damage":0.0,"enemies":"Small Slimes","floor":5.0,"turns":1.0},{"damage":0.0,"enemies":"Gremlin Nob","floor":6.0,"turns":1.0},{"damage":24.0,"enemies":"Lagavulin","floor":8.0,"turns":9.0},{"damage":1.0,"enemies":"Cultist","floor":10.0,"turns":3.0},{"damage":24.0,"enemies":"3 Sentries","floor":11.0,"turns":10.0},{"damage":13.0,"enemies":"Large Slime","floor":12.0,"turns":7.0},{"damage":53,"enemies":"Slime Boss","floor":16,"turns":9}],"seed_played":"-6822767065554694036","potions_obtained":[{"floor":1.0,"key":"EntropicBrew"},{"floor":6.0,"key":"Strength Potion"},{"floor":10.0,"key":"Ancient Potion"}],"is_trial":false,"path_per_floor":["M","?","?","$","M","E","?","E","T","M","E","M","R","?","R","B"],"character_chosen":"IRONCLAD","items_purchased":["Shrug It Off","Armaments"],"campfire_rested":0,"item_purchase_floors":[4,4],"current_hp_per_floor":[74,74,63,63,69,75,75,57,57,62,44,37,37,42,42,0],"gold":217,"neow_bonus":"THREE_ENEMY_KILL","is_prod":false,"is_daily":false,"chose_seed":false,"campfire_upgraded":2,"win_rate":0,"timestamp":1543651166,"path_taken":["M","?","?","$","M","E","?","E","T","?","E","M","R","?","R","BOSS"],"build_version":"2018-11-15","purchased_purges":0,"victory":false,"max_hp_per_floor":[75,75,75,75,75,75,75,75,75,75,75,75,75,80,80,80],"card_choices":[{"not_picked":["Disarm","Hemokinesis"],"picked":"Uppercut","floor":1.0},{"not_picked":["Cleave","Sword Boomerang"],"picked":"Iron Wave","floor":5.0},{"not_picked":["Sword Boomerang","Perfected Strike"],"picked":"Warcry","floor":6.0},{"not_picked":["Rage","Thunderclap"],"picked":"Anger","floor":8.0},{"not_picked":["Armaments","Rage"],"picked":"Second Wind","floor":10.0},{"not_picked":["Cleave","Shockwave"],"picked":"Burning Pact","floor":11.0},{"not_picked":["Flex","True Grit"],"picked":"Offering","floor":12.0}],"player_experience":927442,"relics_obtained":[{"floor":6.0,"key":"Bag of Preparation"},{"floor":8.0,"key":"Dodecahedron"},{"floor":9.0,"key":"Happy Flower"},{"floor":11.0,"key":"Blue Candle"}],"event_choices":[{"cards_removed":["Strike_R"],"damage_healed":0.0,"max_hp_gain":0.0,"max_hp_loss":0.0,"gold_gain":0.0,"event_name":"The Cleric","player_choice":"Card Removal","floor":2.0,"gold_loss":75.0,"damage_taken":0.0},{"damage_healed":0.0,"max_hp_gain":0.0,"max_hp_loss":0.0,"gold_gain":75.0,"event_name":"World of Goop","player_choice":"Gather Gold","floor":3.0,"gold_loss":0.0,"damage_taken":11.0},{"damage_healed":0.0,"max_hp_gain":0.0,"max_hp_loss":0.0,"gold_gain":50.0,"event_name":"Golden Shrine","player_choice":"Pray","floor":7.0,"gold_loss":0.0,"damage_taken":0.0},{"damage_healed":0.0,"max_hp_gain":5.0,"max_hp_loss":0.0,"gold_gain":0.0,"event_name":"Big Fish","player_choice":"Donut","floor":14.0,"gold_loss":0.0,"damage_taken":0.0}],"is_beta":true,"boss_relics":[],"items_purged_floors":[],"is_endless":false,"potions_floor_spawned":[1,6,10],"killed_by":"Slime Boss","ascension_level":17}