{"gold_per_floor":[214,214,214,59,72,72,103,3,3,29,60,6,37,49,49,124,124,134,9,9,9,25,25,50,50],"floor_reached":25,"playtime":811,"items_purged":["Regret","Strike_R","Strike_R"],"score":430,"play_id":"33ff6d08-36b9-44cd-a6b9-d24ebe0c856b","local_time":"20190713114614","is_ascension_mode":true,"campfire_choices":[{"data":"Demon Form","floor":6.0,"key":"SMITH"},{"data":"Disarm","floor":15,"key":"SMITH"},{"data":"Feed","floor":23,"key":"SMITH"}],"neow_cost":"NONE","seed_source_timestamp":6844977094790,"circlet_count":0,"master_deck":["AscendersBane","Strike_R","Strike_R","Strike_R","Defend_R","Defend_R+1","Defend_R","Defend_R+1","Bash+1","Anger","Disarm+1","Demon Form+1","Sword Boomerang+1","Battle Trance","True Grit","Pummel+1","Feed+1","Shrug It Off","Ghostly","Ghostly","Ghostly","Armaments+1"],"special_seed":0,"relics":["Burning Blood","War Paint","Bag of Marbles","Bronze Scales","Bag of Preparation","Unceasing Top","Blood Vial","Black Star","Whetstone"],"potions_floor_usage":[25,25],"damage_taken":[{"damage":3.0,"enemies":"Small Slimes","floor":1.0,"turns":4.0},{"damage":0.0,"enemies":"2 Louse","floor":5.0,"turns":3.0},{"damage":23.0,"enemies":"Lagavulin","floor":7.0,"turns":6.0},{"damage":32.0,"enemies":"Gremlin Nob","floor":11.0,"turns":4.0},{"damage":26.0,"enemies":"3 Sentries","floor":13.0,"turns":8.0},{"damage":0.0,"enemies":"Jaw Worm","floor":14.0,"turns":3.0},{"damage":5,"enemies":"The Guardian","floor":16,"turns":11},{"damage":36,"enemies":"Spheric Guardian","floor":18,"turns":7},{"damage":15,"enemies":"Shell Parasite","floor":22,"turns":6},{"damage":23,"enemies":"Slavers","floor":25,"turns":5}],"seed_played":"-929763765741552972","potions_obtained":[{"floor":7.0,"key":"PowerPotion"},{"floor":13.0,"key":"Fire Potion"},{"floor":22,"key":"Energy Potion"}],"is_trial":false,"path_per_floor":["M","?","?","$","M","R","E","$","T","T","E","$","E","M","R","B",null,"M","$","?","?","M","R","T","E"],"character_chosen":"IRONCLAD","items_purchased":["Disarm","True Grit"],"campfire_rested":0,"item_purchase_floors":[4,12],"current_hp_per_floor":[71,71,71,71,75,75,58,58,58,58,32,32,12,20,20,23,62,37,37,15,15,11,11,11,0],"gold":50,"neow_bonus":"HUNDRED_GOLD","is_prod":false,"is_daily":false,"chose_seed":false,"campfire_upgraded":3,"win_rate":0,"timestamp":1563011174,"path_taken":["M","?","?","$","M","R","E","$","T","?","E","?","E","M","R","BOSS","M","$","?","?","M","R","?","E"],"build_version":"2019-07-05","purchased_purges":3,"victory":false,"max_hp_per_floor":[75,75,75,75,75,75,75,75,75,75,75,75,75,75,75,75,75,78,78,83,41,44,44,44,48],"card_choices":[{"not_picked":["Thunderclap","Heavy Blade"],"picked":"Anger","floor":1.0},{"not_picked":["Infernal Blade","Perfected Strike"],"picked":"Demon Form","floor":5.0},{"not_picked":["Carnage","Havoc"],"picked":"Sword Boomerang","floor":7.0},{"not_picked":["Dropkick","Havoc"],"picked":"Battle Trance","floor":11.0},{"not_picked":["Pommel Strike","Body Slam"],"picked":"Pummel","floor":13.0},{"not_picked":["Pommel Strike","Pummel","Headbutt"],"picked":"SKIP","floor":14.0},{"not_picked":["Fiend Fire","Brutality"],"picked":"Feed","floor":16},{"not_picked":["Sentinel","Headbutt"],"picked":"Shrug It Off","floor":18},{"not_picked":["Seeing Red","Perfected Strike"],"picked":"Armaments+1","floor":22}],"player_experience":1798771,"relics_obtained":[{"floor":7.0,"key":"Bag of Marbles"},{"floor":9.0,"key":"Bronze Scales"},{"floor":10.0,"key":"Bag of Preparation"},{"floor":11.0,"key":"Unceasing Top"},{"floor":13.0,"key":"Blood Vial"},{"floor":24,"key":"Whetstone"}],"event_choices":[{"damage_healed":0.0,"max_hp_gain":0.0,"max_hp_loss":0.0,"gold_gain":0.0,"event_name":"Living Wall","player_choice":"Grow","floor":2.0,"gold_loss":0.0,"damage_taken":0.0,"cards_upgraded":["Bash"]},{"damage_healed":0.0,"max_hp_gain":0.0,"max_hp_loss":0.0,"gold_gain":0.0,"event_name":"Big Fish","player_choice":"Box","floor":3.0,"gold_loss":0.0,"damage_taken":0.0,"relics_obtained":["War Paint"],"cards_obtained":["Regret"]},{"damage_healed":0,"gold_gain":0,"player_choice":"Shed Blood","damage_taken":27,"max_hp_gain":5,"max_hp_loss":0,"event_name":"Forgotten Altar","floor":20,"gold_loss":0},{"damage_healed":0,"gold_gain":0,"player_choice":"Became a Ghost","damage_taken":0,"max_hp_gain":0,"max_hp_loss":42,"event_name":"Ghosts","floor":21,"gold_loss":0,"cards_obtained":["Ghostly","Ghostly","Ghostly"]}],"is_beta":false,"boss_relics":[{"not_picked":["Tiny House","Calling Bell"],"picked":"Black Star"}],"items_purged_floors":[4,8,19],"is_endless":false,"potions_floor_spawned":[7,13,22],"killed_by":"Slavers","ascension_level":20}