{"gold_per_floor":[117,127,127,52,66,93,93,118,150,150,169,182,182,202,202,276,276,293,305,305,368,18,46,58,105,195,207,239,251],"floor_reached":29,"playtime":4503,"items_purged":[],"score":550,"play_id":"82f10abd-9779-4e69-9855-ae91ffc5a633","local_time":"20190121001301","is_ascension_mode":true,"campfire_choices":[{"data":"Glass Knife","floor":7,"key":"SMITH"},{"data":"Adrenaline","floor":10,"key":"SMITH"},{"data":"Deadly Poison","floor":13,"key":"SMITH"},{"data":"Neutralize","floor":15,"key":"SMITH"},{"data":"Footwork","floor":24,"key":"SMITH"},{"floor":27,"key":"REST"}],"neow_cost":"NONE","seed_source_timestamp":48429396539412,"circlet_count":0,"master_deck":["AscendersBane","Defend_G","Defend_G","Defend_G","Defend_G","Defend_G","Strike_G","Strike_G","Strike_G","Strike_G","Strike_G","Survivor","Neutralize+1","Backflip","Dagger Spray","Glass Knife+1","Flying Knee","Adrenaline+1","Cloak And Dagger","Deadly Poison+1","Corpse Explosion","Dash+1","Noxious Fumes","Leg Sweep","Footwork+1","Calculated Gamble","Catalyst+1"],"relics":["Ring of the Snake","NeowsBlessing","Mercury Hourglass","Ancient Tea Set","PreservedInsect","hubris:SlimyHat","Runic Pyramid","SsserpentHead","Lee\u0027s Waffle","MawBank","Bag of Preparation"],"potions_floor_usage":[8,21,21,28],"damage_taken":[{"damage":0,"enemies":"Cultist","floor":1,"turns":1},{"damage":0,"enemies":"Jaw Worm","floor":2,"turns":1},{"damage":0,"enemies":"Small Slimes","floor":5,"turns":1},{"damage":17,"enemies":"3 Sentries","floor":6,"turns":6},{"damage":8,"enemies":"Gremlin Nob","floor":8,"turns":3},{"damage":0,"enemies":"Exordium Wildlife","floor":9,"turns":6},{"damage":0,"enemies":"Exordium Wildlife","floor":11,"turns":3},{"damage":0,"enemies":"Red Slaver","floor":12,"turns":2},{"damage":0,"enemies":"3 Louse","floor":14,"turns":2},{"damage":14,"enemies":"The Guardian","floor":16,"turns":11},{"damage":0,"enemies":"3 Byrds","floor":18,"turns":2},{"damage":0,"enemies":"Chosen","floor":19,"turns":4},{"damage":18,"enemies":"Snecko","floor":21,"turns":5},{"damage":39,"enemies":"Slavers","floor":23,"turns":4},{"damage":33,"enemies":"Book of Stabbing","floor":25,"turns":6},{"damage":13,"enemies":"Shelled Parasite and Fungi","floor":28,"turns":5},{"damage":9,"enemies":"Centurion and Healer","floor":29,"turns":1}],"seed_played":"-6945879172149504436","potions_obtained":[{"floor":2,"key":"EssenceOfSteel"},{"floor":5,"key":"Fire Potion"},{"floor":11,"key":"Weak Potion"},{"floor":14,"key":"AttackPotion"},{"floor":19,"key":"AttackPotion"},{"floor":23,"key":"SpeedPotion"}],"is_trial":false,"path_per_floor":["M","M","?","$","M","E","R","E","MIM","R","M","M","R","M","R","B",null,"M","M","?","M","$","E","R","E","T","R","M","M"],"character_chosen":"THE_SILENT","items_purchased":["Glass Knife","Noxious Fumes","Leg Sweep","Lee\u0027s Waffle"],"campfire_rested":1,"item_purchase_floors":[4,22,22,22],"current_hp_per_floor":[59,59,59,59,59,42,42,34,34,34,34,34,34,34,34,20,55,55,55,55,37,73,34,34,1,1,22,9,0],"gold":251,"neow_bonus":"THREE_ENEMY_KILL","is_prod":false,"is_daily":false,"chose_seed":false,"campfire_upgraded":5,"win_rate":0,"timestamp":1548025981,"path_taken":["M","?","?","$","?","E","R","E","MIM","R","M","M","R","M","R","BOSS","M","M","?","?","$","E","R","E","T","R","M","M"],"build_version":"2019-01-17v2","purchased_purges":0,"victory":false,"max_hp_per_floor":[66,66,66,66,66,66,66,66,66,66,66,66,66,66,66,66,66,66,66,66,66,73,73,73,73,73,73,73,73],"card_choices":[{"not_picked":["Cloak And Dagger","Caltrops"],"picked":"Backflip","floor":1},{"not_picked":["PiercingWail","Dodge and Roll"],"picked":"Dagger Spray","floor":2},{"not_picked":["All Out Attack","Heel Hook","Finisher"],"picked":"SKIP","floor":5},{"not_picked":["hubris:Sniper","Quick Slash"],"picked":"Flying Knee","floor":6},{"not_picked":["Dagger Throw","Dagger Spray"],"picked":"Adrenaline","floor":8},{"not_picked":["Heel Hook","Quick Slash"],"picked":"Cloak And Dagger","floor":11},{"not_picked":["Setup","Acrobatics"],"picked":"Deadly Poison","floor":12},{"not_picked":["hubris:SlightOfHand","Skewer","Underhanded Strike"],"picked":"SKIP","floor":14},{"not_picked":["Tools of the Trade","Doppelganger"],"picked":"Corpse Explosion","floor":16},{"not_picked":["Deflect","hubris:Counter"],"picked":"Dash+1","floor":18},{"not_picked":["Bane","Choke","Poisoned Stab"],"picked":"SKIP","floor":19},{"not_picked":["Backflip","Eviscerate","Outmaneuver"],"picked":"SKIP","floor":21},{"not_picked":["Prepared","Finisher"],"picked":"Footwork","floor":23},{"not_picked":["Slice","Dagger Throw"],"picked":"Calculated Gamble","floor":25},{"not_picked":["Grand Finale","Poisoned Stab+1"],"picked":"Catalyst+1","floor":28}],"player_experience":1143820,"relics_obtained":[{"floor":3,"key":"Mercury Hourglass"},{"floor":6,"key":"Ancient Tea Set"},{"floor":8,"key":"PreservedInsect"},{"floor":9,"key":"hubris:SlimyHat"},{"floor":23,"key":"MawBank"},{"floor":25,"key":"Bag of Preparation"}],"event_choices":[{"damage_healed":0,"gold_gain":0,"player_choice":"Relic","damage_taken":0,"max_hp_gain":0,"max_hp_loss":0,"event_name":"Wheel of Change","floor":3,"gold_loss":0},{"damage_healed":0,"gold_gain":0,"player_choice":"Trade","damage_taken":0,"relics_obtained":["SsserpentHead"],"max_hp_gain":0,"max_hp_loss":0,"event_name":"FaceTrader","floor":20,"gold_loss":0}],"is_beta":false,"boss_relics":[{"not_picked":["hubris:BlackHole","hubris:VirtuousBlindfold"],"picked":"Runic Pyramid"}],"items_purged_floors":[],"is_endless":false,"potions_floor_spawned":[2,5,11,14,19,23],"killed_by":"Centurion and Healer","ascension_level":20}