{"gold_per_floor":[116,1,21,34,45,45,56,70,70,70,95,95,95,95,95,95],"floor_reached":16,"playtime":4576,"items_purged":["Strike_B"],"score":102,"play_id":"80832845-ff2e-43ae-81ae-e636c5f2624a","local_time":"20190211083513","is_ascension_mode":false,"campfire_choices":[{"data":"Gash","floor":6,"key":"SMITH"},{"data":"Storm","floor":10,"key":"SMITH"},{"data":"Zap","floor":13,"key":"SMITH"},{"data":"Dualcast","floor":15,"key":"SMITH"}],"neow_cost":"NONE","seed_source_timestamp":213946096925024,"circlet_count":0,"master_deck":["Strike_B","Strike_B","Defend_B","Defend_B","Defend_B","Defend_B","Zap+1","Dualcast+1","Rebound","Rip and Tear","Gash+1","Steam Power","Conserve Battery","Storm+1","FTL+1"],"relics":["Cracked Core","NeowsBlessing","Molten Egg 2","Boot","Golden Idol"],"potions_floor_usage":[16,16,16],"damage_taken":[{"damage":0,"enemies":"Cultist","floor":1,"turns":1},{"damage":0,"enemies":"Small Slimes","floor":3,"turns":1},{"damage":0,"enemies":"Jaw Worm","floor":4,"turns":1},{"damage":5,"enemies":"Looter","floor":5,"turns":2},{"damage":2,"enemies":"3 Louse","floor":7,"turns":3},{"damage":5,"enemies":"Exordium Thugs","floor":8,"turns":3},{"damage":19,"enemies":"3 Sentries","floor":11,"turns":9},{"damage":45,"enemies":"The Guardian","floor":16,"turns":9}],"seed_played":"-4848113749968023170","potions_obtained":[{"floor":3,"key":"Weak Potion"},{"floor":5,"key":"SpeedPotion"},{"floor":11,"key":"Regen Potion"}],"is_trial":false,"path_per_floor":["M","$","M","M","M","R","M","M","T","R","E","?","R","?","R","B"],"character_chosen":"DEFECT","items_purchased":["Rip and Tear"],"campfire_rested":0,"item_purchase_floors":[2],"current_hp_per_floor":[75,75,75,75,70,70,68,63,63,63,44,26,26,26,26,0],"gold":95,"neow_bonus":"THREE_ENEMY_KILL","is_prod":false,"is_daily":false,"chose_seed":false,"campfire_upgraded":4,"win_rate":0.0,"timestamp":1549902913,"path_taken":["M","$","M","M","M","R","M","M","T","R","E","?","R","?","R","BOSS"],"build_version":"2019-01-23","purchased_purges":1,"victory":false,"max_hp_per_floor":[75,75,75,75,75,75,75,75,75,75,75,75,75,75,75,75],"card_choices":[{"not_picked":["Steam","Sunder"],"picked":"Rebound","floor":1},{"not_picked":["Rebound","Consume","Compile Driver"],"picked":"SKIP","floor":3},{"not_picked":["Turbo","Barrage"],"picked":"Gash","floor":4},{"not_picked":["Sweeping Beam","Undo"],"picked":"Steam Power","floor":5},{"not_picked":["Turbo","Barrage"],"picked":"Conserve Battery","floor":7},{"not_picked":["Sweeping Beam","Stack"],"picked":"Storm","floor":8},{"not_picked":["Tempest","Doom and Gloom+1"],"picked":"FTL+1","floor":11}],"player_experience":120214,"relics_obtained":[{"floor":9,"key":"Molten Egg 2"},{"floor":11,"key":"Boot"}],"event_choices":[{"damage_healed":0,"gold_gain":0,"player_choice":"Take Damage","damage_taken":18,"relics_obtained":["Golden Idol"],"max_hp_gain":0,"max_hp_loss":0,"event_name":"Golden Idol","floor":12,"gold_loss":0},{"cards_removed":["Strike_B"],"damage_healed":0,"gold_gain":0,"player_choice":"Forget","damage_taken":0,"max_hp_gain":0,"max_hp_loss":0,"event_name":"Living Wall","floor":14,"gold_loss":0}],"is_beta":false,"boss_relics":[],"items_purged_floors":[2],"is_endless":false,"potions_floor_spawned":[3,5,11],"killed_by":"The Guardian","ascension_level":0}