{"gold_per_floor":[112,112,112,127,15,15,53,53,53,53,66,100,65,106,106,232,232,248,248,248,264,264,189,189,14,14,47,47,247,288,93,93,219,219,234,40,0,20,20,20,88,122,122,122,82,120,135,169,169,169],"floor_reached":51,"playtime":3151,"items_purged":["Strike_B","Strike_B","Strike_B"],"score":1234,"play_id":"8f1a78dc-5daa-44f0-9ad6-0e2c7f4828dc","local_time":"20190424085310","is_ascension_mode":true,"campfire_choices":[{"data":"Beam Cell","floor":6,"key":"SMITH"},{"floor":10,"key":"REST"},{"data":"Zap","floor":15,"key":"SMITH"},{"floor":24,"key":"REST"},{"data":"Dualcast","floor":28,"key":"SMITH"},{"floor":32,"key":"REST"},{"data":"Go for the Eyes","floor":40,"key":"SMITH"},{"floor":44,"key":"REST"},{"floor":49,"key":"REST"}],"neow_cost":"NONE","seed_source_timestamp":893265785592924,"circlet_count":0,"master_deck":["AscendersBane","Strike_B","Defend_B","Defend_B","Defend_B","Defend_B","Zap+1","Dualcast+1","Cold Snap","Beam Cell+1","Skim","Chill","FTL","Stack","Creative AI+1","Reprogram+1","Creative AI+1","Cold Snap","Storm+1","Go for the Eyes+1","Electrodynamics+1","Echo Form+1","Coolheaded+1","Ball Lightning+1","Heatsinks+1","Barrage+1","Shame","Defragment+1","Buffer+1"],"relics":["FrozenCore","Golden Idol","Du-Vu Doll","Frozen Egg 2","FossilizedHelix","Ancient Tea Set","Enchiridion","Blue Candle","Juzu Bracelet","Mercury Hourglass","Bottled Flame","Blood Vial","Cursed Key","ClockworkSouvenir","Red Mask","Calipers","Vajra","Ornamental Fan","Cables","Ginger"],"potions_floor_usage":[16,16,18,33,41,46,50,50],"damage_taken":[{"damage":1,"enemies":"Cultist","floor":1,"turns":3},{"damage":0,"enemies":"Small Slimes","floor":4,"turns":4},{"damage":40,"enemies":"Lagavulin","floor":7,"turns":9},{"damage":6,"enemies":"2 Louse","floor":11,"turns":3},{"damage":10,"enemies":"3 Sentries","floor":12,"turns":11},{"damage":13,"enemies":"Gremlin Nob","floor":14,"turns":4},{"damage":12,"enemies":"Slime Boss","floor":16,"turns":11},{"damage":3,"enemies":"3 Byrds","floor":18,"turns":6},{"damage":15,"enemies":"Spheric Guardian","floor":21,"turns":5},{"damage":20,"enemies":"Book of Stabbing","floor":27,"turns":7},{"damage":12,"enemies":"Gremlin Leader","floor":30,"turns":3},{"damage":36,"enemies":"Champ","floor":33,"turns":10},{"damage":0,"enemies":"3 Shapes","floor":35,"turns":3},{"damage":0,"enemies":"Orb Walker","floor":38,"turns":5},{"damage":21,"enemies":"2 Orb Walkers","floor":41,"turns":4},{"damage":0,"enemies":"Giant Head","floor":42,"turns":6},{"damage":16,"enemies":"Reptomancer","floor":46,"turns":5},{"damage":0,"enemies":"Sphere and 2 Shapes","floor":47,"turns":3},{"damage":8,"enemies":"Nemesis","floor":48,"turns":5},{"damage":0,"enemies":"Donu and Deca","floor":50,"turns":5}],"seed_played":"4670437552129347531","potions_obtained":[{"floor":4,"key":"Explosive Potion"},{"floor":14,"key":"SkillPotion"},{"floor":16,"key":"SneckoOil"},{"floor":27,"key":"PowerPotion"},{"floor":30,"key":"SpeedPotion"},{"floor":35,"key":"Swift Potion"},{"floor":41,"key":"Weak Potion"},{"floor":47,"key":"AttackPotion"},{"floor":48,"key":"Energy Potion"}],"is_trial":false,"path_per_floor":["M","?","$","M","$","R","E","?","T","R","M","E","?","E","R","B",null,"M","?","?","M","?","?","R","$","T","E","R","?","E","$","R","B",null,"M","$","?","M","$","R","?","E","T","R","$","E","M","E","R","B",null],"character_chosen":"DEFECT","items_purchased":["Skim","Storm+1","Electrodynamics+1","ClockworkSouvenir","Defragment+1"],"campfire_rested":5,"item_purchase_floors":[5,25,31,36,45],"current_hp_per_floor":[74,54,54,54,54,54,14,14,14,38,32,22,42,29,29,17,66,63,47,47,32,32,32,56,56,56,36,36,36,24,24,48,14,65,67,67,67,69,69,69,50,52,52,76,76,62,64,58,82,82],"gold":169,"neow_bonus":"TEN_PERCENT_HP_BONUS","is_prod":false,"is_daily":false,"chose_seed":false,"campfire_upgraded":4,"win_rate":0,"timestamp":1556121190,"path_taken":["M","?","$","M","$","R","E","?","T","R","M","E","?","E","R","BOSS","M","?","?","?","?","?","R","$","T","E","R","?","E","$","R","BOSS","M","?","?","M","$","R","?","E","T","R","$","E","M","E","R","BOSS"],"build_version":"2019-01-23","purchased_purges":3,"victory":true,"max_hp_per_floor":[82,82,82,82,82,82,82,82,82,82,82,82,82,82,82,82,82,82,82,82,82,82,82,82,82,82,82,82,82,82,82,82,82,82,82,82,82,82,82,82,82,82,82,82,82,82,82,82,82,82],"card_choices":[{"not_picked":["Leap","Barrage"],"picked":"Cold Snap","floor":1},{"not_picked":["Redo","Darkness"],"picked":"Beam Cell","floor":4},{"not_picked":["Streamline","Beam Cell"],"picked":"Chill","floor":7},{"not_picked":["Coolheaded","Steam","Barrage"],"picked":"SKIP","floor":11},{"not_picked":["Reprogram","All For One"],"picked":"FTL","floor":12},{"not_picked":["Tempest","Reprogram"],"picked":"Stack","floor":14},{"not_picked":["Hyperbeam","Rainbow"],"picked":"Creative AI+1","floor":16},{"not_picked":["Beam Cell","Steam"],"picked":"Reprogram+1","floor":18},{"not_picked":["Rebound","Leap"],"picked":"Cold Snap","floor":21},{"not_picked":["Gash+1","Steam","Barrage"],"picked":"SKIP","floor":27},{"not_picked":["Consume","Steam"],"picked":"Go for the Eyes","floor":30},{"not_picked":["Reboot","Biased Cognition+1"],"picked":"Echo Form+1","floor":33},{"not_picked":["Streamline+1","Tempest+1"],"picked":"Coolheaded+1","floor":35},{"not_picked":["Gash","Coolheaded"],"picked":"Ball Lightning+1","floor":38},{"not_picked":["Capacitor+1","Stack"],"picked":"Heatsinks+1","floor":41},{"not_picked":["Coolheaded","Redo+1"],"picked":"Barrage+1","floor":42},{"not_picked":["Rebound","Turbo+1","Coolheaded"],"picked":"SKIP","floor":46},{"not_picked":["Streamline+1","Barrage+1","Sunder"],"picked":"SKIP","floor":47},{"not_picked":["Barrage","Steam+1"],"picked":"Buffer+1","floor":48}],"player_experience":604809,"relics_obtained":[{"floor":7,"key":"Du-Vu Doll"},{"floor":9,"key":"Frozen Egg 2"},{"floor":12,"key":"FossilizedHelix"},{"floor":14,"key":"Ancient Tea Set"},{"floor":19,"key":"Enchiridion"},{"floor":26,"key":"Mercury Hourglass"},{"floor":27,"key":"Bottled Flame"},{"floor":30,"key":"Blood Vial"},{"floor":41,"key":"Calipers"},{"floor":42,"key":"Vajra"},{"floor":43,"key":"Ornamental Fan"},{"floor":46,"key":"Cables"},{"floor":48,"key":"Ginger"}],"event_choices":[{"damage_healed":0,"gold_gain":0,"player_choice":"Take Damage","damage_taken":20,"relics_obtained":["Golden Idol"],"max_hp_gain":0,"max_hp_loss":0,"event_name":"Golden Idol","floor":2,"gold_loss":0},{"damage_healed":0,"gold_gain":0,"player_choice":"Ignored","damage_taken":0,"max_hp_gain":0,"max_hp_loss":0,"event_name":"Liars Game","floor":8,"gold_loss":0},{"damage_healed":20,"gold_gain":0,"player_choice":"Healed","damage_taken":0,"max_hp_gain":0,"max_hp_loss":0,"event_name":"The Cleric","floor":13,"gold_loss":35},{"damage_healed":0,"gold_gain":0,"player_choice":"Obtained Book","damage_taken":16,"max_hp_gain":0,"max_hp_loss":0,"event_name":"Cursed Tome","floor":19,"gold_loss":0},{"damage_healed":0,"gold_gain":0,"player_choice":"Copied","damage_taken":0,"max_hp_gain":0,"max_hp_loss":0,"event_name":"Duplicator","floor":20,"gold_loss":0,"cards_obtained":["Creative AI"]},{"damage_healed":0,"gold_gain":0,"player_choice":"Opened","damage_taken":0,"relics_obtained":["Blue Candle"],"max_hp_gain":0,"max_hp_loss":0,"event_name":"The Mausoleum","floor":22,"gold_loss":0},{"damage_healed":0,"gold_gain":0,"player_choice":"Paid Gold","damage_taken":0,"relics_obtained":["Juzu Bracelet"],"max_hp_gain":0,"max_hp_loss":0,"event_name":"WeMeetAgain","floor":23,"gold_loss":75},{"damage_healed":0,"gold_gain":200,"player_choice":"Gold","damage_taken":0,"max_hp_gain":0,"max_hp_loss":0,"event_name":"Wheel of Change","floor":29,"gold_loss":0},{"damage_healed":0,"gold_gain":0,"player_choice":"Paid","damage_taken":0,"relics_obtained":["Red Mask"],"max_hp_gain":0,"max_hp_loss":0,"event_name":"Tomb of Lord Red Mask","floor":37,"gold_loss":40},{"damage_healed":0,"gold_gain":0,"player_choice":"Fight","damage_taken":0,"max_hp_gain":0,"max_hp_loss":0,"event_name":"Mysterious Sphere","floor":41,"gold_loss":0}],"is_beta":false,"boss_relics":[{"not_picked":["Tiny House","Coffee Dripper"],"picked":"FrozenCore"},{"not_picked":["Busted Crown","Orrery"],"picked":"Cursed Key"}],"items_purged_floors":[5,25,31],"is_endless":false,"potions_floor_spawned":[4,14,16,27,30,35,41,47,48],"ascension_level":10}