{"gold_per_floor":[112,112,112,132,33,33,33,68,121,121,139,159,124,153,153,227,227,127,127,127,127,13,13,13,13,13,13,13,13,13,13,13,13,13,13,13,13,13],"floor_reached":38,"playtime":1846,"items_purged":["Strike_G"],"score":890,"play_id":"78a363b0-a106-49f6-9ce3-ee88b0bb1ca3","local_time":"20190218154131","is_ascension_mode":true,"campfire_choices":[{"data":"Deadly Poison","floor":6.0,"key":"SMITH"},{"data":"Backflip","floor":10.0,"key":"SMITH"},{"floor":15.0,"key":"REST"},{"floor":23,"key":"REST"},{"floor":25,"key":"REST"},{"floor":30,"key":"REST"},{"data":"Deadly Poison","floor":32,"key":"SMITH"}],"neow_cost":"NONE","seed_source_timestamp":0,"circlet_count":0,"master_deck":["AscendersBane","Defend_G+1","Defend_G+1","Defend_G+1","Defend_G+1","Defend_G+1","Strike_G+1","Strike_G+1","Strike_G+1","Survivor","Neutralize+1","Flying Knee","Backflip+1","Deadly Poison+1","All Out Attack","Caltrops","Deadly Poison+1","Adrenaline","Bullet Time","Noxious Fumes","Dodge and Roll","Acrobatics+1","Cloak And Dagger+1","Noxious Fumes","Deflect","PiercingWail","Wraith Form v2","PiercingWail","Leg Sweep","PiercingWail","Wraith Form v2","Acrobatics"],"special_seed":0,"relics":["Ring of the Snake","NeowsBlessing","Lantern","Vajra","Pen Nib","Ectoplasm","Prayer Wheel","War Paint","Regal Pillow","Orrery"],"potions_floor_usage":[21,24,24,27,33,38,38],"damage_taken":[{"damage":0.0,"enemies":"Small Slimes","floor":1.0,"turns":1.0},{"damage":0.0,"enemies":"Jaw Worm","floor":4.0,"turns":1.0},{"damage":0.0,"enemies":"3 Sentries","floor":8.0,"turns":1.0},{"damage":0.0,"enemies":"Cultist","floor":11.0,"turns":2.0},{"damage":8.0,"enemies":"3 Louse","floor":12.0,"turns":3.0},{"damage":23.0,"enemies":"Gremlin Nob","floor":14.0,"turns":4.0},{"damage":8.0,"enemies":"The Guardian","floor":16.0,"turns":9.0},{"damage":14,"enemies":"2 Thieves","floor":18,"turns":4},{"damage":8,"enemies":"Chosen","floor":19,"turns":5},{"damage":9,"enemies":"Centurion and Healer","floor":20,"turns":7},{"damage":18,"enemies":"Cultist and Chosen","floor":21,"turns":7},{"damage":22,"enemies":"Slavers","floor":24,"turns":8},{"damage":17,"enemies":"Gremlin Leader","floor":27,"turns":6},{"damage":29,"enemies":"Automaton","floor":33,"turns":10},{"damage":18,"enemies":"Orb Walker","floor":35,"turns":5},{"damage":6,"enemies":"3 Shapes","floor":37,"turns":7},{"damage":39,"enemies":"Jaw Worm Horde","floor":38,"turns":4}],"seed_played":"-1216984178600267245","potions_obtained":[{"floor":11.0,"key":"Weak Potion"},{"floor":14.0,"key":"PowerPotion"},{"floor":16.0,"key":"SteroidPotion"},{"floor":21,"key":"SpeedPotion"},{"floor":24,"key":"Block Potion"},{"floor":27,"key":"SkillPotion"},{"floor":33,"key":"Explosive Potion"},{"floor":37,"key":"Poison Potion"}],"is_trial":false,"path_per_floor":["M","?","?","M","$","R","?","E","T","R","M","M","?","E","R","B",null,"M","M","M","M","$","R","E","R","T","E","?","$","R","?","R","B",null,"M","?","M","M"],"character_chosen":"THE_SILENT","items_purchased":["Deadly Poison","All Out Attack","Noxious Fumes"],"campfire_rested":4,"item_purchase_floors":[5,5,22],"current_hp_per_floor":[59,52,32,32,32,32,32,32,32,32,32,24,40,17,36,28,57,43,35,26,8,8,27,5,24,24,7,7,7,41,41,41,12,53,35,35,29,0],"gold":13,"neow_bonus":"THREE_ENEMY_KILL","is_prod":false,"is_daily":false,"chose_seed":false,"campfire_upgraded":3,"win_rate":0,"timestamp":1550500891,"path_taken":["M","?","?","M","?","R","?","E","T","R","M","?","?","E","R","BOSS","M","M","M","M","$","R","E","R","T","E","?","$","R","?","R","BOSS","M","?","?","M"],"build_version":"2019-01-23","purchased_purges":1,"victory":false,"max_hp_per_floor":[66,66,66,66,66,66,66,66,66,66,66,66,66,66,66,66,66,66,66,66,66,66,66,66,66,66,66,66,66,66,66,66,66,66,66,66,66,66],"card_choices":[{"not_picked":["Prepared","Expertise"],"picked":"Flying Knee","floor":1.0},{"not_picked":["Dodge and Roll","Endless Agony"],"picked":"Backflip","floor":4.0},{"not_picked":["Accuracy","Bane","Setup"],"picked":"SKIP","floor":8.0},{"not_picked":["Cloak And Dagger","Outmaneuver"],"picked":"Caltrops","floor":11.0},{"not_picked":["Accuracy","Outmaneuver"],"picked":"Deadly Poison","floor":12.0},{"not_picked":["Quick Slash","Outmaneuver"],"picked":"Adrenaline","floor":14.0},{"not_picked":["Night Terror","Grand Finale"],"picked":"Bullet Time","floor":16.0},{"not_picked":["Concentrate","Quick Slash"],"picked":"Noxious Fumes","floor":18},{"not_picked":["Predator","Endless Agony"],"picked":"Dodge and Roll","floor":19},{"not_picked":["Dagger Spray","PiercingWail"],"picked":"Acrobatics","floor":20},{"not_picked":["Deadly Poison","Calculated Gamble"],"picked":"Cloak And Dagger+1","floor":21},{"not_picked":["Storm of Steel","Calculated Gamble"],"picked":"Deflect","floor":24},{"not_picked":["All Out Attack","Poisoned Stab"],"picked":"PiercingWail","floor":27},{"not_picked":["Die Die Die","Storm of Steel"],"picked":"Wraith Form v2","floor":33},{"not_picked":["Skewer","Cloak And Dagger"],"picked":"PiercingWail","floor":34},{"not_picked":["Quick Slash","Reflex"],"picked":"Leg Sweep","floor":34},{"not_picked":["Masterful Stab","Deflect"],"picked":"PiercingWail","floor":34},{"not_picked":["Dagger Throw","Underhanded Strike","Slice"],"picked":"SKIP","floor":35},{"not_picked":["Quick Slash","Skewer","Eviscerate"],"picked":"SKIP","floor":35},{"not_picked":["Slice+1","Bouncing Flask"],"picked":"Acrobatics","floor":37},{"not_picked":["Outmaneuver","Quick Slash","Deflect"],"picked":"SKIP","floor":37}],"player_experience":1290518,"relics_obtained":[{"floor":8.0,"key":"Lantern"},{"floor":9.0,"key":"Vajra"},{"floor":14.0,"key":"Pen Nib"},{"floor":24,"key":"Prayer Wheel"},{"floor":26,"key":"War Paint"},{"floor":27,"key":"Regal Pillow"}],"event_choices":[{"cards_removed":["Strike_G"],"damage_healed":0.0,"max_hp_gain":0.0,"max_hp_loss":0.0,"gold_gain":0.0,"event_name":"Golden Wing","player_choice":"Card Removal","floor":2.0,"gold_loss":0.0,"damage_taken":7.0},{"damage_healed":0.0,"max_hp_gain":0.0,"max_hp_loss":0.0,"gold_gain":0.0,"event_name":"Shining Light","player_choice":"Entered Light","floor":3.0,"gold_loss":0.0,"damage_taken":20.0,"cards_upgraded":["Strike_G","Defend_G"]},{"damage_healed":0.0,"max_hp_gain":0.0,"max_hp_loss":0.0,"gold_gain":0.0,"event_name":"Upgrade Shrine","player_choice":"Upgraded","floor":7.0,"gold_loss":0.0,"damage_taken":0.0,"cards_upgraded":["Neutralize"]},{"damage_healed":16.0,"max_hp_gain":0.0,"max_hp_loss":0.0,"gold_gain":0.0,"event_name":"The Cleric","player_choice":"Healed","floor":13.0,"gold_loss":35.0,"damage_taken":0.0},{"damage_healed":0,"gold_gain":0,"player_choice":"Ignored","damage_taken":0,"max_hp_gain":0,"max_hp_loss":0,"event_name":"The Mausoleum","floor":28,"gold_loss":0},{"damage_healed":0,"gold_gain":0,"player_choice":"Simplicity","damage_taken":0,"max_hp_gain":0,"max_hp_loss":0,"event_name":"Back to Basics","floor":31,"gold_loss":0,"cards_upgraded":["Defend_G","Defend_G","Defend_G","Strike_G","Strike_G"]},{"damage_healed":0,"gold_gain":0,"player_choice":"Copied","damage_taken":0,"max_hp_gain":0,"max_hp_loss":0,"event_name":"Duplicator","floor":36,"gold_loss":0,"cards_obtained":["Wraith Form v2"]}],"is_beta":false,"boss_relics":[{"not_picked":["Black Star","Philosopher\u0027s Stone"],"picked":"Ectoplasm"},{"not_picked":["Coffee Dripper","Sozu"],"picked":"Orrery"}],"items_purged_floors":[22],"is_endless":false,"potions_floor_spawned":[11,14,16,21,24,27,33,37],"killed_by":"Jaw Worm Horde","ascension_level":20}