{"gold_per_floor":[109,69,83,9,9,42,52,71,95,28,54,66,31,62,62,139,139,151,151,25,35,35,60,60,60,60,60,93,193,222,241,241,241],"floor_reached":33,"playtime":1141,"items_purged":["Strike_G"],"score":742,"play_id":"1ca18471-b98e-4170-8179-bba25340423a","local_time":"20190826215721","is_ascension_mode":true,"campfire_choices":[{"data":"Crippling Poison","floor":15.0,"key":"SMITH"},{"data":"A Thousand Cuts","floor":25,"key":"SMITH"},{"data":"Skewer","floor":27,"key":"SMITH"},{"data":"Dagger Spray","floor":32,"key":"SMITH"}],"neow_cost":"NONE","seed_source_timestamp":0,"circlet_count":0,"master_deck":["AscendersBane","Strike_G","Strike_G","Strike_G","Strike_G","Defend_G","Defend_G","Defend_G","Defend_G","Defend_G","Survivor","Neutralize","Dagger Spray+1","Skewer+1","Crippling Poison+1","PiercingWail","Corpse Explosion","Bouncing Flask","A Thousand Cuts+1","Acrobatics","Acrobatics","Dash+1","Predator","Backflip+1"],"special_seed":0,"relics":["Ring of the Snake","NeowsBlessing","PreservedInsect","Juzu Bracelet","Lantern","Pen Nib","Strawberry","Snecko Eye","Frozen Egg 2","Darkstone Periapt","Ice Cream","Question Card","Dream Catcher"],"potions_floor_usage":[16,33],"damage_taken":[{"damage":0.0,"enemies":"Small Slimes","floor":1.0,"turns":1.0},{"damage":0.0,"enemies":"Cultist","floor":3.0,"turns":1.0},{"damage":0.0,"enemies":"Gremlin Nob","floor":6.0,"turns":1.0},{"damage":0.0,"enemies":"2 Louse","floor":7.0,"turns":3.0},{"damage":10.0,"enemies":"Gremlin Gang","floor":8.0,"turns":4.0},{"damage":10.0,"enemies":"3 Sentries","floor":11.0,"turns":2.0},{"damage":0.0,"enemies":"2 Fungi Beasts","floor":12.0,"turns":3.0},{"damage":8.0,"enemies":"Gremlin Nob","floor":14.0,"turns":3.0},{"damage":61,"enemies":"Slime Boss","floor":16,"turns":10},{"damage":15,"enemies":"2 Thieves","floor":18,"turns":4},{"damage":0,"enemies":"Spheric Guardian","floor":21,"turns":3},{"damage":10,"enemies":"Book of Stabbing","floor":23,"turns":4},{"damage":8,"enemies":"Slavers","floor":28,"turns":2},{"damage":0,"enemies":"Colosseum Slavers","floor":29,"turns":1},{"damage":0,"enemies":"Colosseum Nobs","floor":29,"turns":2},{"damage":0,"enemies":"Gremlin Leader","floor":30,"turns":3},{"damage":0,"enemies":"Snecko","floor":31,"turns":3},{"damage":68,"enemies":"Collector","floor":33,"turns":6}],"seed_played":"-8865069032685936566","potions_obtained":[{"floor":2.0,"key":"FairyPotion"},{"floor":2.0,"key":"Explosive Potion"},{"floor":5.0,"key":"Regen Potion"},{"floor":6.0,"key":"Fire Potion"},{"floor":14.0,"key":"EssenceOfSteel"},{"floor":18,"key":"SpeedPotion"},{"floor":23,"key":"SpeedPotion"},{"floor":30,"key":"Fire Potion"}],"is_trial":false,"path_per_floor":["M","?","M","$","?","E","M","M","T","?","E","M","?","E","R","B",null,"M","?","$","M","$","E","?","R","T","R","E","?","E","M","R","B"],"character_chosen":"THE_SILENT","items_purchased":["Crippling Poison","Acrobatics"],"campfire_rested":0,"item_purchase_floors":[4,20],"current_hp_per_floor":[59,59,59,59,59,59,59,49,49,49,39,39,55,54,54,7,57,42,32,32,32,32,22,73,73,73,73,65,65,65,65,65,0],"gold":241,"neow_bonus":"THREE_ENEMY_KILL","is_prod":false,"is_daily":false,"chose_seed":false,"campfire_upgraded":4,"win_rate":0,"timestamp":1566849441,"path_taken":["M","?","?","$","?","E","M","?","T","?","E","M","?","E","R","BOSS","M","?","$","M","?","E","?","R","T","R","E","?","E","M","R","BOSS"],"build_version":"2019-07-17","purchased_purges":1,"victory":false,"max_hp_per_floor":[66,66,66,66,66,66,66,66,66,66,66,66,66,73,73,73,73,73,73,73,73,73,73,73,73,73,73,73,73,73,73,73,73],"card_choices":[{"not_picked":["Quick Slash","Sucker Punch"],"picked":"Dagger Spray","floor":1.0},{"not_picked":["Blade Dance","Escape Plan"],"picked":"Skewer","floor":3.0},{"not_picked":["Flying Knee","Prepared"],"picked":"Endless Agony","floor":6.0},{"not_picked":["Acrobatics","Flechettes"],"picked":"PiercingWail","floor":7.0},{"not_picked":["Backflip","Choke"],"picked":"Corpse Explosion","floor":8.0},{"not_picked":["Storm of Steel","Deflect","Outmaneuver"],"picked":"SKIP","floor":11.0},{"not_picked":["Dagger Throw","Acrobatics","Blade Dance"],"picked":"SKIP","floor":12.0},{"not_picked":["Bane","Underhanded Strike"],"picked":"Bouncing Flask","floor":14.0},{"not_picked":["Corpse Explosion","Venomology"],"picked":"A Thousand Cuts","floor":16},{"not_picked":["Cloak And Dagger","Infinite Blades","Dagger Spray"],"picked":"SKIP","floor":18},{"not_picked":["Outmaneuver","Underhanded Strike"],"picked":"Acrobatics","floor":21},{"not_picked":["Catalyst","Skewer"],"picked":"Dash+1","floor":23},{"not_picked":["Outmaneuver","Sucker Punch","Dagger Throw"],"picked":"SKIP","floor":28},{"not_picked":["PiercingWail","Escape Plan"],"picked":"Predator","floor":29},{"not_picked":["Sucker Punch","Quick Slash","Dodge and Roll","Endless Agony"],"picked":"SKIP","floor":30},{"not_picked":["Outmaneuver","Dagger Throw","Flying Knee"],"picked":"Backflip+1","floor":31}],"player_experience":1977970,"relics_obtained":[{"floor":6.0,"key":"PreservedInsect"},{"floor":9.0,"key":"Juzu Bracelet"},{"floor":11.0,"key":"Pen Nib"},{"floor":14.0,"key":"Strawberry"},{"floor":23,"key":"Frozen Egg 2"},{"floor":28,"key":"Darkstone Periapt"},{"floor":29,"key":"Ice Cream"},{"floor":29,"key":"Question Card"},{"floor":30,"key":"Dream Catcher"}],"event_choices":[{"damage_healed":0.0,"max_hp_gain":0.0,"max_hp_loss":0.0,"gold_gain":0.0,"event_name":"The Woman in Blue","player_choice":"Bought 3 Potions","floor":2.0,"gold_loss":0.0,"damage_taken":0.0},{"damage_healed":0.0,"max_hp_gain":0.0,"max_hp_loss":0.0,"gold_gain":0.0,"event_name":"Lab","player_choice":"Got Potions","floor":5.0,"gold_loss":0.0,"damage_taken":0.0},{"damage_healed":0.0,"max_hp_gain":0.0,"max_hp_loss":0.0,"gold_gain":0.0,"event_name":"WeMeetAgain","player_choice":"Paid Gold","floor":10.0,"gold_loss":67.0,"damage_taken":0.0,"relics_obtained":["Lantern"]},{"damage_healed":16.0,"max_hp_gain":0.0,"max_hp_loss":0.0,"gold_gain":0.0,"event_name":"The Cleric","player_choice":"Healed","floor":13.0,"gold_loss":35.0,"damage_taken":0.0},{"damage_healed":0,"gold_gain":0,"player_choice":"Damaged","damage_taken":10,"max_hp_gain":0,"max_hp_loss":0,"event_name":"Wheel of Change","floor":19,"gold_loss":0},{"cards_removed":["Endless Agony"],"damage_healed":51,"gold_gain":0,"player_choice":"Offered Uncommon","damage_taken":0,"max_hp_gain":0,"max_hp_loss":0,"event_name":"Bonfire Elementals","floor":24,"gold_loss":0},{"damage_healed":0,"gold_gain":0,"player_choice":"Fight","damage_taken":0,"max_hp_gain":0,"max_hp_loss":0,"event_name":"Colosseum","floor":29,"gold_loss":0},{"damage_healed":0,"gold_gain":0,"player_choice":"Fought Nobs","damage_taken":0,"max_hp_gain":0,"max_hp_loss":0,"event_name":"Colosseum","floor":29,"gold_loss":0}],"is_beta":false,"boss_relics":[{"not_picked":["HoveringKite","Runic Pyramid"],"picked":"Snecko Eye"}],"items_purged_floors":[20],"is_endless":false,"potions_floor_spawned":[6,11,12,14,18,23,30,31],"killed_by":"Collector","ascension_level":20}