{"gold_per_floor":[115,32,82,97,108,108,140,160,206,206,206,206,221,233,233,306,306,318,318,330,69,88,116,116,143,214,214,246,265,265,294,294,366,366,386,405,405,405,419,419,319,137,206,239,255,286,286,0,0,0,0,0,0,0,28,28],"floor_reached":56,"playtime":2928,"items_purged":["Strike_G","Strike_G","Strike_G"],"score":2066,"play_id":"a19170b7-3e6e-4f34-95a5-b11f1c828b7f","local_time":"20190829121258","is_ascension_mode":true,"campfire_choices":[{"data":"Skewer","floor":6.0,"key":"SMITH"},{"floor":11.0,"key":"REST"},{"data":"Noxious Fumes","floor":15.0,"key":"SMITH"},{"floor":24.0,"key":"REST"},{"floor":27.0,"key":"REST"},{"floor":30.0,"key":"REST"},{"floor":32.0,"key":"REST"},{"floor":40.0,"key":"RECALL"},{"floor":47.0,"key":"REST"},{"floor":49.0,"key":"REST"},{"floor":53.0,"key":"REST"}],"neow_cost":"NONE","seed_source_timestamp":3158895304757,"circlet_count":0,"master_deck":["AscendersBane","Defend_G","Defend_G","Defend_G","Defend_G","Defend_G","Survivor","Neutralize","Noxious Fumes+1","Deadly Poison","Skewer+1","Backflip","Poisoned Stab","Well Laid Plans","Dodge and Roll","Adrenaline","Dagger Spray","Apotheosis+1","Backstab+1","Die Die Die","Dodge and Roll+1","Corpse Explosion","Prepared","Adrenaline","Leg Sweep","Acrobatics","Blur","Blur","Backflip"],"special_seed":0,"relics":["Ring of the Snake","NeowsBlessing","Letter Opener","Juzu Bracelet","Fusion Hammer","Anchor","Meat on the Bone","StoneCalendar","Paper Crane","Snake Skull","Empty Cage","Question Card","Regal Pillow","Boot","Bottled Lightning","Centennial Puzzle"],"potions_floor_usage":[56,56,56,56],"damage_taken":[{"damage":0.0,"enemies":"2 Louse","floor":1.0,"turns":1.0},{"damage":0.0,"enemies":"Cultist","floor":4.0,"turns":1.0},{"damage":0.0,"enemies":"Small Slimes","floor":5.0,"turns":1.0},{"damage":45.0,"enemies":"Lagavulin","floor":7.0,"turns":8.0},{"damage":4.0,"enemies":"3 Louse","floor":8.0,"turns":4.0},{"damage":2.0,"enemies":"2 Fungi Beasts","floor":13.0,"turns":3.0},{"damage":0.0,"enemies":"Gremlin Gang","floor":14.0,"turns":5.0},{"damage":16.0,"enemies":"Hexaghost","floor":16.0,"turns":9.0},{"damage":16.0,"enemies":"Spheric Guardian","floor":18.0,"turns":4.0},{"damage":8.0,"enemies":"Shell Parasite","floor":20.0,"turns":6.0},{"damage":11.0,"enemies":"Chosen and Byrds","floor":22.0,"turns":7.0},{"damage":11.0,"enemies":"Slavers","floor":23.0,"turns":5.0},{"damage":19.0,"enemies":"Book of Stabbing","floor":25.0,"turns":6.0},{"damage":21.0,"enemies":"Slavers","floor":28.0,"turns":6.0},{"damage":8.0,"enemies":"Snecko","floor":29.0,"turns":5.0},{"damage":50.0,"enemies":"Gremlin Leader","floor":31.0,"turns":6.0},{"damage":8.0,"enemies":"Automaton","floor":33.0,"turns":11.0},{"damage":1.0,"enemies":"3 Shapes","floor":35.0,"turns":5.0},{"damage":1.0,"enemies":"Orb Walker","floor":36.0,"turns":3.0},{"damage":4.0,"enemies":"Sphere and 2 Shapes","floor":39.0,"turns":4.0},{"damage":15.0,"enemies":"Reptomancer","floor":44.0,"turns":6.0},{"damage":0.0,"enemies":"Writhing Mass","floor":45.0,"turns":7.0},{"damage":17.0,"enemies":"Giant Head","floor":46.0,"turns":10.0},{"damage":0.0,"enemies":"Awakened One","floor":50.0,"turns":23.0},{"damage":39.0,"enemies":"Time Eater","floor":51.0,"turns":16.0},{"damage":46.0,"enemies":"Shield and Spear","floor":55.0,"turns":7.0},{"damage":35,"enemies":"The Heart","floor":56,"turns":11}],"seed_played":"4153245576271224567","potions_obtained":[{"floor":4.0,"key":"Ancient Potion"},{"floor":5.0,"key":"Block Potion"},{"floor":18.0,"key":"EssenceOfSteel"},{"floor":20.0,"key":"Strength Potion"},{"floor":29.0,"key":"Block Potion"},{"floor":39.0,"key":"PowerPotion"},{"floor":44.0,"key":"EntropicBrew"}],"is_trial":false,"path_per_floor":["M","$","?","M","M","R","E","M","T","?","R","?","M","M","R","B",null,"M","?","M","$","M","E","R","E","T","R","E","M","R","E","R","B",null,"M","M","?","?","M","R","$","$","T","E","M","E","R","$","R","B","B",null,"R","$","E","B"],"character_chosen":"THE_SILENT","items_purchased":["Deadly Poison","Fire Potion","Apotheosis","Acrobatics","Bottled Lightning"],"campfire_rested":8,"item_purchase_floors":[2,2,21,42,48],"current_hp_per_floor":[59,59,59,59,59,59,14,10,10,10,29,29,27,27,27,11,52,36,36,28,28,17,6,25,18,18,37,28,32,51,13,32,36,59,58,57,57,57,53,53,53,53,53,38,38,33,66,66,66,66,39,59,66,66,32,0],"gold":28,"neow_bonus":"THREE_ENEMY_KILL","is_prod":false,"is_daily":false,"chose_seed":false,"campfire_upgraded":2,"win_rate":0,"timestamp":1567073578,"path_taken":["M","$","?","?","M","R","E","M","T","?","R","?","M","M","R","BOSS","M","?","M","$","M","E","R","E","T","R","E","M","R","E","R","BOSS","M","M","?","?","M","R","?","$","T","E","M","E","R","$","R","BOSS","BOSS","R","$","E","BOSS"],"build_version":"2019-07-17","purchased_purges":3,"victory":false,"max_hp_per_floor":[66,66,66,66,66,66,66,66,66,66,66,66,66,66,66,66,66,66,66,66,66,66,66,66,66,66,66,66,66,66,66,66,66,66,66,66,66,66,66,66,66,66,66,66,66,66,66,66,66,66,66,66,66,66,66,66],"card_choices":[{"not_picked":["Quick Slash","Cloak And Dagger"],"picked":"Noxious Fumes","floor":1.0},{"not_picked":["Endless Agony","Dodge and Roll"],"picked":"Skewer","floor":4.0},{"not_picked":["Concentrate","Accuracy"],"picked":"Dagger Throw","floor":5.0},{"not_picked":["Riddle With Holes","Escape Plan"],"picked":"Backflip","floor":7.0},{"not_picked":["Acrobatics","Backflip"],"picked":"Poisoned Stab","floor":8.0},{"not_picked":["PiercingWail","After Image"],"picked":"Well Laid Plans","floor":13.0},{"not_picked":["Setup","Prepared"],"picked":"Dodge and Roll","floor":14.0},{"not_picked":["Unload","Grand Finale"],"picked":"Adrenaline","floor":16.0},{"not_picked":["Slice","Bane"],"picked":"Dagger Spray","floor":18.0},{"not_picked":["Venomology","Riddle With Holes","Heel Hook+1"],"picked":"SKIP","floor":20.0},{"not_picked":["Flying Knee","Accuracy","Masterful Stab"],"picked":"SKIP","floor":22.0},{"not_picked":["Dodge and Roll","Eviscerate"],"picked":"Backstab+1","floor":23.0},{"not_picked":["Dagger Spray","Outmaneuver"],"picked":"Die Die Die","floor":25.0},{"not_picked":["Heel Hook+1","Quick Slash+1","Doppelganger"],"picked":"SKIP","floor":28.0},{"not_picked":["Slice","Terror","Skewer"],"picked":"SKIP","floor":29.0},{"not_picked":["Caltrops","Deadly Poison"],"picked":"Dodge and Roll+1","floor":31.0},{"not_picked":["Die Die Die","Bullet Time"],"picked":"Corpse Explosion","floor":33.0},{"not_picked":["Setup","Flying Knee","Accuracy"],"picked":"SKIP","floor":35.0},{"not_picked":["Bouncing Flask","Tactician"],"picked":"Prepared","floor":36.0},{"not_picked":["Blade Dance","Riddle With Holes"],"picked":"Leg Sweep","floor":39.0},{"not_picked":["Prepared+1","Bane","Caltrops+1"],"picked":"Blur","floor":44.0},{"not_picked":["Deflect","Prepared","Quick Slash"],"picked":"Blur","floor":45.0},{"not_picked":["Storm of Steel","Bane","Quick Slash"],"picked":"Backflip","floor":46.0},{"not_picked":["Dagger Throw","Flying Knee","Reflex","Masterful Stab"],"picked":"SKIP","floor":55.0}],"player_experience":1986874,"relics_obtained":[{"floor":7.0,"key":"Letter Opener"},{"floor":9.0,"key":"Juzu Bracelet"},{"floor":23.0,"key":"Meat on the Bone"},{"floor":25.0,"key":"StoneCalendar"},{"floor":28.0,"key":"Paper Crane"},{"floor":31.0,"key":"Snake Skull"},{"floor":43.0,"key":"Question Card"},{"floor":44.0,"key":"Regal Pillow"},{"floor":46.0,"key":"Boot"},{"floor":55.0,"key":"Centennial Puzzle"}],"event_choices":[{"damage_healed":0.0,"max_hp_gain":0.0,"max_hp_loss":0.0,"gold_gain":50.0,"event_name":"Golden Shrine","player_choice":"Pray","floor":3.0,"gold_loss":0.0,"damage_taken":0.0},{"damage_healed":0.0,"max_hp_gain":0.0,"max_hp_loss":0.0,"gold_gain":0.0,"event_name":"Shining Light","player_choice":"Ignored","floor":10.0,"gold_loss":0.0,"damage_taken":0.0},{"damage_healed":0.0,"max_hp_gain":0.0,"max_hp_loss":0.0,"gold_gain":0.0,"event_name":"Dead Adventurer","player_choice":"Searched \u00270\u0027 times","floor":12.0,"gold_loss":0.0,"damage_taken":0.0},{"cards_removed":["Dagger Throw"],"damage_healed":0.0,"max_hp_gain":0.0,"max_hp_loss":0.0,"gold_gain":0.0,"event_name":"WeMeetAgain","player_choice":"Gave Card","floor":19.0,"gold_loss":0.0,"damage_taken":0.0,"relics_obtained":["Anchor"]},{"damage_healed":0.0,"max_hp_gain":0.0,"max_hp_loss":0.0,"gold_gain":0.0,"event_name":"Match and Keep!","player_choice":"1 cards matched","floor":37.0,"gold_loss":0.0,"damage_taken":0.0,"cards_obtained":["Adrenaline"]},{"damage_healed":0.0,"max_hp_gain":0.0,"max_hp_loss":0.0,"gold_gain":0.0,"event_name":"Upgrade Shrine","player_choice":"Upgraded","floor":38.0,"gold_loss":0.0,"damage_taken":0.0,"cards_upgraded":["Apotheosis"]}],"is_beta":false,"boss_relics":[{"not_picked":["Busted Crown","Lizard Tail"],"picked":"Fusion Hammer"},{"not_picked":["Coffee Dripper","Snecko Eye"],"picked":"Empty Cage"}],"items_purged_floors":[21,41,42],"is_endless":false,"potions_floor_spawned":[4,5,8,18,20,29,39,44,46,55],"killed_by":"The Heart","ascension_level":20}