{"gold_per_floor":[115,133,152,167,242,242,242,257,257,19,33,33],"floor_reached":12,"playtime":429,"items_purged":[],"score":94,"play_id":"3ec1f790-4829-4f04-ab2f-95a9732cf8fb","local_time":"20181006204643","is_ascension_mode":true,"campfire_choices":[{"data":"Bash","floor":6,"key":"SMITH"}],"neow_cost":"NONE","seed_source_timestamp":1901554887670228,"circlet_count":0,"master_deck":["Strike_R","Strike_R","Strike_R","Strike_R","Defend_R","Defend_R","Defend_R","Defend_R","Bash+1","Sword Boomerang","Twin Strike","Uppercut","Disarm"],"relics":["Burning Blood","NlothsMask","Membership Card"],"potions_floor_usage":[11],"damage_taken":[{"damage":11,"enemies":"Cultist","floor":1,"turns":4},{"damage":19,"enemies":"Small Slimes","floor":2,"turns":3},{"damage":7,"enemies":"2 Louse","floor":3,"turns":3},{"damage":11,"enemies":"Blue Slaver","floor":4,"turns":6},{"damage":21,"enemies":"Large Slime","floor":8,"turns":6},{"damage":21,"enemies":"Lots of Slimes","floor":11,"turns":6},{"damage":0,"enemies":"Gremlin Nob","floor":12,"turns":2}],"seed_played":"-3783195943143794051","potions_obtained":[{"floor":2,"key":"Swift Potion"},{"floor":8,"key":"Poison Potion"}],"is_trial":false,"path_per_floor":["M","M","M","M","?","R","?","M","T","$","M"],"character_chosen":"IRONCLAD","items_purchased":["Membership Card","Uppercut"],"campfire_rested":0,"item_purchase_floors":[10,10],"current_hp_per_floor":[67,54,53,48,37,37,37,22,22,22,7,7],"gold":33,"neow_bonus":"REMOVE_CARD","is_prod":false,"is_daily":false,"chose_seed":false,"campfire_upgraded":1,"win_rate":0,"timestamp":1538830003,"path_taken":["M","M","M","M","?","R","?","?","T","$","M","E"],"build_version":"2018-10-04v2","purchased_purges":0,"victory":false,"max_hp_per_floor":[80,80,80,80,80,80,80,80,80,80,80,80],"card_choices":[{"not_picked":["Havoc","Armaments","Feel No Pain"],"picked":"SKIP","floor":1},{"not_picked":["Power Through","Anger","Headbutt"],"picked":"SKIP","floor":2},{"not_picked":["Infernal Blade","Body Slam"],"picked":"Sword Boomerang","floor":3},{"not_picked":["Perfected Strike","Pommel Strike"],"picked":"Twin Strike","floor":4},{"not_picked":["Berserk","Anger","Wild Strike"],"picked":"SKIP","floor":8},{"not_picked":["Clash","Feel No Pain"],"picked":"Disarm","floor":11}],"player_experience":243930,"relics_obtained":[],"event_choices":[{"event_name":"World of Goop","player_choice":"Gather Gold","floor":5,"damage_taken":0},{"event_name":"FaceTrader","player_choice":"Trade","floor":7,"damage_taken":0}],"is_beta":false,"boss_relics":[],"items_purged_floors":[],"is_endless":false,"potions_floor_spawned":[2,8],"killed_by":"Gremlin Nob","ascension_level":6}