{"gold_per_floor":[209,221,221,296,308,308,337,337,337,365,377,389,401],"floor_reached":13,"playtime":238,"items_purged":[],"score":182,"play_id":"25090e6b-3c53-44a6-a606-40c194cd7da9","local_time":"20190610111340","is_ascension_mode":true,"campfire_choices":[{"data":"Zap","floor":6,"key":"SMITH"},{"floor":8,"key":"REST"},{"floor":11,"key":"REST"}],"neow_cost":"NONE","seed_source_timestamp":6962538158655,"circlet_count":0,"master_deck":["AscendersBane","Strike_B","Strike_B","Strike_B","Strike_B","Defend_B","Defend_B","Defend_B","Defend_B","Zap+1","Dualcast","Sweeping Beam","Gash","Buffer"],"relics":["Cracked Core","Singing Bowl","Bag of Marbles","Ornamental Fan","MawBank","Symbiotic Virus"],"potions_floor_usage":[7,10],"damage_taken":[{"damage":0,"enemies":"Cultist","floor":1,"turns":3},{"damage":3,"enemies":"2 Louse","floor":2,"turns":3},{"damage":12,"enemies":"Jaw Worm","floor":5,"turns":3},{"damage":32,"enemies":"Gremlin Nob","floor":7,"turns":4},{"damage":30,"enemies":"Lagavulin","floor":10,"turns":8},{"damage":50,"enemies":"Gremlin Nob","floor":13,"turns":4}],"seed_played":"5115745355450149456","potions_obtained":[{"floor":2,"key":"Weak Potion"},{"floor":7,"key":"SpeedPotion"}],"is_trial":false,"path_per_floor":["M","M","T","?","M","R","E","R","T","E","R","T","E"],"character_chosen":"DEFECT","items_purchased":[],"campfire_rested":2,"item_purchase_floors":[],"current_hp_per_floor":[64,61,61,50,40,40,10,32,32,2,24,24,0],"gold":401,"neow_bonus":"HUNDRED_GOLD","is_prod":false,"is_daily":false,"chose_seed":false,"campfire_upgraded":1,"win_rate":0,"timestamp":1560158020,"path_taken":["M","?","?","?","M","R","E","R","T","E","R","?","E"],"build_version":"2019-01-23","purchased_purges":0,"victory":false,"max_hp_per_floor":[71,71,71,71,73,73,75,75,75,75,75,75,75],"card_choices":[{"not_picked":["Coolheaded","Turbo"],"picked":"Sweeping Beam","floor":1},{"not_picked":["Coolheaded","Stack"],"picked":"Gash","floor":2},{"not_picked":["Turbo","Double Energy","Compile Driver"],"picked":"Singing Bowl","floor":5},{"not_picked":["Rebound","Recycle","Chaos"],"picked":"Singing Bowl","floor":7},{"not_picked":["Barrage","Chill"],"picked":"Buffer","floor":10}],"player_experience":1731449,"relics_obtained":[{"floor":3,"key":"Singing Bowl"},{"floor":7,"key":"Bag of Marbles"},{"floor":9,"key":"Ornamental Fan"},{"floor":10,"key":"MawBank"},{"floor":12,"key":"Symbiotic Virus"}],"event_choices":[{"damage_healed":0,"gold_gain":75,"player_choice":"Gather Gold","damage_taken":11,"max_hp_gain":0,"max_hp_loss":0,"event_name":"World of Goop","floor":4,"gold_loss":0}],"is_beta":false,"boss_relics":[],"items_purged_floors":[],"is_endless":false,"potions_floor_spawned":[2,7],"killed_by":"Gremlin Nob","ascension_level":20}