{"gold_per_floor":[113,113,130,148,162,162,172,185,185,110,110,132,160,172,172,244,244,262,262,262,282,295,50,50,50,50,66,66,66,66,83,83,83],"floor_reached":33,"playtime":1170,"items_purged":["Defend_G"],"score":461,"play_id":"01e26698-8475-43aa-8538-5045d25667ae","local_time":"20181003131300","is_ascension_mode":true,"campfire_choices":[{"data":"Finisher","floor":6,"key":"SMITH"},{"data":"Cloak And Dagger","floor":11,"key":"SMITH"},{"floor":15,"key":"REST"},{"floor":25,"key":"REST"},{"data":"RitualDagger","floor":28,"key":"SMITH"},{"data":"Infinite Blades","floor":30,"key":"SMITH"},{"data":"Ghostly","floor":32,"key":"SMITH"}],"neow_cost":"NONE","seed_source_timestamp":0,"circlet_count":0,"master_deck":["Defend_G","Defend_G","Defend_G","Defend_G","Strike_G","Strike_G","Strike_G","Strike_G","Strike_G","Survivor","Neutralize","AscendersBane","Blade Dance","Finisher+1","Blade Dance","Cloak And Dagger+1","Blade Dance","Escape Plan","Cloak And Dagger","Leg Sweep","Finisher","Burst","Ghostly","Ghostly","Ghostly+1","Ghostly","Ghostly","RitualDagger+1","Blade Dance","Infinite Blades+1","Leg Sweep","Decay","Adrenaline","Parasite"],"special_seed":0,"relics":["Ring of the Snake","Dream Catcher","Du-Vu Doll","Bag of Preparation","Odd Mushroom","Orichalcum","Cursed Key","Medical Kit","Art of War"],"potions_floor_usage":[16,33],"damage_taken":[{"damage":1.0,"enemies":"Small Slimes","floor":1.0,"turns":4.0},{"damage":0,"enemies":"2 Louse","floor":3,"turns":3},{"damage":2,"enemies":"Jaw Worm","floor":4,"turns":3},{"damage":0,"enemies":"Exordium Wildlife","floor":5,"turns":4},{"damage":3,"enemies":"Red Slaver","floor":7,"turns":3},{"damage":1,"enemies":"3 Louse","floor":8,"turns":3},{"damage":15,"enemies":"The Mushroom Lair","floor":12,"turns":3},{"damage":22,"enemies":"Lagavulin","floor":13,"turns":4},{"damage":0,"enemies":"Blue Slaver","floor":14,"turns":2},{"damage":31,"enemies":"The Guardian","floor":16,"turns":14},{"damage":10,"enemies":"Shell Parasite","floor":18,"turns":4},{"damage":1,"enemies":"3 Byrds","floor":21,"turns":4},{"damage":24,"enemies":"Sentry and Sphere","floor":22,"turns":6},{"damage":0,"enemies":"Centurion and Healer","floor":27,"turns":4},{"damage":0,"enemies":"Snecko","floor":31,"turns":2},{"damage":21,"enemies":"Champ","floor":33,"turns":7}],"seed_played":"4667775629674917495","potions_obtained":[{"floor":1.0,"key":"Strength Potion"},{"floor":4,"key":"EssenceOfSteel"},{"floor":14,"key":"Regen Potion"},{"floor":16,"key":"Weak Potion"}],"is_trial":false,"path_per_floor":["M","?","M","M","M","R","M","M","T","$","R","?","E","M","R","B",null,"M","?","?","M","M","$","?","R","T","M","R","$","R","M","R"],"character_chosen":"THE_SILENT","items_purchased":["Medical Kit","Leg Sweep"],"campfire_rested":2,"item_purchase_floors":[23,23],"current_hp_per_floor":[62,50,50,48,48,48,45,44,44,44,44,29,7,7,28,12,56,46,35,29,28,4,4,4,14,14,14,14,14,14,14,14,0],"gold":83,"neow_bonus":"RANDOM_COMMON_RELIC","is_prod":false,"is_daily":false,"chose_seed":false,"campfire_upgraded":5,"win_rate":0,"timestamp":1538565180,"path_taken":["M","?","M","M","M","R","M","M","T","$","R","?","E","M","R","BOSS","M","?","?","M","M","$","?","R","T","?","R","?","R","M","R","BOSS"],"build_version":"2018-10-02","purchased_purges":1,"victory":false,"max_hp_per_floor":[70,70,70,70,70,70,70,70,70,70,70,70,70,70,70,70,70,70,35,35,35,35,35,35,35,35,35,35,35,35,35,35,35],"card_choices":[{"not_picked":["Acrobatics","Deflect"],"picked":"Blade Dance","floor":1.0},{"not_picked":["Prepared","Backflip"],"picked":"Finisher","floor":3},{"not_picked":["Underhanded Strike","Poisoned Stab"],"picked":"Blade Dance","floor":4},{"not_picked":["Blade Dance","Catalyst"],"picked":"Cloak And Dagger","floor":5},{"not_picked":["Dodge and Roll","Choke"],"picked":"Blade Dance","floor":7},{"not_picked":["Dagger Spray","Flying Knee"],"picked":"Escape Plan","floor":8},{"not_picked":["Adrenaline","Blade Dance"],"picked":"Cloak And Dagger","floor":12},{"not_picked":["Dodge and Roll","Poisoned Stab","Deadly Poison"],"picked":"SKIP","floor":13},{"not_picked":["Acrobatics","Blade Dance"],"picked":"Leg Sweep","floor":14},{"not_picked":["Underhanded Strike","Reflex"],"picked":"Finisher","floor":15},{"not_picked":["Envenom","Doppelganger"],"picked":"Burst","floor":16},{"not_picked":["Reflex","Deadly Poison","Underhanded Strike"],"picked":"SKIP","floor":18},{"not_picked":["Dagger Throw","Slice"],"picked":"Blade Dance","floor":21},{"not_picked":["Deflect","Slice"],"picked":"Infinite Blades","floor":22},{"not_picked":["Backflip+1","Slice"],"picked":"Adrenaline","floor":25},{"not_picked":["Bane","Poisoned Stab","Dagger Throw"],"picked":"SKIP","floor":27},{"not_picked":["Sucker Punch","Endless Agony","Noxious Fumes"],"picked":"SKIP","floor":31}],"player_experience":582294,"relics_obtained":[{"floor":9,"key":"Bag of Preparation"},{"floor":12,"key":"Odd Mushroom"},{"floor":13,"key":"Orichalcum"},{"floor":26,"key":"Art of War"}],"event_choices":[{"event_name":"Scrap Ooze","player_choice":"success","floor":2,"damage_taken":12},{"event_name":"Mushrooms","player_choice":"Fought Mushrooms","floor":12,"damage_taken":0},{"event_name":"Ghosts","player_choice":"Became a Ghost","floor":19,"damage_taken":0},{"event_name":"Nest","player_choice":"Joined the Cult","floor":20,"damage_taken":0},{"event_name":"Forgotten Altar","player_choice":"Smashed Altar","floor":24,"damage_taken":0}],"is_beta":true,"boss_relics":[{"not_picked":["Calling Bell","Astrolabe"],"picked":"Cursed Key"}],"items_purged_floors":[10],"is_endless":false,"potions_floor_spawned":[1,4,13,14,16,18,21,27],"killed_by":"Champ","ascension_level":13}