{"gold_per_floor":[119,21,32,43,43,43,143,170,170,170,181,181],"floor_reached":12,"playtime":665,"items_purged":[],"score":129,"play_id":"9c00f473-c73d-49ae-8678-471a91bbaff5","local_time":"20181026234731","is_ascension_mode":true,"campfire_choices":[{"data":"Accuracy","floor":6,"key":"SMITH"},{"data":"Blade Dance","floor":10,"key":"SMITH"}],"neow_cost":"TEN_PERCENT_HP_LOSS","seed_source_timestamp":7502431831501,"circlet_count":0,"master_deck":["Defend_G","Defend_G","Defend_G","Defend_G","Defend_G","Strike_G","Strike_G","Strike_G","Strike_G","Strike_G","Survivor","Neutralize","AscendersBane","Secret Technique","Purity","Deadly Poison","Blade Dance+1","Accuracy+1","Slice","Choke","Accuracy","Footwork"],"relics":["Ring of the Snake","Singing Bowl","Toxic Egg 2"],"potions_floor_usage":[12],"damage_taken":[{"damage":2,"enemies":"Cultist","floor":1,"turns":5},{"damage":0,"enemies":"Small Slimes","floor":3,"turns":3},{"damage":0,"enemies":"2 Louse","floor":4,"turns":3},{"damage":30,"enemies":"Gremlin Nob","floor":8,"turns":4},{"damage":14,"enemies":"Exordium Thugs","floor":11,"turns":5},{"damage":30,"enemies":"3 Sentries","floor":12,"turns":4}],"seed_played":"-6058166054082443549","potions_obtained":[{"floor":11,"key":"Fire Potion"}],"is_trial":false,"path_per_floor":["M","$","M","M","?","R","?","E","T","R","M"],"character_chosen":"THE_SILENT","items_purchased":["Blade Dance","Accuracy"],"campfire_rested":0,"item_purchase_floors":[2,2],"current_hp_per_floor":[61,61,61,61,66,66,66,36,36,36,22,0],"gold":181,"neow_bonus":"RANDOM_COLORLESS_2","is_prod":false,"is_daily":false,"chose_seed":false,"campfire_upgraded":2,"win_rate":0,"timestamp":1540590451,"path_taken":["M","?","M","M","?","R","?","E","T","R","M","E"],"build_version":"2018-10-25v2","purchased_purges":0,"victory":false,"max_hp_per_floor":[63,63,63,63,68,68,68,68,68,68,68,68],"card_choices":[{"not_picked":["Underhanded Strike","Terror"],"picked":"Deadly Poison","floor":1},{"not_picked":["Calculated Gamble","Underhanded Strike"],"picked":"Slice","floor":3},{"not_picked":["Dagger Throw","Caltrops"],"picked":"Choke","floor":4},{"not_picked":["Flying Knee","Dodge and Roll"],"picked":"Accuracy","floor":8},{"not_picked":["Glass Knife","Dodge and Roll+1"],"picked":"Footwork","floor":11}],"player_experience":686974,"relics_obtained":[{"floor":8,"key":"Singing Bowl"},{"floor":9,"key":"Toxic Egg 2"}],"event_choices":[{"damage_healed":0,"gold_gain":0,"player_choice":"Donut","damage_taken":0,"max_hp_gain":5,"max_hp_loss":0,"event_name":"Big Fish","floor":5,"gold_loss":0},{"damage_healed":0,"gold_gain":100,"player_choice":"Pray","damage_taken":0,"max_hp_gain":0,"max_hp_loss":0,"event_name":"Golden Shrine","floor":7,"gold_loss":0}],"is_beta":true,"boss_relics":[],"items_purged_floors":[],"is_endless":false,"potions_floor_spawned":[11],"killed_by":"3 Sentries","ascension_level":13}