{"gold_per_floor":[110,110,66,66,78,113,113,124,124,149,161,179,179,209,209,282,282,293,293,293,74,90,90,107,135,135,135,60,60],"floor_reached":29,"playtime":922,"items_purged":[],"score":622,"play_id":"be49da5c-e43d-4e02-a74d-5e713d461bb9","local_time":"20190212111132","is_ascension_mode":true,"campfire_choices":[{"data":"Perfected Strike","floor":7,"key":"SMITH"},{"data":"Perfected Strike","floor":13,"key":"SMITH"},{"data":"Disarm","floor":15,"key":"SMITH"},{"data":"Shockwave","floor":23,"key":"SMITH"}],"neow_cost":"NONE","seed_source_timestamp":5125905939025,"circlet_count":0,"master_deck":["AscendersBane","Strike_R","Strike_R+1","Strike_R","Strike_R","Defend_R","Defend_R+1","Defend_R","Defend_R","Bash","Perfected Strike+1","Spot Weakness","Perfected Strike+1","Disarm+1","Feed","Pommel Strike","Spot Weakness","Pommel Strike","Inflame","Exhume","Perfected Strike+1","Shockwave+1","Heavy Blade","Corruption"],"relics":["Burning Blood","NeowsBlessing","Sundial","Pear","Blue Candle","Letter Opener","Darkstone Periapt","Runic Pyramid","Lee\u0027s Waffle","Mummified Hand","Meat on the Bone","Strawberry"],"potions_floor_usage":[25,29],"damage_taken":[{"damage":0,"enemies":"Jaw Worm","floor":1,"turns":1},{"damage":0,"enemies":"Small Slimes","floor":5,"turns":1},{"damage":0,"enemies":"Lagavulin","floor":6,"turns":1},{"damage":2,"enemies":"2 Louse","floor":8,"turns":3},{"damage":20,"enemies":"3 Sentries","floor":10,"turns":4},{"damage":16,"enemies":"Blue Slaver","floor":11,"turns":5},{"damage":12,"enemies":"Looter","floor":12,"turns":4},{"damage":6,"enemies":"Gremlin Nob","floor":14,"turns":3},{"damage":15,"enemies":"The Guardian","floor":16,"turns":13},{"damage":48,"enemies":"Shell Parasite","floor":18,"turns":6},{"damage":23,"enemies":"3 Byrds","floor":22,"turns":6},{"damage":33,"enemies":"Snake Plant","floor":24,"turns":4},{"damage":69,"enemies":"Slavers","floor":25,"turns":5},{"damage":37,"enemies":"Book of Stabbing","floor":29,"turns":5}],"seed_played":"1934388863926054467","potions_obtained":[{"floor":5,"key":"PowerPotion"},{"floor":6,"key":"BloodPotion"}],"is_trial":false,"path_per_floor":["M","?","$","?","M","E","R","M","T","E","M","M","R","E","R","B",null,"M","?","?","$","M","R","M","E","T","T","?","E"],"character_chosen":"IRONCLAD","items_purchased":["Spot Weakness","Lee\u0027s Waffle"],"campfire_rested":0,"item_purchase_floors":[3,21],"current_hp_per_floor":[74,63,63,40,46,62,62,66,66,55,48,42,42,42,42,36,80,41,41,12,109,95,95,71,11,11,18,18,0],"gold":60,"neow_bonus":"THREE_ENEMY_KILL","is_prod":false,"is_daily":false,"chose_seed":false,"campfire_upgraded":4,"win_rate":0,"timestamp":1549966292,"path_taken":["M","?","$","?","M","E","R","M","T","E","M","M","R","E","R","BOSS","M","?","?","$","M","R","M","E","T","?","?","E"],"build_version":"2019-01-23","purchased_purges":0,"victory":false,"max_hp_per_floor":[75,75,75,75,75,85,85,85,85,88,91,91,91,91,91,94,94,97,97,102,109,112,112,115,118,118,125,125,125],"card_choices":[{"not_picked":["Sword Boomerang","Warcry"],"picked":"Perfected Strike","floor":1},{"not_picked":["Fire Breathing","Iron Wave"],"picked":"Perfected Strike","floor":5},{"not_picked":["Infernal Blade","Clothesline"],"picked":"Disarm","floor":6},{"not_picked":["Body Slam","Heavy Blade"],"picked":"Feed","floor":8},{"not_picked":["Clash","Anger"],"picked":"Pommel Strike","floor":10},{"not_picked":["Disarm","Uppercut"],"picked":"Spot Weakness","floor":11},{"not_picked":["Burning Pact","Combust"],"picked":"Pommel Strike","floor":12},{"not_picked":["Barricade","Flex"],"picked":"Inflame","floor":14},{"not_picked":["Juggernaut","Berserk"],"picked":"Exhume","floor":16},{"not_picked":["Wild Strike","Dropkick"],"picked":"Perfected Strike+1","floor":18},{"not_picked":["Burning Pact","Anger"],"picked":"Heavy Blade","floor":22},{"not_picked":["Pummel","Twin Strike","Clash"],"picked":"SKIP","floor":24},{"not_picked":["Perfected Strike","Clothesline"],"picked":"Corruption","floor":25}],"player_experience":1245218,"relics_obtained":[{"floor":6,"key":"Pear"},{"floor":9,"key":"Blue Candle"},{"floor":10,"key":"Letter Opener"},{"floor":14,"key":"Darkstone Periapt"},{"floor":25,"key":"Mummified Hand"},{"floor":26,"key":"Meat on the Bone"},{"floor":27,"key":"Strawberry"}],"event_choices":[{"damage_healed":0,"gold_gain":0,"player_choice":"Success","damage_taken":11,"relics_obtained":["Sundial"],"max_hp_gain":0,"max_hp_loss":0,"event_name":"Scrap Ooze","floor":2,"gold_loss":0},{"damage_healed":0,"gold_gain":0,"player_choice":"Entered Light","damage_taken":23,"max_hp_gain":0,"max_hp_loss":0,"event_name":"Shining Light","floor":4,"gold_loss":0,"cards_upgraded":["Strike_R","Defend_R"]},{"damage_healed":0,"gold_gain":0,"player_choice":"Read","damage_taken":0,"max_hp_gain":0,"max_hp_loss":0,"event_name":"The Library","floor":19,"gold_loss":0,"cards_obtained":["Shockwave"]},{"damage_healed":0,"gold_gain":0,"player_choice":"Shed Blood","damage_taken":34,"max_hp_gain":5,"max_hp_loss":0,"event_name":"Forgotten Altar","floor":20,"gold_loss":0},{"cards_removed":["Strike_R"],"damage_healed":0,"gold_gain":0,"player_choice":"Gave Gold","damage_taken":0,"max_hp_gain":0,"max_hp_loss":0,"event_name":"Beggar","floor":28,"gold_loss":75}],"is_beta":false,"boss_relics":[{"not_picked":["Tiny House","Black Star"],"picked":"Runic Pyramid"}],"items_purged_floors":[],"is_endless":false,"potions_floor_spawned":[5,6,11,18],"killed_by":"Book of Stabbing","ascension_level":20}