{"gold_per_floor":[119,138,63,63,63,106,121,139,165,196,196,240,261,305,305,305],"floor_reached":16,"playtime":472,"items_purged":[],"score":310,"play_id":"99988cf0-5a71-438a-a050-e51c3543c97f","local_time":"20190728141033","is_ascension_mode":true,"campfire_choices":[{"data":"Sunder","floor":11.0,"key":"SMITH"},{"floor":15.0,"key":"REST"}],"neow_cost":"NONE","seed_source_timestamp":0,"circlet_count":0,"master_deck":["AscendersBane","Strike_B","Strike_B","Strike_B","Strike_B","Defend_B","Defend_B","Defend_B","Zap","Dualcast","Leap","Glacier","Sunder+1","Doom and Gloom","Loop","Fission","Self Repair","Genetic Algorithm","Undo"],"special_seed":0,"relics":["Cracked Core","NeowsBlessing","Golden Idol","Blood Vial","Bag of Preparation","Dream Catcher","Potion Belt","Question Card"],"potions_floor_usage":[],"damage_taken":[{"damage":0.0,"enemies":"2 Louse","floor":1.0,"turns":1.0},{"damage":0.0,"enemies":"Cultist","floor":2.0,"turns":1.0},{"damage":0.0,"enemies":"3 Sentries","floor":6.0,"turns":1.0},{"damage":8.0,"enemies":"Small Slimes","floor":7.0,"turns":3.0},{"damage":0.0,"enemies":"3 Louse","floor":8.0,"turns":3.0},{"damage":16.0,"enemies":"Lagavulin","floor":10.0,"turns":6.0},{"damage":15.0,"enemies":"3 Sentries","floor":12.0,"turns":7.0},{"damage":0.0,"enemies":"Blue Slaver","floor":13.0,"turns":3.0},{"damage":24.0,"enemies":"Lagavulin","floor":14.0,"turns":9.0},{"damage":50,"enemies":"Slime Boss","floor":16,"turns":6}],"seed_played":"-5269517497532216651","potions_obtained":[{"floor":1.0,"key":"Dexterity Potion"},{"floor":5.0,"key":"AttackPotion"},{"floor":13.0,"key":"PowerPotion"}],"is_trial":false,"path_per_floor":["M","M","?","?","?","E","M","M","T","E","R","E","M","E","R","B"],"character_chosen":"DEFECT","items_purchased":[],"campfire_rested":1,"item_purchase_floors":[],"current_hp_per_floor":[64,64,64,64,64,64,56,58,58,44,44,31,33,18,37,0],"gold":305,"neow_bonus":"THREE_ENEMY_KILL","is_prod":false,"is_daily":false,"chose_seed":false,"campfire_upgraded":1,"win_rate":0,"timestamp":1564315833,"path_taken":["M","M","?","?","?","E","M","?","T","E","R","E","M","E","R","BOSS"],"build_version":"2019-07-17","purchased_purges":0,"victory":false,"max_hp_per_floor":[71,71,71,64,64,64,64,64,64,64,64,64,64,64,64,64],"card_choices":[{"not_picked":["Reprogram","Tempest"],"picked":"Leap","floor":1.0},{"not_picked":["Hologram","Stack"],"picked":"Glacier","floor":2.0},{"not_picked":["Capacitor","Reinforced Body"],"picked":"Sunder","floor":6.0},{"not_picked":["Stack","Blizzard","Turbo"],"picked":"SKIP","floor":7.0},{"not_picked":["Conserve Battery","Tempest"],"picked":"Doom and Gloom","floor":8.0},{"not_picked":["Steam","Scrape"],"picked":"Loop","floor":10.0},{"not_picked":["Compile Driver","Beam Cell"],"picked":"Fission","floor":12.0},{"not_picked":["BootSequence","Turbo"],"picked":"Self Repair","floor":13.0},{"not_picked":["Force Field","Double Energy"],"picked":"Genetic Algorithm","floor":14.0},{"not_picked":["Go for the Eyes","Genetic Algorithm","Streamline"],"picked":"Undo","floor":15.0}],"player_experience":1852509,"relics_obtained":[{"floor":6.0,"key":"Blood Vial"},{"floor":9.0,"key":"Bag of Preparation"},{"floor":10.0,"key":"Dream Catcher"},{"floor":12.0,"key":"Potion Belt"},{"floor":14.0,"key":"Question Card"}],"event_choices":[{"cards_removed":["Defend_B"],"damage_healed":0.0,"max_hp_gain":0.0,"max_hp_loss":0.0,"gold_gain":0.0,"event_name":"The Cleric","player_choice":"Card Removal","floor":3.0,"gold_loss":75.0,"damage_taken":0.0},{"damage_healed":0.0,"max_hp_gain":0.0,"max_hp_loss":7.0,"gold_gain":0.0,"event_name":"Golden Idol","player_choice":"Lose Max HP","floor":4.0,"gold_loss":0.0,"damage_taken":0.0,"relics_obtained":["Golden Idol"]},{"damage_healed":0.0,"max_hp_gain":0.0,"max_hp_loss":0.0,"gold_gain":0.0,"event_name":"Lab","player_choice":"Got Potions","floor":5.0,"gold_loss":0.0,"damage_taken":0.0}],"is_beta":false,"boss_relics":[],"items_purged_floors":[],"is_endless":false,"potions_floor_spawned":[1,6,10,13],"killed_by":"Slime Boss","ascension_level":20}