{"gold_per_floor":[368,76,89,89,107,107,107,139,139,139,200,250,250,263,263,263],"floor_reached":16,"playtime":488,"items_purged":["Strike_G"],"score":200,"play_id":"ddbc06a7-cc71-412d-b15c-e7a542fdfb26","local_time":"20190216114054","is_ascension_mode":true,"campfire_choices":[{"data":"Dagger Spray","floor":6.0,"key":"SMITH"},{"data":"Deadly Poison","floor":13,"key":"SMITH"},{"data":"Neutralize","floor":15,"key":"SMITH"}],"neow_cost":"TEN_PERCENT_HP_LOSS","seed_source_timestamp":0,"circlet_count":0,"master_deck":["AscendersBane","Defend_G","Defend_G","Defend_G","Defend_G","Defend_G","Strike_G","Strike_G","Strike_G","Strike_G","Survivor","Neutralize+1","Finisher","Deadly Poison+1","PiercingWail","Dagger Spray+1","PiercingWail","Blade Dance","Backflip","Calculated Gamble+1","Bouncing Flask+1"],"special_seed":0,"relics":["Ring of the Snake","Shovel","Toxic Egg 2","SsserpentHead"],"potions_floor_usage":[16,16],"damage_taken":[{"damage":25.0,"enemies":"Cultist","floor":1.0,"turns":7.0},{"damage":1.0,"enemies":"2 Louse","floor":3.0,"turns":3.0},{"damage":1.0,"enemies":"Small Slimes","floor":5.0,"turns":3.0},{"damage":27.0,"enemies":"Gremlin Nob","floor":8.0,"turns":4.0},{"damage":0.0,"enemies":"2 Fungi Beasts","floor":11.0,"turns":2.0},{"damage":0,"enemies":"Looter","floor":14,"turns":5},{"damage":13,"enemies":"Hexaghost","floor":16,"turns":10}],"seed_played":"-3889382690768812934","potions_obtained":[{"floor":1.0,"key":"Dexterity Potion"},{"floor":8.0,"key":"GhostInAJar"}],"is_trial":false,"path_per_floor":["M","$","M","?","M","R","?","E","T","?","M","?","R","M","R","B"],"character_chosen":"THE_SILENT","items_purchased":["Deadly Poison","PiercingWail","Dagger Spray","Strength Potion"],"campfire_rested":0,"item_purchase_floors":[2,2,2,2],"current_hp_per_floor":[34,34,33,33,32,32,37,10,10,10,10,10,10,10,10,0],"gold":263,"neow_bonus":"TWO_FIFTY_GOLD","is_prod":false,"is_daily":false,"chose_seed":false,"campfire_upgraded":3,"win_rate":0,"timestamp":1550313654,"path_taken":["M","$","M","?","M","R","?","E","T","?","?","?","R","M","R","BOSS"],"build_version":"2019-01-23","purchased_purges":1,"victory":false,"max_hp_per_floor":[60,60,60,60,60,60,65,65,65,65,65,65,65,65,65,65],"card_choices":[{"not_picked":["Underhanded Strike","All Out Attack"],"picked":"Finisher","floor":1.0},{"not_picked":["Backflip","Outmaneuver"],"picked":"PiercingWail","floor":3.0},{"not_picked":["Flying Knee","Slice"],"picked":"Blade Dance","floor":5.0},{"not_picked":["Infinite Blades","Heel Hook"],"picked":"Backflip","floor":8.0},{"not_picked":["Dagger Throw","Dagger Spray"],"picked":"Calculated Gamble+1","floor":11.0},{"not_picked":["Underhanded Strike","Prepared+1"],"picked":"Bouncing Flask+1","floor":14}],"player_experience":1274041,"relics_obtained":[{"floor":8.0,"key":"Shovel"},{"floor":9.0,"key":"Toxic Egg 2"}],"event_choices":[{"damage_healed":0.0,"max_hp_gain":0.0,"max_hp_loss":0.0,"gold_gain":0.0,"event_name":"Liars Game","player_choice":"Ignored","floor":4.0,"gold_loss":0.0,"damage_taken":0.0},{"damage_healed":0.0,"max_hp_gain":5.0,"max_hp_loss":0.0,"gold_gain":0.0,"event_name":"Big Fish","player_choice":"Donut","floor":7.0,"gold_loss":0.0,"damage_taken":0.0},{"damage_healed":0.0,"max_hp_gain":0.0,"max_hp_loss":0.0,"gold_gain":0.0,"event_name":"FaceTrader","player_choice":"Trade","floor":10.0,"gold_loss":0.0,"damage_taken":0.0,"relics_obtained":["SsserpentHead"]},{"damage_healed":0,"gold_gain":0,"player_choice":"Searched \u00270\u0027 times","damage_taken":0,"max_hp_gain":0,"max_hp_loss":0,"event_name":"Dead Adventurer","floor":12,"gold_loss":0}],"is_beta":false,"boss_relics":[],"items_purged_floors":[2],"is_endless":false,"potions_floor_spawned":[1,8,11],"killed_by":"Hexaghost","ascension_level":20}