{"gold_per_floor":[211,211,211,228,7,7,21,38,63,63],"floor_reached":10,"playtime":218,"items_purged":[],"score":116,"play_id":"426225a0-85ae-477f-96d5-1af2b8f6ee37","local_time":"20190320153734","is_ascension_mode":true,"campfire_choices":[{"data":"Tempest","floor":6,"key":"SMITH"}],"neow_cost":"NONE","seed_source_timestamp":18380778942835,"circlet_count":0,"master_deck":["AscendersBane","Strike_B","Strike_B","Strike_B","Strike_B","Defend_B","Defend_B","Defend_B+1","Defend_B","Zap+1","Dualcast","Tempest+1","Recycle","Coolheaded","Gash"],"relics":["Cracked Core","Ancient Tea Set","Runic Capacitor","Pen Nib"],"potions_floor_usage":[10,10],"damage_taken":[{"damage":7,"enemies":"Small Slimes","floor":1,"turns":3},{"damage":2,"enemies":"2 Louse","floor":4,"turns":2},{"damage":7,"enemies":"Jaw Worm","floor":7,"turns":2},{"damage":1,"enemies":"3 Louse","floor":8,"turns":3},{"damage":21,"enemies":"3 Sentries","floor":10,"turns":4}],"seed_played":"-1951331543792599992","potions_obtained":[{"floor":4,"key":"SneckoOil"},{"floor":7,"key":"Dexterity Potion"}],"is_trial":false,"path_per_floor":["M","?","?","M","$","R","M","M","T","E"],"character_chosen":"DEFECT","items_purchased":["Runic Capacitor"],"campfire_rested":0,"item_purchase_floors":[5],"current_hp_per_floor":[57,52,31,29,29,29,22,21,21,0],"gold":63,"neow_bonus":"HUNDRED_GOLD","is_prod":false,"is_daily":false,"chose_seed":false,"campfire_upgraded":1,"win_rate":0,"timestamp":1553092654,"path_taken":["M","?","?","M","$","R","?","M","T","E"],"build_version":"2019-01-23","purchased_purges":0,"victory":false,"max_hp_per_floor":[71,71,71,71,71,71,71,71,71,71],"card_choices":[{"not_picked":["Stack","Hologram"],"picked":"Tempest","floor":1},{"not_picked":["Stack","Tempest"],"picked":"Recycle","floor":4},{"not_picked":["Reprogram","Steam"],"picked":"Coolheaded","floor":7},{"not_picked":["Compile Driver","Hologram"],"picked":"Gash","floor":8}],"player_experience":1454365,"relics_obtained":[{"floor":9,"key":"Pen Nib"}],"event_choices":[{"damage_healed":0,"gold_gain":0,"player_choice":"Success","damage_taken":5,"relics_obtained":["Ancient Tea Set"],"max_hp_gain":0,"max_hp_loss":0,"event_name":"Scrap Ooze","floor":2,"gold_loss":0},{"damage_healed":0,"gold_gain":0,"player_choice":"Entered Light","damage_taken":21,"max_hp_gain":0,"max_hp_loss":0,"event_name":"Shining Light","floor":3,"gold_loss":0,"cards_upgraded":["Zap","Defend_B"]}],"is_beta":false,"boss_relics":[],"items_purged_floors":[],"is_endless":false,"potions_floor_spawned":[4,7],"killed_by":"3 Sentries","ascension_level":20}