{"gold_per_floor":[113,113,113,128,88,128,141,141,141,174,186,232,258,2,2,93,93,118,139,58,183,222,222],"floor_reached":23,"playtime":820,"items_purged":["Strike_R"],"score":464,"play_id":"d74ae368-6660-4559-93e6-8ca8dec6f67e","local_time":"20190318162801","is_ascension_mode":true,"campfire_choices":[{"data":"Bash","floor":8.0,"key":"SMITH"},{"data":"Body Slam","floor":11.0,"key":"SMITH"},{"data":"Infernal Blade","floor":15.0,"key":"SMITH"}],"neow_cost":"NONE","seed_source_timestamp":0,"circlet_count":0,"master_deck":["AscendersBane","Strike_R","Strike_R","Strike_R","Strike_R","Defend_R","Defend_R","Defend_R","Defend_R","Bash+1","Body Slam+1","Reckless Charge","Infernal Blade+1","Pommel Strike","Shrug It Off","Shrug It Off","Pommel Strike","Evolve","Feed","Carnage","Heavy Blade","Inflame","Armaments","Fiend Fire"],"special_seed":0,"relics":["Burning Blood","NeowsBlessing","Golden Idol","The Courier","Singing Bowl","MawBank","Boot","Vajra","Snecko Eye","Ice Cream","Ornamental Fan","Red Mask"],"potions_floor_usage":[23],"damage_taken":[{"damage":0.0,"enemies":"2 Louse","floor":1.0,"turns":1.0},{"damage":0.0,"enemies":"Small Slimes","floor":4.0,"turns":1.0},{"damage":0.0,"enemies":"3 Sentries","floor":6.0,"turns":1.0},{"damage":7.0,"enemies":"Cultist","floor":7.0,"turns":4.0},{"damage":32.0,"enemies":"Gremlin Nob","floor":10.0,"turns":4.0},{"damage":21.0,"enemies":"3 Sentries","floor":12.0,"turns":7.0},{"damage":0.0,"enemies":"3 Louse","floor":13.0,"turns":2.0},{"damage":35.0,"enemies":"Slime Boss","floor":16.0,"turns":6.0},{"damage":18.0,"enemies":"3 Byrds","floor":18.0,"turns":5.0},{"damage":15.0,"enemies":"Spheric Guardian","floor":19.0,"turns":5.0},{"damage":0.0,"enemies":"Colosseum Slavers","floor":21.0,"turns":2.0},{"damage":31.0,"enemies":"Colosseum Nobs","floor":21.0,"turns":6.0},{"damage":19.0,"enemies":"Masked Bandits","floor":22.0,"turns":4.0},{"damage":24,"enemies":"Book of Stabbing","floor":23,"turns":3}],"seed_played":"5180733866279757774","potions_obtained":[{"floor":5.0,"key":"Fruit Juice"},{"floor":5.0,"key":"Energy Potion"},{"floor":5.0,"key":"Energy Potion"},{"floor":7.0,"key":"Dexterity Potion"}],"is_trial":false,"path_per_floor":["M","?","?","M","?","E","M","R","T","E","R","E","M","$","R","B",null,"M","M","$","?","?","E"],"character_chosen":"IRONCLAD","items_purchased":["Vajra","Evolve","Inflame","Armaments"],"campfire_rested":0,"item_purchase_floors":[14,14,20,20],"current_hp_per_floor":[74,79,72,72,77,77,76,76,76,50,50,35,41,41,41,12,61,52,46,46,34,23,0],"gold":222,"neow_bonus":"THREE_ENEMY_KILL","is_prod":false,"is_daily":false,"chose_seed":false,"campfire_upgraded":3,"win_rate":0,"timestamp":1552922881,"path_taken":["M","?","?","M","?","E","M","R","T","E","R","E","?","$","R","BOSS","M","M","$","?","?","E"],"build_version":"2019-01-23","purchased_purges":1,"victory":false,"max_hp_per_floor":[75,80,72,72,77,77,77,77,77,77,77,77,77,77,77,77,77,80,83,83,90,92,92],"card_choices":[{"not_picked":["Havoc","Clash"],"picked":"Body Slam","floor":1.0},{"not_picked":["Second Wind","Warcry"],"picked":"Reckless Charge","floor":4.0},{"not_picked":["Heavy Blade","Headbutt"],"picked":"Infernal Blade","floor":6.0},{"not_picked":["Ghostly Armor","Rupture"],"picked":"Pommel Strike","floor":7.0},{"not_picked":["Seeing Red","Pommel Strike"],"picked":"Shrug It Off","floor":10.0},{"not_picked":["Thunderclap","Rupture"],"picked":"Shrug It Off","floor":12.0},{"not_picked":["Warcry","Flame Barrier"],"picked":"Pommel Strike","floor":13.0},{"not_picked":["Fiend Fire","Exhume"],"picked":"Feed","floor":16.0},{"not_picked":["Entrench","Wild Strike"],"picked":"Carnage","floor":18.0},{"not_picked":["Warcry","Headbutt"],"picked":"Heavy Blade","floor":19.0},{"not_picked":["Twin Strike+1","Burning Pact"],"picked":"Fiend Fire","floor":21.0},{"not_picked":["Heavy Blade","Perfected Strike","Bloodletting"],"picked":"Singing Bowl","floor":22.0}],"player_experience":1434511,"relics_obtained":[{"floor":6.0,"key":"The Courier"},{"floor":9.0,"key":"Singing Bowl"},{"floor":10.0,"key":"MawBank"},{"floor":12.0,"key":"Boot"},{"floor":21.0,"key":"Ice Cream"},{"floor":21.0,"key":"Ornamental Fan"},{"floor":22.0,"key":"Red Mask"}],"event_choices":[{"damage_healed":0.0,"max_hp_gain":5.0,"max_hp_loss":0.0,"gold_gain":0.0,"event_name":"Big Fish","player_choice":"Donut","floor":2.0,"gold_loss":0.0,"damage_taken":0.0},{"damage_healed":0.0,"max_hp_gain":0.0,"max_hp_loss":8.0,"gold_gain":0.0,"event_name":"Golden Idol","player_choice":"Lose Max HP","floor":3.0,"gold_loss":0.0,"damage_taken":0.0,"relics_obtained":["Golden Idol"]},{"damage_healed":0.0,"max_hp_gain":0.0,"max_hp_loss":0.0,"gold_gain":0.0,"event_name":"The Woman in Blue","player_choice":"Bought 3 Potions","floor":5.0,"gold_loss":0.0,"damage_taken":0.0},{"damage_healed":0.0,"max_hp_gain":0.0,"max_hp_loss":0.0,"gold_gain":0.0,"event_name":"Colosseum","player_choice":"Fight","floor":21.0,"gold_loss":0.0,"damage_taken":0.0},{"damage_healed":0.0,"max_hp_gain":0.0,"max_hp_loss":0.0,"gold_gain":0.0,"event_name":"Colosseum","player_choice":"Fought Nobs","floor":21.0,"gold_loss":0.0,"damage_taken":0.0},{"damage_healed":0.0,"max_hp_gain":0.0,"max_hp_loss":0.0,"gold_gain":0.0,"event_name":"Masked Bandits","player_choice":"Fought Bandits","floor":22.0,"gold_loss":0.0,"damage_taken":0.0}],"is_beta":false,"boss_relics":[{"not_picked":["Eternal Feather","Empty Cage"],"picked":"Snecko Eye"}],"items_purged_floors":[14],"is_endless":false,"potions_floor_spawned":[7,12,13,16,21,21],"killed_by":"Book of Stabbing","ascension_level":20}