{"gold_per_floor":[114,114,131,148,227,227,255,255,305,338,350,377,403,432,444,456],"floor_reached":16,"playtime":741,"items_purged":[],"score":168,"play_id":"3712b926-2db1-444b-8bf6-2be827b0591f","local_time":"20180911235154","is_ascension_mode":true,"campfire_choices":[{"data":"Whirlwind","floor":6,"key":"SMITH"},{"data":"Dual Wield","floor":11,"key":"SMITH"},{"floor":15,"key":"REST"}],"neow_cost":"TEN_PERCENT_HP_LOSS","seed_source_timestamp":48723972494059,"circlet_count":0,"master_deck":["Strike_R","Strike_R","Strike_R","Strike_R","Defend_R","Defend_R","Defend_R+1","Bash","AscendersBane","Combust+1","Whirlwind+1","Iron Wave+1","Pommel Strike","Clash","Clash","Dual Wield+1","Thunderclap","Shrug It Off","Clothesline"],"relics":["Burning Blood","Boot","Strawberry","MawBank"],"potions_floor_usage":[7,7],"damage_taken":[{"damage":23,"enemies":"Small Slimes","floor":1,"turns":4},{"damage":9,"enemies":"Jaw Worm","floor":3,"turns":3},{"damage":9,"enemies":"2 Louse","floor":4,"turns":3},{"damage":18,"enemies":"Gremlin Nob","floor":7,"turns":3},{"damage":11,"enemies":"3 Sentries","floor":10,"turns":3},{"damage":6,"enemies":"Looter","floor":12,"turns":3},{"damage":4,"enemies":"Blue Slaver","floor":13,"turns":2},{"damage":10,"enemies":"Large Slime","floor":14,"turns":4},{"damage":50,"enemies":"Slime Boss","floor":16,"turns":5}],"seed_played":"7874850290774629976","potions_obtained":[{"floor":3,"key":"Explosive Potion"},{"floor":4,"key":"Energy Potion"},{"floor":13,"key":"LiquidBronze"}],"is_trial":false,"path_per_floor":["M","?","M","M","?","R","E","?","T","E","R","M","M","M","R"],"character_chosen":"IRONCLAD","items_purchased":[],"campfire_rested":1,"item_purchase_floors":[],"current_hp_per_floor":[55,41,38,35,35,35,23,23,30,25,25,25,27,23,46,0],"gold":456,"neow_bonus":"TRANSFORM_TWO_CARDS","is_prod":false,"is_daily":false,"chose_seed":false,"campfire_upgraded":2,"win_rate":0,"timestamp":1536702714,"path_taken":["M","?","M","M","?","R","E","?","T","E","R","M","M","?","R","BOSS"],"build_version":"2018-09-10","purchased_purges":0,"victory":false,"max_hp_per_floor":[72,72,72,72,72,72,72,72,79,79,79,79,79,79,79,79],"card_choices":[{"not_picked":["Shrug It Off","Warcry"],"picked":"Iron Wave","floor":1},{"not_picked":["Headbutt","Sentinel"],"picked":"Pommel Strike","floor":3},{"not_picked":["Warcry","Wild Strike"],"picked":"Clash","floor":4},{"not_picked":["Twin Strike","Clothesline"],"picked":"Clash","floor":7},{"not_picked":["Metallicize","Flame Barrier"],"picked":"Dual Wield","floor":10},{"not_picked":["Cleave","Burning Pact"],"picked":"Thunderclap","floor":12},{"not_picked":["Havoc","Dark Embrace"],"picked":"Shrug It Off","floor":13},{"not_picked":["Iron Wave","Thunderclap"],"picked":"Clothesline","floor":14}],"player_experience":419059,"relics_obtained":[{"floor":7,"key":"Boot"},{"floor":9,"key":"Strawberry"},{"floor":10,"key":"MawBank"}],"event_choices":[{"event_name":"Shining Light","player_choice":"Entered Light","floor":2,"damage_taken":0},{"event_name":"Golden Wing","player_choice":"Gained Gold","floor":5,"damage_taken":0},{"event_name":"Living Wall","player_choice":"Grow","floor":8,"damage_taken":0}],"is_beta":true,"boss_relics":[],"items_purged_floors":[],"is_endless":false,"potions_floor_spawned":[3,4,13],"killed_by":"Slime Boss","ascension_level":10}