{"gold_per_floor":[118,118,136,151,170,209,28,28,52,68,68,68,104,104,104,228,228,242,266,49,49,68,68],"floor_reached":23,"playtime":1320,"items_purged":["Strike_B","Parasite"],"score":261,"play_id":"308da9a9-64ee-45c4-8a5e-08b29c11be48","local_time":"20190326083503","is_ascension_mode":true,"campfire_choices":[{"floor":8,"key":"REST"},{"data":"Zap","floor":12,"key":"SMITH"},{"data":"Beam Cell","floor":15,"key":"SMITH"}],"neow_cost":"NONE","seed_source_timestamp":76473438766633,"circlet_count":0,"master_deck":["Strike_B","Strike_B","Strike_B","Defend_B","Defend_B","Defend_B","Defend_B","Zap+1","Dualcast","Conserve Battery","Compile Driver","Conserve Battery","Gash","Steam Power","Steam Power","FTL","Turbo","Beam Cell+1","Genetic Algorithm","Creative AI","Coolheaded","Conserve Battery","Sunder","Dark Shackles","Skim"],"relics":["Cracked Core","Golden Idol","Art of War","Strawberry","Pen Nib","Anchor","Sozu","Smiling Mask"],"potions_floor_usage":[6,6,13,16],"damage_taken":[{"damage":7,"enemies":"Small Slimes","floor":1,"turns":4},{"damage":1,"enemies":"2 Louse","floor":3,"turns":2},{"damage":0,"enemies":"Cultist","floor":4,"turns":3},{"damage":3,"enemies":"Exordium Thugs","floor":5,"turns":5},{"damage":18,"enemies":"Lagavulin","floor":6,"turns":7},{"damage":5,"enemies":"2 Fungi Beasts","floor":10,"turns":4},{"damage":5,"enemies":"3 Sentries","floor":13,"turns":7},{"damage":33,"enemies":"Hexaghost","floor":16,"turns":9},{"damage":34,"enemies":"Spheric Guardian","floor":18,"turns":5},{"damage":19,"enemies":"Chosen","floor":19,"turns":5},{"damage":0,"enemies":"Snecko","floor":22,"turns":2},{"damage":19,"enemies":"Gremlin Leader","floor":23,"turns":2}],"seed_played":"5376753658925006405","potions_obtained":[{"floor":4,"key":"PowerPotion"},{"floor":5,"key":"Energy Potion"},{"floor":6,"key":"Strength Potion"},{"floor":10,"key":"GamblersBrew"},{"floor":13,"key":"Fire Potion"}],"is_trial":false,"path_per_floor":["M","?","M","M","M","E","$","R","T","M","?","R","E","?","R","B",null,"M","M","$","?","M","E"],"character_chosen":"DEFECT","items_purchased":["FTL","Turbo","Sunder","Dark Shackles"],"campfire_rested":1,"item_purchase_floors":[7,7,20,20],"current_hp_per_floor":[61,43,42,42,39,21,21,43,50,45,65,65,60,48,48,15,65,31,12,12,12,12,0],"gold":68,"neow_bonus":"THREE_CARDS","is_prod":false,"is_daily":false,"chose_seed":false,"campfire_upgraded":2,"win_rate":0,"timestamp":1553614503,"path_taken":["M","?","M","M","M","E","$","R","T","M","?","R","E","?","R","BOSS","M","M","$","?","M","E"],"build_version":"2019-01-23","purchased_purges":2,"victory":false,"max_hp_per_floor":[75,75,75,75,75,75,75,75,82,82,82,82,82,82,82,82,82,82,82,79,79,79,79],"card_choices":[{"not_picked":["Chaos","Hello World"],"picked":"Conserve Battery","floor":0},{"not_picked":["Hello World","Redo"],"picked":"Compile Driver","floor":1},{"not_picked":["Skim","Streamline"],"picked":"Conserve Battery","floor":3},{"not_picked":["Chaos","Consume"],"picked":"Gash","floor":4},{"not_picked":["Barrage","Doom and Gloom"],"picked":"Steam Power","floor":5},{"not_picked":["Storm","Cold Snap"],"picked":"Steam Power","floor":6},{"not_picked":["Reprogram","Ball Lightning"],"picked":"Beam Cell","floor":10},{"not_picked":["Steam","Leap"],"picked":"Genetic Algorithm","floor":13},{"not_picked":["Seek","Fission"],"picked":"Creative AI","floor":16},{"not_picked":["Blizzard","Turbo"],"picked":"Coolheaded","floor":18},{"not_picked":["Sweeping Beam","Turbo"],"picked":"Conserve Battery","floor":19},{"not_picked":["Rebound","Hello World"],"picked":"Skim","floor":22}],"player_experience":426904,"relics_obtained":[{"floor":6,"key":"Art of War"},{"floor":9,"key":"Strawberry"},{"floor":13,"key":"Pen Nib"}],"event_choices":[{"damage_healed":0,"gold_gain":0,"player_choice":"Take Damage","damage_taken":18,"relics_obtained":["Golden Idol"],"max_hp_gain":0,"max_hp_loss":0,"event_name":"Golden Idol","floor":2,"gold_loss":0},{"damage_healed":20,"gold_gain":0,"player_choice":"Healed and dodged fight","damage_taken":0,"max_hp_gain":0,"max_hp_loss":0,"event_name":"Mushrooms","floor":11,"gold_loss":0,"cards_obtained":["Parasite"]},{"damage_healed":0,"gold_gain":0,"player_choice":"Success","damage_taken":12,"relics_obtained":["Anchor"],"max_hp_gain":0,"max_hp_loss":0,"event_name":"Scrap Ooze","floor":14,"gold_loss":0},{"damage_healed":0,"gold_gain":0,"player_choice":"Gave Potion","damage_taken":0,"relics_obtained":["Smiling Mask"],"max_hp_gain":0,"max_hp_loss":0,"event_name":"WeMeetAgain","floor":21,"gold_loss":0}],"is_beta":false,"boss_relics":[{"not_picked":["Velvet Choker","Inserter"],"picked":"Sozu"}],"items_purged_floors":[7,20],"is_endless":false,"potions_floor_spawned":[4,5,6,10,13,18],"killed_by":"Gremlin Leader","ascension_level":6}