{"path_per_floor":["M","?","M","$","M","R","E","R","T","E","$","E","M","?","R"],"character_chosen":"THE_SILENT","items_purchased":["Backstab","Blood Vial"],"gold_per_floor":[210,240,260,24,34,34,59,59,59,85,10,42,52,52,52,52],"floor_reached":16,"campfire_rested":1,"playtime":1046,"item_purchase_floors":[4,4],"current_hp_per_floor":[63,63,52,52,53,53,36,36,36,21,21,21,23,9,30,0],"items_purged":["Regret"],"gold":52,"score":142,"play_id":"888ab316-352d-4356-8956-0eeb4c941dee","local_time":"20180520231524","is_prod":false,"is_daily":false,"chose_seed":false,"is_ascension_mode":true,"campfire_upgraded":2,"timestamp":1526850924,"campfire_choices":[{"data":"Backstab","floor":6,"key":"SMITH"},{"data":"Neutralize","floor":8,"key":"SMITH"},{"floor":15,"key":"REST"}],"path_taken":["M","?","M","$","M","R","E","R","T","E","$","E","?","?","R","BOSS"],"build_version":"2018-05-18","seed_source_timestamp":0,"purchased_purges":1,"victory":false,"master_deck":["Defend_G","Defend_G","Defend_G","Defend_G","Defend_G","Strike_G","Strike_G","Strike_G","Strike_G","Strike_G","Survivor+1","Neutralize+1","Flechettes","Reflex+1","Backstab+1","Quick Slash","Dagger Throw","Glass Knife","Flying Knee","Endless Agony"],"max_hp_per_floor":[70,70,70,70,70,70,70,70,70,70,70,70,70,70,70,70],"relics":["Ring of the Snake","Tiny Chest","Blood Vial","Lantern","Shuriken","Dodecahedron","Vajra"],"card_choices":[{"not_picked":["Bane","Acrobatics"],"picked":"Flechettes","floor":1},{"not_picked":["PiercingWail","Outmaneuver"],"picked":"Reflex","floor":3},{"not_picked":["All Out Attack","Distraction"],"picked":"Quick Slash","floor":5},{"not_picked":["Deflect","PiercingWail"],"picked":"Dagger Throw","floor":7},{"not_picked":["Dodge and Roll","Backflip"],"picked":"Glass Knife","floor":10},{"not_picked":["Dagger Throw","Acrobatics"],"picked":"Flying Knee","floor":12},{"not_picked":["Deadly Poison","Quick Slash"],"picked":"Endless Agony","floor":13}],"player_experience":178727,"potions_floor_usage":[7,12,12],"damage_taken":[{"damage":7,"enemies":"Small Slimes","floor":1,"turns":5},{"damage":11,"enemies":"Jaw Worm","floor":3,"turns":7},{"damage":1,"enemies":"Cultist","floor":5,"turns":4},{"damage":19,"enemies":"Gremlin Nob","floor":7,"turns":4},{"damage":17,"enemies":"3 Sentries","floor":10,"turns":9},{"damage":2,"enemies":"Lagavulin","floor":12,"turns":3},{"damage":0,"enemies":"3 Louse","floor":13,"turns":1},{"damage":34,"enemies":"The Guardian","floor":16,"turns":7}],"relics_obtained":[{"floor":7,"key":"Lantern"},{"floor":9,"key":"Shuriken"},{"floor":10,"key":"Dodecahedron"},{"floor":12,"key":"Vajra"}],"event_choices":[{"event_name":"Big Fish","player_choice":"Box","floor":2,"damage_taken":0},{"event_name":"Shining Light","player_choice":"Entered Light","floor":14,"damage_taken":0}],"boss_relics":[],"items_purged_floors":[11],"potions_floor_spawned":[3,7,10],"seed_played":"-3189819794212399736","killed_by":"The Guardian","ascension_level":4,"potions_obtained":[{"floor":3,"key":"Poison Potion"},{"floor":7,"key":"Strength Potion"},{"floor":10,"key":"SkillPotion"}],"is_trial":false}