{"path_per_floor":["M","?","?","M","?","E","R","M","T","$","M","R","E","?","R","B",null,"M","?","M","M","M","?","E","M","T","M","R","$","M","M","R","B",null,"M","?","$","M"],"character_chosen":"THE_SILENT","items_purchased":["War Paint","Enlightenment","Escape Plan","Apotheosis"],"gold_per_floor":[109,109,109,128,128,154,154,165,165,19,33,33,58,158,158,257,257,271,271,284,295,306,306,338,352,352,367,367,118,130,143,143,247,247,263,308,99,119,119],"floor_reached":39,"campfire_rested":3,"playtime":3762,"current_hp_per_floor":[35,35,35,35,35,20,41,41,41,41,41,41,33,33,54,46,70,59,59,61,54,45,45,36,36,36,32,32,32,22,24,45,15,70,51,14,14,11,0],"items_purged":[],"gold":119,"score":459,"play_id":"68610fd9-9850-45ae-b049-77b97a7ae1a7","local_time":"20180514151012","is_prod":false,"is_daily":false,"chose_seed":false,"is_ascension_mode":true,"campfire_upgraded":2,"timestamp":1526303412,"path_taken":["M","?","?","M","?","E","R","?","T","$","M","R","E","?","R","BOSS","M","?","?","M","M","?","E","M","T","M","R","$","?","M","R","BOSS","M","?","$","M","M"],"build_version":"2018-05-10","seed_source_timestamp":10000304277208,"purchased_purges":0,"victory":false,"master_deck":["Defend_G","Defend_G","Defend_G+1","Defend_G","Strike_G","Strike_G","Strike_G","Strike_G","Strike_G","Survivor","Neutralize","Dagger Throw","Venomology+1","Trip","Prepared","All Out Attack","Deadly Poison","Endless Agony+1","All Out Attack","Envenom+1","Dagger Spray+1","Noxious Fumes+1","Backstab","Distraction+1","Infinite Blades+1","Dagger Throw+1","Crippling Poison","Enlightenment","Escape Plan","Heel Hook+1","Heel Hook","Bullet Time","Bane+1","Deadly Poison+1","Apotheosis","Deadly Poison+1"],"max_hp_per_floor":[70,70,70,70,70,70,70,70,70,70,70,70,70,70,70,70,70,70,70,70,70,70,70,70,70,70,70,70,70,70,70,70,70,70,70,70,70,70,70],"relics":["Ring of the Snake","Dead Branch","Shuriken","Ornamental Fan","War Paint","Blood Vial","Sozu","Unceasing Top","Matryoshka","Bronze Scales","Blue Candle","Runic Pyramid","Sundial"],"card_choices":[{"not_picked":["Leg Sweep","Outmaneuver"],"picked":"Dagger Throw","floor":1},{"not_picked":["Acrobatics","A Thousand Cuts"],"picked":"Prepared","floor":4},{"not_picked":["Skewer","Distraction"],"picked":"All Out Attack","floor":6},{"not_picked":["Poisoned Stab","Sucker Punch"],"picked":"Deadly Poison","floor":8},{"not_picked":["Dodge and Roll","Dagger Throw"],"picked":"Endless Agony","floor":11},{"not_picked":["Quick Slash","Slice"],"picked":"All Out Attack","floor":13},{"not_picked":["Corpse Explosion","Phantasmal Killer"],"picked":"Envenom","floor":16},{"not_picked":["PiercingWail","Deflect"],"picked":"Dagger Spray","floor":18},{"not_picked":["Skewer","Acrobatics"],"picked":"Noxious Fumes","floor":20},{"not_picked":["Infinite Blades","Cloak And Dagger"],"picked":"Backstab","floor":21},{"not_picked":["Choke","Reflex"],"picked":"Distraction","floor":22},{"not_picked":["PiercingWail","Dagger Spray"],"picked":"Infinite Blades","floor":24},{"not_picked":["Outmaneuver","Masterful Stab"],"picked":"Dagger Throw","floor":25},{"not_picked":["Deflect","Venomology"],"picked":"Crippling Poison","floor":27},{"not_picked":["Sucker Punch","Cloak And Dagger"],"picked":"Heel Hook","floor":30},{"not_picked":["Dodge and Roll","Leg Sweep"],"picked":"Heel Hook","floor":31},{"not_picked":["Phantasmal Killer","Storm of Steel"],"picked":"Bullet Time","floor":33},{"not_picked":["Dash","Deflect"],"picked":"Bane","floor":35},{"not_picked":["Malaise","Slice"],"picked":"Deadly Poison","floor":36},{"not_picked":["Eviscerate","Cloak And Dagger"],"picked":"Deadly Poison","floor":38}],"player_experience":59429,"potions_floor_usage":[6,11,13,13,16,16,22],"damage_taken":[{"damage":0,"enemies":"Jaw Worm","floor":1,"turns":5},{"damage":0,"enemies":"2 Louse","floor":4,"turns":2},{"damage":15,"enemies":"Gremlin Nob","floor":6,"turns":5},{"damage":0,"enemies":"Cultist","floor":8,"turns":3},{"damage":0,"enemies":"Large Slime","floor":11,"turns":4},{"damage":8,"enemies":"3 Sentries","floor":13,"turns":4},{"damage":10,"enemies":"Hexaghost","floor":16,"turns":7},{"damage":11,"enemies":"2 Thieves","floor":18,"turns":3},{"damage":0,"enemies":"3 Byrds","floor":20,"turns":2},{"damage":9,"enemies":"Snake Plant","floor":21,"turns":3},{"damage":20,"enemies":"Slaver and Parasite","floor":22,"turns":4},{"damage":11,"enemies":"Slavers","floor":24,"turns":3},{"damage":2,"enemies":"Cultist and Chosen","floor":25,"turns":5},{"damage":6,"enemies":"Centurion and Healer","floor":27,"turns":4},{"damage":12,"enemies":"Sentry and Sphere","floor":30,"turns":4},{"damage":0,"enemies":"Snecko","floor":31,"turns":3},{"damage":32,"enemies":"Automaton","floor":33,"turns":7},{"damage":19,"enemies":"3 Shapes","floor":35,"turns":2},{"damage":39,"enemies":"Mysterious Sphere","floor":36,"turns":3},{"damage":5,"enemies":"Orb Walker","floor":38,"turns":3},{"damage":21,"enemies":"Maw","floor":39,"turns":2}],"event_choices":[{"event_name":"Living Wall","player_choice":"Change","floor":2,"damage_taken":0},{"event_name":"Match and Keep!","player_choice":"1 cards matched","floor":3,"damage_taken":0},{"event_name":"Match and Keep!","player_choice":"1 cards matched","floor":3,"damage_taken":0},{"event_name":"Golden Wing","player_choice":"Ignored","floor":5,"damage_taken":0},{"event_name":"Golden Shrine","player_choice":"Pray","floor":14,"damage_taken":0},{"event_name":"The Mausoleum","player_choice":"Yes","floor":19,"damage_taken":0},{"event_name":"The Lab","player_choice":"Got Potions","floor":23,"damage_taken":0},{"event_name":"Mysterious Sphere","player_choice":"Fight","floor":36,"damage_taken":0}],"boss_relics":[{"not_picked":["White Beast Statue","Tiny House"],"picked":"Sozu"},{"not_picked":["Snecko Eye","Velvet Choker"],"picked":"Runic Pyramid"}],"potions_floor_spawned":[4,8,13,18,20,24,30,33,35,36],"seed_played":"6347334855860681117","killed_by":"Maw","ascension_level":1,"is_trial":false}