{"path_per_floor":["M","?","$","M","$","E","?","R","T","E","M","?","?","M","R","B",null,"M","?","$","M","?","E","R","M","T","T","M","$","M","?","R"],"character_chosen":"IRONCLAD","items_purchased":["Good Instincts","Flame Barrier","Apotheosis","Enlightenment"],"gold_per_floor":[110,185,85,97,20,53,114,114,191,220,230,230,230,243,243,369,369,390,390,201,217,217,261,261,281,281,281,299,105,126,126,126,126],"floor_reached":33,"campfire_rested":2,"playtime":2436,"current_hp_per_floor":[80,69,69,75,75,51,13,37,37,32,38,38,38,41,64,57,79,63,39,39,31,41,38,38,17,17,17,22,22,24,42,42,0],"items_purged":[],"gold":126,"score":298,"play_id":"cd3c74f9-38be-41c4-9fda-9d7a23bf27a7","local_time":"20180513223452","is_prod":false,"is_daily":false,"chose_seed":false,"is_ascension_mode":false,"campfire_upgraded":1,"timestamp":1526243692,"path_taken":["M","?","?","?","$","E","?","R","T","E","M","?","?","M","R","BOSS","M","?","$","M","?","E","R","M","T","?","M","$","M","?","R","BOSS"],"build_version":"2018-05-10","seed_source_timestamp":41745542666847,"purchased_purges":0,"victory":false,"master_deck":["Strike_R","Strike_R","Strike_R","Strike_R","Strike_R","Defend_R","Defend_R","Defend_R","Defend_R","Bash","Clash","Good Instincts","Heavy Blade","Flame Barrier","Seeing Red","Shrug It Off","Rampage","Combust","Rage","Reaper","Pommel Strike+1","Ghostly","Ghostly","Ghostly","Ghostly","Ghostly","Apotheosis+1","Shrug It Off+1","Writhe","Rage+1","Pommel Strike","Feed","Enlightenment","Flex"],"max_hp_per_floor":[80,80,80,80,80,80,80,80,80,80,80,74,74,79,79,79,79,79,39,39,39,49,56,56,56,56,56,56,56,56,56,56,56],"relics":["Burning Blood","Peace Pipe","Gambling Chip","Letter Opener","Shuriken","Golden Idol","Runic Cube","Pear","Strawberry","Ginger","Matryoshka"],"card_choices":[{"not_picked":["Twin Strike","Sword Boomerang"],"picked":"Clash","floor":1},{"not_picked":["Rage","Headbutt"],"picked":"Heavy Blade","floor":4},{"not_picked":["Perfected Strike","Hemokinesis"],"picked":"Seeing Red","floor":6},{"not_picked":["Sword Boomerang","Warcry"],"picked":"Shrug It Off","floor":7},{"not_picked":["Armaments","Wild Strike"],"picked":"Rampage","floor":10},{"not_picked":["True Grit","Sentinel"],"picked":"Combust","floor":11},{"not_picked":["Shrug It Off","Sentinel"],"picked":"Rage","floor":14},{"not_picked":["Fiend Fire","Limit Break"],"picked":"Reaper","floor":16},{"not_picked":["Headbutt","Clothesline"],"picked":"Pommel Strike","floor":18},{"not_picked":["Havoc","Twin Strike"],"picked":"Shrug It Off","floor":21},{"not_picked":["Fire Breathing","Corruption"],"picked":"Rage","floor":23},{"not_picked":["Clothesline","Armaments"],"picked":"Pommel Strike","floor":25},{"not_picked":["Clothesline","Anger"],"picked":"Feed","floor":28},{"not_picked":["Dual Wield","Flame Barrier"],"picked":"Flex","floor":30}],"player_experience":40664,"potions_floor_usage":[6,14,14,16,16,25,33],"damage_taken":[{"damage":1,"enemies":"Cultist","floor":1,"turns":3},{"damage":0,"enemies":"2 Louse","floor":4,"turns":2},{"damage":30,"enemies":"Gremlin Nob","floor":6,"turns":5},{"damage":44,"enemies":"Lagavulin Event","floor":7,"turns":7},{"damage":11,"enemies":"Lagavulin","floor":10,"turns":8},{"damage":0,"enemies":"Small Slimes","floor":11,"turns":2},{"damage":8,"enemies":"Blue Slaver","floor":14,"turns":3},{"damage":13,"enemies":"Slime Boss","floor":16,"turns":8},{"damage":22,"enemies":"2 Thieves","floor":18,"turns":5},{"damage":14,"enemies":"Shell Parasite","floor":21,"turns":7},{"damage":21,"enemies":"Gremlin Leader","floor":23,"turns":7},{"damage":27,"enemies":"Cultist and Chosen","floor":25,"turns":6},{"damage":6,"enemies":"Sentry and Sphere","floor":28,"turns":6},{"damage":4,"enemies":"Snake Plant","floor":30,"turns":6},{"damage":47,"enemies":"Automaton","floor":33,"turns":6}],"event_choices":[{"event_name":"World of Goop","player_choice":"Gather Gold","floor":2,"damage_taken":0},{"event_name":"Dead Adventurer","player_choice":"Searched \u00273\u0027 times","floor":7,"damage_taken":0},{"event_name":"Golden Idol","player_choice":"Lose Max HP","floor":12,"damage_taken":0},{"event_name":"The Lab","player_choice":"Got Potions","floor":13,"damage_taken":0},{"event_name":"Ghosts","player_choice":"Became a Ghost","floor":19,"damage_taken":0},{"event_name":"The Mausoleum","player_choice":"Yes","floor":22,"damage_taken":0},{"event_name":"The Library","player_choice":"Heal","floor":31,"damage_taken":0}],"boss_relics":[{"not_picked":["Lizard Tail","Calling Bell"],"picked":"Runic Cube"}],"potions_floor_spawned":[4,11,14,23,30],"seed_played":"-2691145679567660263","killed_by":"Automaton","ascension_level":0,"is_trial":false}