{"gold_per_floor":[113,132,152,166,179,179,199,199,245,275,275,275,306,306,306,306],"floor_reached":16,"playtime":552,"items_purged":[],"score":224,"play_id":"219056f4-8d9a-4a98-baaf-cf1b570410a4","local_time":"20190131104929","is_ascension_mode":true,"campfire_choices":[{"data":"Zap","floor":6,"key":"SMITH"},{"data":"Hologram","floor":8,"key":"SMITH"},{"data":"Recycle","floor":11,"key":"SMITH"},{"floor":15,"key":"REST"}],"neow_cost":"NONE","seed_source_timestamp":4782961836038,"circlet_count":0,"master_deck":["AscendersBane","Strike_B","Strike_B","Strike_B","Strike_B","Defend_B","Defend_B","Defend_B","Defend_B","Zap+1","Dualcast","Sweeping Beam","Leap","Sweeping Beam","Gash","Hologram+1","Recycle+1","Undo","Gash"],"relics":["Cracked Core","PreservedInsect","infinitespire:Lucky Rock","Question Card","WingedGreaves"],"potions_floor_usage":[0,13,16,16],"damage_taken":[{"damage":0,"enemies":"2 Louse","floor":1,"turns":2},{"damage":2,"enemies":"Small Slimes","floor":2,"turns":3},{"damage":1,"enemies":"Cultist","floor":3,"turns":4},{"damage":3,"enemies":"Exordium Wildlife","floor":4,"turns":3},{"damage":14,"enemies":"Exordium Thugs","floor":5,"turns":3},{"damage":5,"enemies":"Blue Slaver","floor":7,"turns":3},{"damage":10,"enemies":"3 Sentries","floor":10,"turns":4},{"damage":10,"enemies":"Gremlin Nob","floor":13,"turns":3},{"damage":36,"enemies":"Hexaghost","floor":16,"turns":11}],"seed_played":"-478027460281317764","potions_obtained":[{"floor":0,"key":"Block Potion"},{"floor":0,"key":"Fruit Juice"},{"floor":0,"key":"SmokeBomb"},{"floor":1,"key":"GamblersBrew"},{"floor":13,"key":"AttackPotion"}],"is_trial":false,"path_per_floor":["M","M","M","M","M","R","M","R","T","E","R","?","E","?","R","B"],"character_chosen":"DEFECT","items_purchased":[],"campfire_rested":1,"item_purchase_floors":[],"current_hp_per_floor":[69,67,66,63,49,49,44,44,44,34,34,23,13,13,35,0],"gold":306,"neow_bonus":"THREE_SMALL_POTIONS","is_prod":false,"is_daily":false,"chose_seed":false,"campfire_upgraded":3,"win_rate":0,"timestamp":1548928169,"path_taken":["M","M","M","M","M","R","M","R","T","E","R","?","E","?","R","BOSS"],"build_version":"2019-01-23","purchased_purges":0,"victory":false,"max_hp_per_floor":[76,76,76,76,76,76,76,76,76,76,76,76,76,76,76,76],"card_choices":[{"not_picked":["Capacitor","Streamline"],"picked":"Sweeping Beam","floor":1},{"not_picked":["Steam","Fusion"],"picked":"Leap","floor":2},{"not_picked":["Go for the Eyes","Machine Learning"],"picked":"Sweeping Beam","floor":3},{"not_picked":["Sweeping Beam","Lockon"],"picked":"Gash","floor":4},{"not_picked":["Steam Power","Steam"],"picked":"Hologram","floor":5},{"not_picked":["Fusion","Capacitor"],"picked":"Recycle","floor":7},{"not_picked":["Hello World","Reprogram"],"picked":"Undo","floor":10},{"not_picked":["Recycle","Sweeping Beam"],"picked":"Gash","floor":13}],"player_experience":1202956,"relics_obtained":[{"floor":9,"key":"PreservedInsect"},{"floor":10,"key":"infinitespire:Lucky Rock"},{"floor":13,"key":"Question Card"},{"floor":14,"key":"WingedGreaves"}],"event_choices":[{"damage_healed":0,"gold_gain":0,"player_choice":"Fled","damage_taken":11,"max_hp_gain":0,"max_hp_loss":0,"event_name":"Scrap Ooze","floor":12,"gold_loss":0}],"is_beta":false,"boss_relics":[],"items_purged_floors":[],"is_endless":false,"potions_floor_spawned":[1,3,7,13],"killed_by":"Hexaghost","ascension_level":20}