{"gold_per_floor":[20,38,38,38,54,54,87,87,87,87,102,142,176,176,176,304,304,325,325,325,101,130,142,181,193,205,251,263,291,330,342,354,469,481,503,525,537,549,577,623,635,680,692,729,756,768,780,805,817,829],"floor_reached":51,"playtime":1567,"items_purged":["Strike_R"],"score":1320,"play_id":"95dd4dc6-3ac5-4b20-b86c-04245e2b0b71","local_time":"20180910194322","is_ascension_mode":true,"campfire_choices":[{"data":"Demon Form","floor":6,"key":"SMITH"},{"data":"Flex","floor":8,"key":"SMITH"},{"data":"Flex","floor":10,"key":"SMITH"},{"data":"Heavy Blade","floor":15,"key":"SMITH"},{"data":"Limit Break","floor":23,"key":"SMITH"},{"data":"Heavy Blade","floor":25,"key":"SMITH"},{"data":"Bash","floor":28,"key":"SMITH"},{"data":"Double Tap","floor":32,"key":"SMITH"},{"data":"Offering","floor":41,"key":"SMITH"},{"data":"Secret Technique","floor":46,"key":"SMITH"},{"floor":49,"key":"REST"}],"neow_cost":"NO_GOLD","seed_source_timestamp":36029054209862,"circlet_count":0,"master_deck":["Strike_R","Strike_R","Strike_R","Strike_R","Defend_R","Defend_R","Defend_R","Bash+1","Demon Form+1","Twin Strike","Flex+1","Bash","Pommel Strike","Pummel","Flex+1","Dropkick","Heavy Blade+1","Limit Break+1","Heavy Blade+1","Bloodletting+1","Dual Wield+1","Double Tap+1","Flex","Offering+1","Jack Of All Trades","Secret Technique+1","Purity","Flex+1","Heavy Blade+1","Heavy Blade+1"],"relics":["Burning Blood","Bloody Idol","Unceasing Top","Pocketwatch","Self Forming Clay","Odd Mushroom","Red Skull","Runic Dome","MawBank","Mango","The Courier","Pantograph","Orichalcum","Sozu","Calipers","Molten Egg 2","Frozen Egg 2","Meat on the Bone","Peace Pipe"],"potions_floor_usage":[11,24,24,30],"damage_taken":[{"damage":2,"enemies":"Small Slimes","floor":1,"turns":5},{"damage":9,"enemies":"Jaw Worm","floor":2,"turns":3},{"damage":15,"enemies":"2 Louse","floor":5,"turns":2},{"damage":15,"enemies":"Lagavulin","floor":7,"turns":5},{"damage":0,"enemies":"2 Fungi Beasts","floor":11,"turns":2},{"damage":0,"enemies":"Gremlin Nob","floor":12,"turns":2},{"damage":12,"enemies":"The Mushroom Lair","floor":13,"turns":3},{"damage":12,"enemies":"Hexaghost","floor":16,"turns":4},{"damage":0,"enemies":"Spheric Guardian","floor":18,"turns":1},{"damage":12,"enemies":"Chosen","floor":22,"turns":2},{"damage":47,"enemies":"Gremlin Leader","floor":24,"turns":3},{"damage":17,"enemies":"Book of Stabbing","floor":27,"turns":3},{"damage":24,"enemies":"Snake Plant","floor":29,"turns":2},{"damage":33,"enemies":"Slavers","floor":30,"turns":3},{"damage":29,"enemies":"Champ","floor":33,"turns":5},{"damage":6,"enemies":"3 Shapes","floor":35,"turns":3},{"damage":16,"enemies":"Orb Walker","floor":36,"turns":2},{"damage":6,"enemies":"Transient","floor":39,"turns":5},{"damage":65,"enemies":"2 Orb Walkers","floor":40,"turns":4},{"damage":6,"enemies":"Nemesis","floor":42,"turns":1},{"damage":13,"enemies":"Giant Head","floor":44,"turns":5},{"damage":9,"enemies":"3 Darklings","floor":45,"turns":2},{"damage":14,"enemies":"Mind Bloom Boss Battle","floor":47,"turns":3},{"damage":65,"enemies":"Reptomancer","floor":48,"turns":3},{"damage":76,"enemies":"Donu and Deca","floor":50,"turns":5}],"seed_played":"-2959671381912214097","potions_obtained":[{"floor":2,"key":"FearPotion"},{"floor":11,"key":"SkillPotion"},{"floor":13,"key":"GamblersBrew"},{"floor":16,"key":"GamblersBrew"},{"floor":22,"key":"Ancient Potion"},{"floor":29,"key":"SkillPotion"}],"is_trial":false,"path_per_floor":["M","M","?","?","M","R","E","R","T","R","M","E","?","?","R","B",null,"M","?","?","$","M","R","E","R","T","E","R","M","E","$","R","B",null,"M","M","?","?","M","E","R","E","T","E","M","R","?","M","R","B"],"character_chosen":"IRONCLAD","items_purchased":["MawBank"],"campfire_rested":1,"item_purchase_floors":[21],"current_hp_per_floor":[76,73,53,53,44,44,35,35,35,35,41,47,41,23,23,17,64,70,70,70,70,74,79,58,63,68,67,72,64,47,52,57,69,89,94,89,94,84,94,40,45,55,60,63,70,75,86,49,82,36],"gold":841,"neow_bonus":"THREE_RARE_CARDS","is_prod":false,"is_daily":false,"chose_seed":false,"campfire_upgraded":10,"win_rate":0,"timestamp":1536601402,"path_taken":["M","M","?","?","M","R","E","R","T","R","M","E","?","?","R","BOSS","M","?","?","$","M","R","E","R","T","E","R","?","E","?","R","BOSS","M","M","?","?","M","E","R","E","T","E","M","R","?","?","R","BOSS"],"build_version":"2018-09-06","purchased_purges":1,"victory":true,"max_hp_per_floor":[80,80,80,80,80,80,80,80,80,80,80,80,80,80,80,80,80,80,80,80,80,80,80,94,94,94,94,94,94,94,94,94,94,94,94,94,94,94,94,94,94,94,94,94,94,94,94,94,94,94],"card_choices":[{"not_picked":["Reaper","Barricade"],"picked":"Demon Form","floor":0},{"not_picked":["Body Slam","Sentinel"],"picked":"Twin Strike","floor":1},{"not_picked":["Pommel Strike","Headbutt"],"picked":"Flex","floor":2},{"not_picked":["Headbutt","Power Through"],"picked":"Pummel","floor":5},{"not_picked":["Wild Strike","True Grit"],"picked":"Flex","floor":7},{"not_picked":["Body Slam","Rupture","Combust"],"picked":"SKIP","floor":11},{"not_picked":["Burning Pact","Shrug It Off"],"picked":"Dropkick","floor":12},{"not_picked":["Wild Strike","Pummel"],"picked":"Heavy Blade","floor":13},{"not_picked":["Dark Embrace","Double Tap"],"picked":"Limit Break","floor":16},{"not_picked":["Rage","Body Slam","Pommel Strike"],"picked":"SKIP","floor":18},{"not_picked":["Shrug It Off","Cleave","Blood for Blood"],"picked":"SKIP","floor":22},{"not_picked":["Entrench","Hemokinesis"],"picked":"Bloodletting+1","floor":24},{"not_picked":["Warcry","Anger"],"picked":"Dual Wield+1","floor":27},{"not_picked":["True Grit","Burning Pact+1"],"picked":"Double Tap","floor":29},{"not_picked":["Intimidate","Entrench+1"],"picked":"Flex","floor":30},{"not_picked":["Brutality","Feed"],"picked":"Offering","floor":33},{"not_picked":["True Grit","Clothesline","Body Slam"],"picked":"SKIP","floor":35},{"not_picked":["Blood for Blood+1","Infernal Blade","Whirlwind"],"picked":"SKIP","floor":36},{"not_picked":["Forethought","Metamorphosis"],"picked":"Jack Of All Trades","floor":38},{"not_picked":["Dramatic Entrance","Swift Strike"],"picked":"Secret Technique","floor":38},{"not_picked":["PanicButton","Swift Strike"],"picked":"Purity","floor":38},{"not_picked":["Body Slam+1","Evolve","Thunderclap"],"picked":"SKIP","floor":39},{"not_picked":["Clash","True Grit"],"picked":"Flex+1","floor":40},{"not_picked":["Thunderclap","Sentinel"],"picked":"Heavy Blade+1","floor":42},{"not_picked":["Clash+1","Pommel Strike+1","Combust+1"],"picked":"SKIP","floor":44},{"not_picked":["Burning Pact+1","Cleave+1","Wild Strike+1"],"picked":"SKIP","floor":45},{"not_picked":["Havoc","Rampage+1"],"picked":"Heavy Blade+1","floor":47},{"not_picked":["Clothesline+1","Thunderclap+1","Berserk+1"],"picked":"SKIP","floor":48}],"player_experience":405529,"relics_obtained":[{"floor":7,"key":"Unceasing Top"},{"floor":9,"key":"Pocketwatch"},{"floor":12,"key":"Self Forming Clay"},{"floor":13,"key":"Odd Mushroom"},{"floor":24,"key":"Mango"},{"floor":26,"key":"The Courier"},{"floor":27,"key":"Pantograph"},{"floor":30,"key":"Orichalcum"},{"floor":40,"key":"Calipers"},{"floor":42,"key":"Molten Egg 2"},{"floor":43,"key":"Frozen Egg 2"},{"floor":44,"key":"Meat on the Bone"},{"floor":47,"key":"Peace Pipe"}],"event_choices":[{"event_name":"Golden Idol","player_choice":"Take Damage","floor":3,"damage_taken":0},{"event_name":"Match and Keep!","player_choice":"2 cards matched","floor":4,"damage_taken":0},{"event_name":"Mushrooms","player_choice":"Fought Mushrooms","floor":13,"damage_taken":0},{"event_name":"Scrap Ooze","player_choice":"success","floor":14,"damage_taken":18},{"event_name":"Forgotten Altar","player_choice":"Gave Idol","floor":19,"damage_taken":0},{"event_name":"The Library","player_choice":"Read","floor":20,"damage_taken":0},{"event_name":"Falling","player_choice":"Removed Skill","floor":37,"damage_taken":0},{"event_name":"SensoryStone","player_choice":"Memory 3","floor":38,"damage_taken":0},{"event_name":"MindBloom","player_choice":"Fight","floor":47,"damage_taken":0}],"is_beta":true,"boss_relics":[{"not_picked":["Snecko Eye","Ectoplasm"],"picked":"Runic Dome"},{"not_picked":["Fusion Hammer","Orrery"],"picked":"Sozu"}],"items_purged_floors":[21],"is_endless":false,"potions_floor_spawned":[2,11,13,16,18,22,29,35,36,39,45,47,48],"ascension_level":9}