{"gold_per_floor":[117,34,51,63,63,63,73,73,73,73,91,120,195,220,220,220],"floor_reached":16,"playtime":601,"items_purged":[],"score":220,"play_id":"9458c545-e58f-4b4c-9a7d-072d110d8a7e","local_time":"20190316190921","is_ascension_mode":true,"campfire_choices":[{"data":"Zap","floor":6,"key":"SMITH"},{"data":"Fission","floor":8,"key":"SMITH"},{"data":"Sweeping Beam","floor":10,"key":"SMITH"},{"data":"White Noise","floor":15,"key":"SMITH"}],"neow_cost":"NONE","seed_source_timestamp":41485584478884,"circlet_count":0,"master_deck":["AscendersBane","Strike_B","Strike_B","Strike_B","Strike_B","Defend_B","Defend_B","Defend_B","Defend_B","Zap+1","Dualcast","Amplify","Steam","Self Repair","Sweeping Beam+1","Streamline","Fission+1","White Noise+1","Hologram","Turbo"],"relics":["Cracked Core","Gremlin Horn","Kunai","Happy Flower"],"potions_floor_usage":[14,16],"damage_taken":[{"damage":1,"enemies":"2 Louse","floor":1,"turns":3},{"damage":13,"enemies":"Jaw Worm","floor":3,"turns":4},{"damage":6,"enemies":"Small Slimes","floor":4,"turns":4},{"damage":6,"enemies":"Looter","floor":7,"turns":3},{"damage":12,"enemies":"2 Fungi Beasts","floor":11,"turns":5},{"damage":12,"enemies":"Lagavulin","floor":12,"turns":8},{"damage":36,"enemies":"3 Sentries","floor":14,"turns":8},{"damage":42,"enemies":"Slime Boss","floor":16,"turns":9}],"seed_played":"581106573875565991","potions_obtained":[{"floor":7,"key":"FearPotion"},{"floor":11,"key":"Weak Potion"},{"floor":14,"key":"Fruit Juice"}],"is_trial":false,"path_per_floor":["M","$","M","M","?","R","M","R","T","R","M","E","?","E","R","B"],"character_chosen":"DEFECT","items_purchased":["Self Repair"],"campfire_rested":0,"item_purchase_floors":[2],"current_hp_per_floor":[63,63,64,71,71,71,71,71,71,71,71,66,55,38,38,0],"gold":220,"neow_bonus":"ONE_RANDOM_RARE_CARD","is_prod":false,"is_daily":false,"chose_seed":false,"campfire_upgraded":4,"win_rate":0,"timestamp":1552759761,"path_taken":["M","$","M","M","?","R","M","R","T","R","M","E","?","E","R","BOSS"],"build_version":"2019-01-23","purchased_purges":0,"victory":false,"max_hp_per_floor":[71,71,71,71,71,71,71,71,71,71,71,71,71,76,76,76],"card_choices":[{"not_picked":["Barrage","Hologram"],"picked":"Steam","floor":1},{"not_picked":["Steam","Turbo"],"picked":"Sweeping Beam","floor":3},{"not_picked":["Chaos","Go for the Eyes"],"picked":"Streamline","floor":4},{"not_picked":["Heatsinks","Steam"],"picked":"Fission","floor":7},{"not_picked":["Recycle","Rip and Tear"],"picked":"White Noise","floor":11},{"not_picked":["Reprogram","Beam Cell"],"picked":"Hologram","floor":12},{"not_picked":["Stack","Rebound"],"picked":"Turbo","floor":14}],"player_experience":1423117,"relics_obtained":[{"floor":9,"key":"Gremlin Horn"},{"floor":12,"key":"Kunai"},{"floor":14,"key":"Happy Flower"}],"event_choices":[{"damage_healed":0,"gold_gain":0,"player_choice":"Ignored","damage_taken":0,"max_hp_gain":0,"max_hp_loss":0,"event_name":"Liars Game","floor":5,"gold_loss":0},{"damage_healed":0,"gold_gain":75,"player_choice":"Gather Gold","damage_taken":11,"max_hp_gain":0,"max_hp_loss":0,"event_name":"World of Goop","floor":13,"gold_loss":0}],"is_beta":false,"boss_relics":[],"items_purged_floors":[],"is_endless":false,"potions_floor_spawned":[7,11,14],"killed_by":"Slime Boss","ascension_level":20}