{"gold_per_floor":[115,135,135,151,151,185,185,228,252,252,283,433,433,22,22,22],"floor_reached":16,"playtime":1592,"items_purged":["Doubt"],"score":232,"play_id":"25d78add-c5f4-4e43-97c7-dcb71258365a","local_time":"20190331191221","is_ascension_mode":true,"campfire_choices":[{"data":"Poisoned Stab","floor":7,"key":"SMITH"},{"floor":10,"key":"REST"},{"data":"Dagger Spray","floor":13,"key":"SMITH"},{"data":"Infinite Blades","floor":15,"key":"SMITH"}],"neow_cost":"NONE","seed_source_timestamp":38028714702835,"circlet_count":0,"master_deck":["AscendersBane","Defend_G","Defend_G","Defend_G","Defend_G","Defend_G","Strike_G","Strike_G","Strike_G","Strike_G","Strike_G","Survivor","Neutralize","Dagger Spray+1","Poisoned Stab+1","Leg Sweep","Die Die Die","Well Laid Plans","Caltrops","Infinite Blades+1"],"relics":["Ring of the Snake","Bag of Marbles","Golden Idol","Bronze Scales","Lantern","Vajra","Smiling Mask","Ornamental Fan"],"potions_floor_usage":[6,16],"damage_taken":[{"damage":0,"enemies":"Cultist","floor":1,"turns":4},{"damage":0,"enemies":"2 Louse","floor":2,"turns":2},{"damage":6,"enemies":"Small Slimes","floor":4,"turns":3},{"damage":6,"enemies":"3 Sentries","floor":6,"turns":7},{"damage":34,"enemies":"Lagavulin","floor":8,"turns":7},{"damage":16,"enemies":"Gremlin Nob","floor":11,"turns":4},{"damage":22,"enemies":"Slime Boss","floor":16,"turns":8}],"seed_played":"3538233280714258993","potions_obtained":[{"floor":1,"key":"SpeedPotion"},{"floor":2,"key":"SteroidPotion"},{"floor":8,"key":"GhostInAJar"}],"is_trial":false,"path_per_floor":["M","M","?","M","?","E","R","E","T","R","E","?","R","$","R","B"],"character_chosen":"THE_SILENT","items_purchased":["Ornamental Fan","Infinite Blades"],"campfire_rested":1,"item_purchase_floors":[14,14],"current_hp_per_floor":[59,59,59,53,58,52,52,18,18,37,21,21,21,21,21,0],"gold":22,"neow_bonus":"RANDOM_COMMON_RELIC","is_prod":false,"is_daily":false,"chose_seed":false,"campfire_upgraded":3,"win_rate":0,"timestamp":1554052341,"path_taken":["M","M","?","M","?","E","R","E","T","R","E","?","R","$","R","BOSS"],"build_version":"2019-01-23","purchased_purges":1,"victory":false,"max_hp_per_floor":[66,66,60,60,65,65,65,65,65,65,65,65,65,65,65,65],"card_choices":[{"not_picked":["Riddle With Holes","Deflect"],"picked":"Dagger Spray","floor":1},{"not_picked":["Dodge and Roll","Bane"],"picked":"Poisoned Stab","floor":2},{"not_picked":["Quick Slash","Dodge and Roll"],"picked":"Leg Sweep","floor":4},{"not_picked":["Concentrate","Bane"],"picked":"Die Die Die","floor":6},{"not_picked":["Poisoned Stab","Cloak And Dagger"],"picked":"Well Laid Plans","floor":8},{"not_picked":["Phantasmal Killer","Dagger Spray"],"picked":"Caltrops","floor":11}],"player_experience":1512774,"relics_obtained":[{"floor":6,"key":"Bronze Scales"},{"floor":8,"key":"Lantern"},{"floor":9,"key":"Vajra"},{"floor":11,"key":"Smiling Mask"}],"event_choices":[{"damage_healed":0,"gold_gain":0,"player_choice":"Lose Max HP","damage_taken":0,"relics_obtained":["Golden Idol"],"max_hp_gain":0,"max_hp_loss":6,"event_name":"Golden Idol","floor":3,"gold_loss":0},{"damage_healed":0,"gold_gain":0,"player_choice":"Donut","damage_taken":0,"max_hp_gain":5,"max_hp_loss":0,"event_name":"Big Fish","floor":5,"gold_loss":0},{"damage_healed":0,"gold_gain":150,"player_choice":"AGREE","damage_taken":0,"max_hp_gain":0,"max_hp_loss":0,"event_name":"Liars Game","floor":12,"gold_loss":0,"cards_obtained":["Doubt"]}],"is_beta":false,"boss_relics":[],"items_purged_floors":[14],"is_endless":false,"potions_floor_spawned":[1,2,8],"killed_by":"Slime Boss","ascension_level":20}