{"gold_per_floor":[118,118,136,149,149,149,210,210,279,279,314,43,43,57,57,133,133,133,48,48,48,48,48,48,48,48,48,48,48,48,48,48,48,48,48,48,48,48,48,48,48,48],"floor_reached":42,"playtime":1977,"items_purged":["Strike_B"],"score":1006,"play_id":"44d71b84-90c7-4354-8d37-99352934086e","local_time":"20190217165120","is_ascension_mode":true,"campfire_choices":[{"data":"Rainbow","floor":6,"key":"SMITH"},{"data":"Zap","floor":8,"key":"SMITH"},{"data":"Reinforced Body","floor":10,"key":"SMITH"},{"data":"Coolheaded","floor":13,"key":"SMITH"},{"data":"Dualcast","floor":15,"key":"SMITH"},{"data":"Defragment","floor":23,"key":"SMITH"},{"data":"Thunder Strike","floor":27,"key":"SMITH"},{"data":"Capacitor","floor":29,"key":"SMITH"},{"floor":32,"key":"REST"}],"neow_cost":"NONE","seed_source_timestamp":23215725514094,"circlet_count":0,"master_deck":["AscendersBane","Zap+1","Dualcast+1","Rainbow+1","Cold Snap","Self Repair","Ball Lightning","Reinforced Body+1","Coolheaded+1","Thunder Strike+1","Ball Lightning","Defragment+1","Capacitor+1","Echo Form","Echo Form","Melter","Stack","Ball Lightning","Auto Shields","Reinforced Body+1","Static Discharge+1"],"relics":["Cracked Core","Tiny Chest","Singing Bowl","Matryoshka","DataDisk","Ectoplasm","Orichalcum","Omamori","War Paint","Incense Burner","Oddly Smooth Stone","Pandora\u0027s Box"],"potions_floor_usage":[14,16,25,42,42],"damage_taken":[{"damage":5,"enemies":"Small Slimes","floor":1,"turns":3},{"damage":0,"enemies":"Cultist","floor":3,"turns":3},{"damage":9,"enemies":"2 Louse","floor":4,"turns":3},{"damage":21,"enemies":"Lagavulin","floor":7,"turns":6},{"damage":27,"enemies":"Gremlin Nob","floor":11,"turns":4},{"damage":6,"enemies":"Exordium Thugs","floor":14,"turns":5},{"damage":9,"enemies":"Hexaghost","floor":16,"turns":11},{"damage":17,"enemies":"Chosen","floor":18,"turns":5},{"damage":8,"enemies":"Shell Parasite","floor":21,"turns":5},{"damage":12,"enemies":"Shelled Parasite and Fungi","floor":22,"turns":5},{"damage":21,"enemies":"Snake Plant","floor":24,"turns":4},{"damage":0,"enemies":"Book of Stabbing","floor":25,"turns":4},{"damage":0,"enemies":"Cultist and Chosen","floor":28,"turns":5},{"damage":3,"enemies":"3 Cultists","floor":30,"turns":5},{"damage":19,"enemies":"Slavers","floor":31,"turns":6},{"damage":22,"enemies":"Champ","floor":33,"turns":8},{"damage":22,"enemies":"Orb Walker","floor":35,"turns":5},{"damage":1,"enemies":"3 Shapes","floor":36,"turns":3},{"damage":22,"enemies":"Spire Growth","floor":37,"turns":6},{"damage":0,"enemies":"Maw","floor":38,"turns":7},{"damage":60,"enemies":"Nemesis","floor":40,"turns":7},{"damage":19,"enemies":"Reptomancer","floor":42,"turns":5}],"seed_played":"6341092361941717169","potions_obtained":[{"floor":4,"key":"Fire Potion"},{"floor":11,"key":"Dexterity Potion"},{"floor":16,"key":"GamblersBrew"},{"floor":18,"key":"SkillPotion"},{"floor":22,"key":"Poison Potion"},{"floor":25,"key":"Block Potion"},{"floor":37,"key":"FocusPotion"}],"is_trial":false,"path_per_floor":["M","?","M","M","?","R","E","R","T","R","E","$","R","M","R","B",null,"M","?","?","M","M","R","M","E","T","R","M","R","M","E","R","B",null,"M","M","M","M","?","E","?","E"],"character_chosen":"DEFECT","items_purchased":["DataDisk","Coolheaded"],"campfire_rested":1,"item_purchase_floors":[12,12],"current_hp_per_floor":[59,59,59,57,50,50,36,36,36,36,18,18,18,14,14,12,59,51,51,51,50,38,38,26,28,28,28,35,35,41,29,53,38,72,66,74,59,73,73,15,15,0],"gold":48,"neow_bonus":"ONE_RANDOM_RARE_CARD","is_prod":false,"is_daily":false,"chose_seed":false,"campfire_upgraded":8,"win_rate":0,"timestamp":1550418680,"path_taken":["M","?","M","?","?","R","E","R","T","R","E","?","R","M","R","BOSS","M","?","?","?","M","R","M","E","T","R","M","R","M","E","R","BOSS","M","M","M","M","?","E","?","E"],"build_version":"2019-01-23","purchased_purges":1,"victory":false,"max_hp_per_floor":[71,71,71,71,71,71,71,71,71,71,73,73,73,75,75,75,75,77,77,77,77,77,77,79,81,81,81,81,81,83,83,83,83,83,85,87,87,87,87,89,89,89],"card_choices":[{"not_picked":["Blizzard","Hologram"],"picked":"Cold Snap","floor":1},{"not_picked":["Streamline","Beam Cell"],"picked":"Self Repair","floor":3},{"not_picked":["Steam","Capacitor"],"picked":"Ball Lightning","floor":4},{"not_picked":["FTL","Storm"],"picked":"Reinforced Body","floor":7},{"not_picked":["Aggregate","White Noise","Undo"],"picked":"Singing Bowl","floor":11},{"not_picked":["Leap","Conserve Battery","Self Repair"],"picked":"Singing Bowl","floor":14},{"not_picked":["Seek","Reboot"],"picked":"Thunder Strike","floor":16},{"not_picked":["Conserve Battery","Beam Cell","Compile Driver"],"picked":"Singing Bowl","floor":18},{"not_picked":["Steam Power","Sweeping Beam"],"picked":"Ball Lightning","floor":21},{"not_picked":["Stack","Static Discharge"],"picked":"Defragment","floor":22},{"not_picked":["Go for the Eyes","Static Discharge","Beam Cell"],"picked":"Singing Bowl","floor":24},{"not_picked":["Compile Driver","Hologram","Reprogram"],"picked":"Singing Bowl","floor":25},{"not_picked":["Compile Driver","Blizzard"],"picked":"Capacitor","floor":28},{"not_picked":["Steam","Machine Learning","Gash+1"],"picked":"Singing Bowl","floor":30},{"not_picked":["Beam Cell","Rip and Tear"],"picked":"Echo Form","floor":31},{"not_picked":["Meteor Strike","Biased Cognition"],"picked":"Echo Form","floor":33},{"not_picked":["Blizzard","Beam Cell","Hologram"],"picked":"Singing Bowl","floor":35},{"not_picked":["Steam Power+1","Redo","Compile Driver"],"picked":"Singing Bowl","floor":36},{"not_picked":["Compile Driver","Beam Cell"],"picked":"Reinforced Body+1","floor":37},{"not_picked":["Reprogram+1","Leap"],"picked":"Static Discharge+1","floor":38},{"not_picked":["Turbo","Reinforced Body","Skim+1"],"picked":"Singing Bowl","floor":40}],"player_experience":1279816,"relics_obtained":[{"floor":7,"key":"Tiny Chest"},{"floor":9,"key":"Singing Bowl"},{"floor":11,"key":"Matryoshka"},{"floor":25,"key":"Omamori"},{"floor":26,"key":"War Paint"},{"floor":26,"key":"Incense Burner"},{"floor":31,"key":"Oddly Smooth Stone"}],"event_choices":[{"cards_removed":["Strike_B"],"damage_healed":0,"gold_gain":0,"player_choice":"Purged","damage_taken":0,"max_hp_gain":0,"max_hp_loss":0,"event_name":"Purifier","floor":2,"gold_loss":0},{"cards_removed":["Strike_B"],"damage_healed":0,"gold_gain":0,"player_choice":"Card Removal","damage_taken":7,"max_hp_gain":0,"max_hp_loss":0,"event_name":"Golden Wing","floor":5,"gold_loss":0},{"damage_healed":0,"gold_gain":0,"player_choice":"Obtained Relic","damage_taken":0,"relics_obtained":["Orichalcum"],"max_hp_gain":0,"max_hp_loss":0,"event_name":"Addict","floor":19,"gold_loss":85},{"damage_healed":0,"gold_gain":0,"player_choice":"0 cards matched","damage_taken":0,"max_hp_gain":0,"max_hp_loss":0,"event_name":"Match and Keep!","floor":20,"gold_loss":0,"cards_obtained":[]},{"damage_healed":0,"gold_gain":0,"player_choice":"Ignored","damage_taken":0,"max_hp_gain":0,"max_hp_loss":0,"event_name":"Mysterious Sphere","floor":39,"gold_loss":0},{"cards_removed":["Compile Driver"],"damage_healed":0,"gold_gain":0,"player_choice":"Removed Attack","damage_taken":0,"max_hp_gain":0,"max_hp_loss":0,"event_name":"Falling","floor":41,"gold_loss":0}],"is_beta":false,"boss_relics":[{"not_picked":["Empty Cage","Lizard Tail"],"picked":"Ectoplasm"},{"not_picked":["Tiny House","Velvet Choker"],"picked":"Pandora\u0027s Box"}],"items_purged_floors":[12],"is_endless":false,"potions_floor_spawned":[4,11,16,18,22,25,31,33,35,37],"killed_by":"Reptomancer","ascension_level":20}