{"path_per_floor":["M","M","?","$","M","E","R","E","T","M","R","M","R","M","R"],"character_chosen":"DEFECT","items_purchased":["Regen Potion","Ball Lightning"],"gold_per_floor":[113,126,126,21,36,71,71,98,98,115,115,128,128,146,146,146],"floor_reached":16,"campfire_rested":1,"playtime":834,"item_purchase_floors":[4,4],"current_hp_per_floor":[38,38,38,38,38,44,44,25,25,22,45,39,39,32,32,0],"items_purged":[],"gold":146,"score":118,"play_id":"ac69eadb-dc63-4db1-adba-18300bbc3495","local_time":"20180519215428","is_prod":false,"is_daily":false,"chose_seed":false,"is_ascension_mode":true,"campfire_upgraded":3,"timestamp":1526759668,"campfire_choices":[{"data":"Zap","floor":7,"key":"SMITH"},{"floor":11,"key":"REST"},{"data":"Hello World","floor":13,"key":"SMITH"},{"data":"Storm","floor":15,"key":"SMITH"}],"path_taken":["M","M","?","$","M","E","R","E","T","?","R","M","R","M","R","BOSS"],"build_version":"2018-05-18","seed_source_timestamp":44357510404861,"purchased_purges":0,"victory":false,"master_deck":["Strike_B","Strike_B","Strike_B","Strike_B","Defend_B","Defend_B","Defend_B","Defend_B","Zap+1","Dualcast","Beam Cell","White Noise+1","Ball Lightning","Sweeping Beam","All For One","Genetic Algorithm","Hello World+1","Storm+1"],"max_hp_per_floor":[75,75,75,75,75,75,75,75,75,77,77,77,77,77,77,77],"relics":["Cracked Core","Ginger","Bottled Lightning","Matryoshka","Singing Bowl","Molten Egg 2"],"card_choices":[{"not_picked":["Axe Kick","Hologram"],"picked":"Beam Cell","floor":1},{"not_picked":["Auto Shields","Go for the Eyes"],"picked":"White Noise","floor":2},{"not_picked":["Scrape","Go for the Eyes"],"picked":"Sweeping Beam","floor":5},{"not_picked":["Fusion","Turbo"],"picked":"All For One","floor":6},{"not_picked":["Reprogram","Consume"],"picked":"Genetic Algorithm","floor":8},{"not_picked":["Blizzard+1","Capacitor","Static Discharge"],"picked":"Singing Bowl","floor":10},{"not_picked":["Coolheaded","Glacier"],"picked":"Hello World","floor":12},{"not_picked":["Barrage+1","Coolheaded"],"picked":"Storm","floor":14}],"player_experience":172683,"potions_floor_usage":[6,6,12],"damage_taken":[{"damage":0,"enemies":"Small Slimes","floor":1,"turns":2},{"damage":0,"enemies":"2 Louse","floor":2,"turns":1},{"damage":0,"enemies":"Cultist","floor":5,"turns":3},{"damage":6,"enemies":"3 Sentries","floor":6,"turns":4},{"damage":26,"enemies":"Lagavulin","floor":8,"turns":5},{"damage":5,"enemies":"Looter","floor":10,"turns":2},{"damage":6,"enemies":"Exordium Wildlife","floor":12,"turns":2},{"damage":7,"enemies":"3 Louse","floor":14,"turns":2},{"damage":33,"enemies":"The Guardian","floor":16,"turns":8}],"relics_obtained":[{"floor":6,"key":"Bottled Lightning"},{"floor":8,"key":"Matryoshka"},{"floor":9,"key":"Singing Bowl"},{"floor":9,"key":"Molten Egg 2"}],"event_choices":[{"event_name":"Living Wall","player_choice":"Grow","floor":3,"damage_taken":0}],"boss_relics":[],"items_purged_floors":[],"potions_floor_spawned":[1,10,14],"seed_played":"7737337402583744664","killed_by":"The Guardian","ascension_level":1,"potions_obtained":[{"floor":1,"key":"Fire Potion"},{"floor":10,"key":"Explosive Potion"},{"floor":14,"key":"Ancient Potion"}],"is_trial":false}