{"gold_per_floor":[112,112,126,142,157,182,156,42,68,68,68,99,99,132,132,207,207,160,160,173,173,73,73,73],"floor_reached":24,"playtime":1223,"items_purged":["Pain","Pain"],"score":428,"play_id":"b0cb19d4-04ec-4927-9aa0-802050a9ee0e","local_time":"20190327141756","is_ascension_mode":true,"campfire_choices":[{"data":"True Grit","floor":10,"key":"SMITH"},{"data":"Inflame","floor":15,"key":"SMITH"},{"data":"Feel No Pain","floor":23,"key":"SMITH"}],"neow_cost":"NONE","seed_source_timestamp":16447583202626,"circlet_count":0,"master_deck":["AscendersBane","Strike_R+1","Strike_R+1","Strike_R+1","Strike_R+1","Defend_R+1","Defend_R+1","Defend_R+1","Defend_R+1","Bash","Metallicize","Shockwave","Rampage","Evolve","True Grit+1","Perfected Strike+1","Feel No Pain+1","Reaper","Inflame+1","Feed","Parasite","Doubt","Burning Pact"],"relics":["Burning Blood","WarpedTongs","Turnip","Strawberry","Centennial Puzzle","Art of War","Calling Bell","Anchor","Mummified Hand","Unceasing Top","MutagenicStrength"],"potions_floor_usage":[7],"damage_taken":[{"damage":15,"enemies":"Small Slimes","floor":1,"turns":4},{"damage":5,"enemies":"Cultist","floor":3,"turns":5},{"damage":3,"enemies":"2 Louse","floor":4,"turns":2},{"damage":10,"enemies":"Looter","floor":5,"turns":4},{"damage":23,"enemies":"3 Sentries","floor":6,"turns":11},{"damage":16,"enemies":"Exordium Thugs","floor":7,"turns":6},{"damage":16,"enemies":"Lagavulin","floor":12,"turns":7},{"damage":21,"enemies":"Gremlin Nob","floor":14,"turns":5},{"damage":29,"enemies":"Slime Boss","floor":16,"turns":8},{"damage":14,"enemies":"2 Thieves","floor":18,"turns":5},{"damage":7,"enemies":"Chosen","floor":20,"turns":5},{"damage":94,"enemies":"Gremlin Leader","floor":24,"turns":10}],"seed_played":"2690199039202532604","potions_obtained":[{"floor":1,"key":"PowerPotion"},{"floor":3,"key":"BloodPotion"},{"floor":5,"key":"Dexterity Potion"}],"is_trial":false,"path_per_floor":["M","?","M","M","M","E","M","$","T","R","?","E","?","E","R","B",null,"M","?","M","?","$","R","E"],"character_chosen":"IRONCLAD","items_purchased":["Feel No Pain"],"campfire_rested":0,"item_purchase_floors":[8],"current_hp_per_floor":[59,59,60,63,59,42,32,32,39,39,66,56,56,41,41,34,70,65,65,73,73,73,73,0],"gold":73,"neow_bonus":"TRANSFORM_CARD","is_prod":false,"is_daily":false,"chose_seed":false,"campfire_upgraded":3,"win_rate":0,"timestamp":1553692676,"path_taken":["M","?","M","?","M","E","M","$","T","R","?","E","?","E","R","BOSS","M","?","M","?","$","R","E"],"build_version":"2019-01-23","purchased_purges":2,"victory":false,"max_hp_per_floor":[75,75,75,75,75,75,75,75,82,82,82,82,82,82,82,82,82,85,85,89,89,89,89,89],"card_choices":[{"not_picked":["Combust","Intimidate"],"picked":"Shockwave","floor":1},{"not_picked":["Dropkick","Armaments"],"picked":"Rampage","floor":3},{"not_picked":["Iron Wave","Twin Strike"],"picked":"Evolve","floor":4},{"not_picked":["Pommel Strike","Body Slam"],"picked":"True Grit","floor":5},{"not_picked":["Headbutt","Searing Blow","Burning Pact"],"picked":"SKIP","floor":6},{"not_picked":["Searing Blow","Wild Strike"],"picked":"Perfected Strike","floor":7},{"not_picked":["Searing Blow","Carnage"],"picked":"Reaper","floor":12},{"not_picked":["Metallicize","Cleave"],"picked":"Inflame","floor":14},{"not_picked":["Reaper","Fiend Fire"],"picked":"Feed","floor":16},{"not_picked":["Sever Soul+1","Pommel Strike"],"picked":"Burning Pact","floor":18},{"not_picked":["Searing Blow+1","Carnage","Warcry"],"picked":"SKIP","floor":20}],"player_experience":1488077,"relics_obtained":[{"floor":6,"key":"Turnip"},{"floor":9,"key":"Strawberry"},{"floor":12,"key":"Centennial Puzzle"},{"floor":14,"key":"Art of War"},{"floor":17,"key":"Anchor"},{"floor":17,"key":"Mummified Hand"},{"floor":17,"key":"Unceasing Top"}],"event_choices":[{"damage_healed":0,"gold_gain":0,"player_choice":"Rummage","damage_taken":0,"relics_obtained":["WarpedTongs"],"max_hp_gain":0,"max_hp_loss":0,"event_name":"Accursed Blacksmith","floor":2,"gold_loss":0,"cards_obtained":["Pain"]},{"damage_healed":27,"gold_gain":0,"player_choice":"Banana","damage_taken":0,"max_hp_gain":0,"max_hp_loss":0,"event_name":"Big Fish","floor":11,"gold_loss":0},{"damage_healed":0,"gold_gain":0,"player_choice":"Upgraded","damage_taken":0,"max_hp_gain":0,"max_hp_loss":0,"event_name":"Upgrade Shrine","floor":13,"gold_loss":0,"cards_upgraded":["Perfected Strike"]},{"damage_healed":0,"gold_gain":0,"player_choice":"Simplicity","damage_taken":0,"max_hp_gain":0,"max_hp_loss":0,"event_name":"Back to Basics","floor":19,"gold_loss":0,"cards_upgraded":["Strike_R","Strike_R","Strike_R","Strike_R","Defend_R","Defend_R","Defend_R","Defend_R"]},{"damage_healed":0,"gold_gain":0,"player_choice":"Inject Mutagens","damage_taken":0,"relics_obtained":["MutagenicStrength"],"max_hp_gain":0,"max_hp_loss":0,"event_name":"Drug Dealer","floor":21,"gold_loss":0}],"is_beta":false,"boss_relics":[{"not_picked":["White Beast Statue","Runic Cube"],"picked":"Calling Bell"}],"items_purged_floors":[8,22],"is_endless":false,"potions_floor_spawned":[1,3,5],"killed_by":"Gremlin Leader","ascension_level":20}