{"gold_per_floor":[312,330,330,605,436,471,471,485,508,541,553,563,563,598,598,674,674,688,700,378,378,395,424,424,424,424,424,443,443,472,472,472,550,550,566,162,174,174,192,192,223,235,235,263,363,363,373,399,399,399,399,399,399,33,65,65],"floor_reached":57,"playtime":2970,"items_purged":["Regret","Perfected Strike","Carnage","Shame"],"score":2846,"play_id":"0a8a83ca-c0c4-4e0b-a2b8-babd64a3ca8d","local_time":"20190411122927","is_ascension_mode":true,"campfire_choices":[{"data":"Inflame","floor":7,"key":"SMITH"},{"data":"Bash","floor":13,"key":"SMITH"},{"floor":15,"key":"REST"},{"floor":24,"key":"REST"},{"data":"Apotheosis","floor":27,"key":"SMITH"},{"floor":29,"key":"REST"},{"data":"Feel No Pain","floor":32,"key":"SMITH"},{"floor":40,"key":"RECALL"},{"data":"Limit Break","floor":46,"key":"SMITH"},{"data":"Shockwave","floor":49,"key":"SMITH"},{"floor":53,"key":"REST"}],"neow_cost":"NO_GOLD","seed_source_timestamp":7124817478617,"circlet_count":0,"master_deck":["AscendersBane","Bash+1","Metallicize","Carnage+1","Inflame+1","Pommel Strike+1","Sword Boomerang","Twin Strike","Shockwave+1","Feed","Shrug It Off","Seeing Red","Twin Strike","Feel No Pain+1","Fiend Fire","Sword Boomerang","Flame Barrier+1","Shrug It Off+1","Apotheosis+1","True Grit","Spot Weakness","Shrug It Off","Feed","Reaper","Limit Break+1","Master of Strategy","Anger","Feel No Pain+1","Corruption","Limit Break","Corruption+1"],"relics":["Burning Blood","Old Coin","PreservedInsect","Whetstone","Bag of Preparation","Kunai","Pandora\u0027s Box","Bag of Marbles","FossilizedHelix","Centennial Puzzle","Cursed Key","Unceasing Top","Pear","Dead Branch","Gremlin Horn","Lantern"],"potions_floor_usage":[6,23,56,56],"damage_taken":[{"damage":7,"enemies":"Jaw Worm","floor":1,"turns":3},{"damage":4,"enemies":"Small Slimes","floor":2,"turns":3},{"damage":35,"enemies":"3 Sentries","floor":6,"turns":9},{"damage":0,"enemies":"Cultist","floor":8,"turns":2},{"damage":8,"enemies":"Gremlin Nob","floor":10,"turns":3},{"damage":3,"enemies":"Looter","floor":11,"turns":3},{"damage":22,"enemies":"Lots of Slimes","floor":12,"turns":4},{"damage":21,"enemies":"3 Sentries","floor":14,"turns":6},{"damage":27,"enemies":"The Guardian","floor":16,"turns":11},{"damage":13,"enemies":"3 Byrds","floor":18,"turns":5},{"damage":19,"enemies":"2 Thieves","floor":19,"turns":3},{"damage":11,"enemies":"Snake Plant","floor":22,"turns":5},{"damage":36,"enemies":"Slavers","floor":23,"turns":4},{"damage":37,"enemies":"Shelled Parasite and Fungi","floor":28,"turns":9},{"damage":0,"enemies":"Gremlin Leader","floor":30,"turns":7},{"damage":87,"enemies":"Automaton","floor":33,"turns":14},{"damage":8,"enemies":"3 Darklings","floor":35,"turns":7},{"damage":14,"enemies":"3 Shapes","floor":37,"turns":4},{"damage":13,"enemies":"Transient","floor":39,"turns":6},{"damage":82,"enemies":"Reptomancer","floor":41,"turns":8},{"damage":30,"enemies":"3 Darklings","floor":42,"turns":6},{"damage":51,"enemies":"Nemesis","floor":44,"turns":7},{"damage":0,"enemies":"Mind Bloom Boss Battle","floor":45,"turns":8},{"damage":31,"enemies":"Sphere and 2 Shapes","floor":47,"turns":6},{"damage":21,"enemies":"Giant Head","floor":48,"turns":8},{"damage":38,"enemies":"Donu and Deca","floor":50,"turns":8},{"damage":75,"enemies":"Awakened One","floor":51,"turns":8},{"damage":48,"enemies":"Shield and Spear","floor":55,"turns":4},{"damage":15,"enemies":"The Heart","floor":56,"turns":8}],"seed_played":"-463075884043380886","potions_obtained":[{"floor":1,"key":"AttackPotion"},{"floor":8,"key":"SpeedPotion"},{"floor":21,"key":"Weak Potion"},{"floor":30,"key":"SmokeBomb"},{"floor":37,"key":"LiquidBronze"}],"is_trial":false,"path_per_floor":["M","M","?","?","$","E","R","M","T","E","M","M","R","E","R","B",null,"M","M","$","?","M","E","R","?","T","R","M","R","E","?","R","B",null,"M","$","M","?","M","R","E","M","T","E","?","R","M","E","R","B","B",null,"R","$","E","B",null],"character_chosen":"IRONCLAD","items_purchased":["Inflame","FearPotion","Apotheosis","True Grit","Limit Break","Master of Strategy","Corruption","Limit Break"],"campfire_rested":4,"item_purchase_floors":[5,5,20,20,36,36,54,54],"current_hp_per_floor":[67,69,69,69,69,40,40,46,46,44,47,31,31,16,38,17,61,57,44,44,44,42,15,40,40,40,40,16,43,53,105,105,28,89,91,91,103,103,106,106,60,88,88,53,82,82,94,114,114,82,70,128,147,147,134,146],"gold":65,"neow_bonus":"ONE_RARE_RELIC","is_prod":false,"is_daily":false,"chose_seed":false,"campfire_upgraded":6,"win_rate":0,"timestamp":1554978567,"path_taken":["M","M","?","?","$","E","R","M","T","E","M","M","R","E","R","BOSS","M","?","$","?","?","E","R","?","T","R","?","R","E","?","R","BOSS","M","$","M","?","M","R","E","M","T","E","?","R","M","E","R","BOSS","BOSS","R","$","E","BOSS"],"build_version":"2019-01-23","purchased_purges":4,"victory":true,"max_hp_per_floor":[75,75,75,75,75,75,75,75,75,75,75,75,75,75,75,75,75,78,78,78,78,81,84,84,84,84,84,91,91,95,105,105,109,109,113,113,113,113,113,113,113,117,117,127,131,131,135,139,139,139,147,147,147,147,147,147],"card_choices":[{"not_picked":["Body Slam","Infernal Blade"],"picked":"Metallicize","floor":1},{"not_picked":["Clothesline","Body Slam"],"picked":"Carnage","floor":2},{"not_picked":["Wild Strike","Headbutt"],"picked":"Pommel Strike","floor":6},{"not_picked":["Thunderclap","Perfected Strike","Rupture"],"picked":"SKIP","floor":8},{"not_picked":["Wild Strike","Brutality"],"picked":"Sword Boomerang","floor":10},{"not_picked":["Fire Breathing","Flex","Pommel Strike"],"picked":"SKIP","floor":11},{"not_picked":["Pommel Strike","Iron Wave","Twin Strike"],"picked":"SKIP","floor":12},{"not_picked":["Pommel Strike","Iron Wave"],"picked":"Twin Strike","floor":12},{"not_picked":["Anger","Perfected Strike"],"picked":"Shockwave","floor":14},{"not_picked":["Limit Break","Barricade"],"picked":"Feed","floor":16},{"not_picked":["Body Slam","Sword Boomerang"],"picked":"Flame Barrier+1","floor":18},{"not_picked":["Rupture","Seeing Red"],"picked":"Shrug It Off+1","floor":19},{"not_picked":["Fire Breathing","Sword Boomerang"],"picked":"Spot Weakness","floor":22},{"not_picked":["Combust","Flame Barrier"],"picked":"Shrug It Off","floor":23},{"not_picked":["True Grit","Carnage","Cleave"],"picked":"SKIP","floor":28},{"not_picked":["Wild Strike+1","Clash","Thunderclap"],"picked":"SKIP","floor":30},{"not_picked":["Brutality","Demon Form"],"picked":"Reaper","floor":33},{"not_picked":["Hemokinesis","Havoc+1"],"picked":"Heavy Blade","floor":35},{"not_picked":["Flame Barrier","Havoc+1","Second Wind+1"],"picked":"SKIP","floor":37},{"not_picked":["Flame Barrier","Havoc+1","Second Wind+1"],"picked":"SKIP","floor":37},{"not_picked":["Pummel","Cleave","Pommel Strike"],"picked":"SKIP","floor":39},{"not_picked":["Ghostly Armor","Dropkick"],"picked":"Anger","floor":41},{"not_picked":["Perfected Strike","True Grit"],"picked":"Feel No Pain+1","floor":42},{"not_picked":["Thunderclap","Armaments","Dual Wield"],"picked":"SKIP","floor":44},{"not_picked":["Bloodletting","Body Slam","Cleave+1"],"picked":"SKIP","floor":47},{"not_picked":["Flex","Pommel Strike","Dropkick"],"picked":"SKIP","floor":48},{"not_picked":["Cleave+1","Uppercut"],"picked":"Corruption+1","floor":55}],"player_experience":1582181,"relics_obtained":[{"floor":6,"key":"PreservedInsect"},{"floor":9,"key":"Whetstone"},{"floor":10,"key":"Bag of Preparation"},{"floor":14,"key":"Kunai"},{"floor":23,"key":"Bag of Marbles"},{"floor":26,"key":"FossilizedHelix"},{"floor":30,"key":"Centennial Puzzle"},{"floor":41,"key":"Unceasing Top"},{"floor":44,"key":"Pear"},{"floor":45,"key":"Dead Branch"},{"floor":48,"key":"Gremlin Horn"},{"floor":55,"key":"Lantern"}],"event_choices":[{"damage_healed":0,"gold_gain":0,"player_choice":"Grow","damage_taken":0,"max_hp_gain":0,"max_hp_loss":0,"event_name":"Living Wall","floor":3,"gold_loss":0,"cards_upgraded":["Carnage"]},{"damage_healed":0,"gold_gain":275,"player_choice":"Desecrate","damage_taken":0,"max_hp_gain":0,"max_hp_loss":0,"event_name":"Golden Shrine","floor":4,"gold_loss":0,"cards_obtained":["Regret"]},{"damage_healed":0,"gold_gain":0,"player_choice":"Got Potions","damage_taken":0,"max_hp_gain":0,"max_hp_loss":0,"event_name":"Lab","floor":21,"gold_loss":0},{"damage_healed":0,"gold_gain":0,"player_choice":"Copied","damage_taken":0,"max_hp_gain":0,"max_hp_loss":0,"event_name":"Duplicator","floor":25,"gold_loss":0,"cards_obtained":["Feed"]},{"cards_removed":["Bludgeon"],"damage_healed":42,"gold_gain":0,"player_choice":"Offered Rare","damage_taken":0,"max_hp_gain":10,"max_hp_loss":0,"event_name":"Bonfire Elementals","floor":31,"gold_loss":0},{"cards_removed":["Heavy Blade"],"damage_healed":0,"gold_gain":0,"player_choice":"Removed Attack","damage_taken":0,"max_hp_gain":0,"max_hp_loss":0,"event_name":"Falling","floor":38,"gold_loss":0},{"damage_healed":0,"gold_gain":0,"player_choice":"Fight","damage_taken":0,"max_hp_gain":0,"max_hp_loss":0,"event_name":"MindBloom","floor":45,"gold_loss":0}],"is_beta":false,"boss_relics":[{"not_picked":["Lizard Tail","White Beast Statue"],"picked":"Pandora\u0027s Box"},{"not_picked":["Orrery","Astrolabe"],"picked":"Cursed Key"}],"items_purged_floors":[5,20,36,54],"is_endless":false,"potions_floor_spawned":[1,8,11,18,22,30,37,42,47,48],"ascension_level":20}