{"gold_per_floor":[109,109,259,259,5,5,36,50,50,88,111,155,228,251,251,350,350,369,382,117,141,160,201,201,214,214,247,4,24,39,74,74,74],"floor_reached":33,"playtime":6451,"items_purged":["Doubt","Strike_G","Strike_G"],"score":697,"play_id":"0df541a6-704f-4019-b6df-a1817345e9e7","local_time":"20181208155504","is_ascension_mode":true,"campfire_choices":[{"data":"Neutralize","floor":6.0,"key":"SMITH"},{"data":"Venomology","floor":15.0,"key":"SMITH"},{"floor":24,"key":"REST"},{"floor":32,"key":"REST"}],"neow_cost":"NONE","seed_source_timestamp":0,"circlet_count":0,"master_deck":["AscendersBane","Defend_G","Defend_G","Defend_G","Defend_G","Defend_G","Strike_G+1","Strike_G+1","Strike_G","Survivor","Neutralize+1","Dagger Spray+1","Dash+1","Leg Sweep","Venomology+1","Finisher","Deadly Poison","Wraith Form v2","PiercingWail","Bane+1","Heel Hook+1","Bane+1","Footwork","Poisoned Stab+1","Noxious Fumes","Blur","Dodge and Roll","Night Terror","Terror"],"special_seed":0,"relics":["Ring of the Snake","NeowsBlessing","Golden Idol","Membership Card","Bronze Scales","Mummified Hand","Bottled Lightning","Gremlin Horn","Molten Egg 2","Velvet Choker","ClockworkSouvenir","Whetstone","Ginger","Dream Catcher","Smiling Mask","OrangePellets","Dodecahedron"],"potions_floor_usage":[21,22,23,23,23,25,25,27,30,30,31,33],"damage_taken":[{"damage":0.0,"enemies":"Small Slimes","floor":1.0,"turns":1.0},{"damage":0.0,"enemies":"Lagavulin","floor":7.0,"turns":1.0},{"damage":0.0,"enemies":"Jaw Worm","floor":8.0,"turns":1.0},{"damage":3.0,"enemies":"3 Sentries","floor":10.0,"turns":10.0},{"damage":2.0,"enemies":"2 Louse","floor":11.0,"turns":2.0},{"damage":9.0,"enemies":"Lagavulin","floor":12.0,"turns":8.0},{"damage":0.0,"enemies":"Lots of Slimes","floor":14.0,"turns":1.0},{"damage":13.0,"enemies":"Hexaghost","floor":16.0,"turns":9.0},{"damage":10.0,"enemies":"2 Thieves","floor":18.0,"turns":5.0},{"damage":13.0,"enemies":"Chosen","floor":19.0,"turns":5.0},{"damage":14,"enemies":"Centurion and Healer","floor":21,"turns":6},{"damage":0,"enemies":"Snecko","floor":22,"turns":5},{"damage":0,"enemies":"Gremlin Leader","floor":23,"turns":7},{"damage":0,"enemies":"Snake Plant","floor":25,"turns":3},{"damage":7,"enemies":"Slavers","floor":27,"turns":4},{"damage":0,"enemies":"Cultist and Chosen","floor":29,"turns":5},{"damage":13,"enemies":"Snecko","floor":30,"turns":5},{"damage":8,"enemies":"Gremlin Leader","floor":31,"turns":5},{"damage":24,"enemies":"Champ","floor":33,"turns":7}],"seed_played":"-5636088585133154104","potions_obtained":[{"floor":7.0,"key":"EssenceOfSteel"},{"floor":12.0,"key":"SpeedPotion"},{"floor":21,"key":"EssenceOfSteel"},{"floor":23,"key":"Poison Potion"},{"floor":25,"key":"Ancient Potion"},{"floor":31,"key":"Explosive Potion"}],"is_trial":false,"path_per_floor":["M","?","?","?","$","R","E","M","T","E","M","E","T","M","R","B",null,"M","M","$","M","M","E","R","M","T","E","$","M","M","E","R","B"],"character_chosen":"THE_SILENT","items_purchased":["Membership Card","ClockworkSouvenir","Whetstone","Heel Hook+1","Noxious Fumes","Blur","OrangePellets"],"campfire_rested":2,"item_purchase_floors":[5,20,20,20,28,28,28],"current_hp_per_floor":[59,39,39,39,39,39,39,39,39,36,34,25,25,25,25,12,48,38,25,25,11,11,11,29,29,29,22,22,22,9,1,19,0],"gold":74,"neow_bonus":"THREE_ENEMY_KILL","is_prod":false,"is_daily":false,"chose_seed":false,"campfire_upgraded":2,"win_rate":0,"timestamp":1544280904,"path_taken":["M","?","?","?","$","R","E","M","T","E","M","E","?","M","R","BOSS","M","M","$","M","M","E","R","M","T","E","$","?","M","E","R","BOSS"],"build_version":"2018-12-06","purchased_purges":3,"victory":false,"max_hp_per_floor":[66,66,66,60,60,60,60,60,60,60,60,60,60,60,60,60,60,60,60,60,60,60,60,60,60,60,60,60,60,60,60,60,60],"card_choices":[{"not_picked":["Bane","Blade Dance"],"picked":"Dagger Spray","floor":1.0},{"not_picked":["Prepared","Well Laid Plans"],"picked":"Dash","floor":7.0},{"not_picked":["Endless Agony","Underhanded Strike"],"picked":"Leg Sweep","floor":8.0},{"not_picked":["Blade Dance","Skewer"],"picked":"Venomology","floor":10.0},{"not_picked":["Masterful Stab","Catalyst","Riddle With Holes"],"picked":"SKIP","floor":11.0},{"not_picked":["Sucker Punch","Poisoned Stab"],"picked":"Finisher","floor":12.0},{"not_picked":["Dagger Throw+1","Bane+1"],"picked":"Deadly Poison","floor":14.0},{"not_picked":["Corpse Explosion","Unload+1"],"picked":"Wraith Form v2","floor":16.0},{"not_picked":["Acrobatics","Masterful Stab+1"],"picked":"PiercingWail","floor":18.0},{"not_picked":["Slice+1","Dagger Spray+1"],"picked":"Bane+1","floor":19.0},{"not_picked":["Envenom","Cloak And Dagger"],"picked":"Bane+1","floor":21},{"not_picked":["Acrobatics+1","Predator+1"],"picked":"Footwork","floor":22},{"not_picked":["Endless Agony+1","Deflect"],"picked":"Poisoned Stab+1","floor":23},{"not_picked":["Endless Agony+1","Infinite Blades","Acrobatics+1"],"picked":"SKIP","floor":25},{"not_picked":["All Out Attack+1","Dagger Spray+1","Dodge and Roll"],"picked":"SKIP","floor":27},{"not_picked":["Slice+1","PiercingWail","Sucker Punch+1"],"picked":"SKIP","floor":29},{"not_picked":["Venomology","Distraction"],"picked":"Dodge and Roll","floor":30},{"not_picked":["Quick Slash+1","Dagger Throw+1"],"picked":"Night Terror","floor":31},{"not_picked":["Deflect","Blade Dance+1"],"picked":"Terror","floor":32}],"player_experience":977008,"relics_obtained":[{"floor":7.0,"key":"Bronze Scales"},{"floor":9.0,"key":"Mummified Hand"},{"floor":10.0,"key":"Bottled Lightning"},{"floor":12.0,"key":"Gremlin Horn"},{"floor":13.0,"key":"Molten Egg 2"},{"floor":23,"key":"Ginger"},{"floor":26,"key":"Dream Catcher"},{"floor":27,"key":"Smiling Mask"},{"floor":31,"key":"Dodecahedron"}],"event_choices":[{"damage_healed":0.0,"max_hp_gain":0.0,"max_hp_loss":0.0,"gold_gain":0.0,"event_name":"Shining Light","player_choice":"Entered Light","floor":2.0,"gold_loss":0.0,"damage_taken":20.0,"cards_upgraded":["Dagger Spray","Strike_G"]},{"damage_healed":0.0,"max_hp_gain":0.0,"max_hp_loss":0.0,"gold_gain":150.0,"event_name":"Liars Game","player_choice":"AGREE","floor":3.0,"gold_loss":0.0,"damage_taken":0.0,"cards_obtained":["Doubt"]},{"damage_healed":0.0,"max_hp_gain":0.0,"max_hp_loss":6.0,"gold_gain":0.0,"event_name":"Golden Idol","player_choice":"Lose Max HP","floor":4.0,"gold_loss":0.0,"damage_taken":0.0,"relics_obtained":["Golden Idol"]}],"is_beta":true,"boss_relics":[{"not_picked":["Ring of the Serpent","Orrery"],"picked":"Velvet Choker"}],"items_purged_floors":[5,20,28],"is_endless":false,"potions_floor_spawned":[7,12,14,21,23,25,29,31],"killed_by":"Champ","ascension_level":17}