{"gold_per_floor":[116,191,38,38,38,38,65,65,65,75,139,139,154,189,189,294,294,306,44,60,60,72,106,106,137,137,87,105,105,30,30,30,128,128,139,158,158],"floor_reached":37,"playtime":1237,"items_purged":["Decay"],"score":806,"play_id":"4adebd23-8d5a-478e-9e77-33473b5c9b90","local_time":"20180910155957","is_ascension_mode":true,"campfire_choices":[{"data":"Electrodynamics","floor":6,"key":"SMITH"},{"data":"Tempest","floor":12,"key":"SMITH"},{"data":"1","floor":15,"key":"LIFT"},{"data":"2","floor":24,"key":"LIFT"},{"data":"3","floor":29,"key":"LIFT"},{"floor":32,"key":"REST"}],"neow_cost":"CURSE","seed_source_timestamp":22961523563973,"circlet_count":0,"master_deck":["Strike_B","Strike_B","Strike_B","Defend_B","Defend_B","Defend_B","Defend_B","Zap","Dualcast","AscendersBane","Electrodynamics+1","Coolheaded","Self Repair","Sweeping Beam","Stack","Tempest+1","Chill","All For One","Reboot","Double Energy","Defragment","Sunder","Cold Snap","Multi-Cast","Capacitor+1","Turbo","Tempest","Creative AI","Storm","Aggregate"],"relics":["Cracked Core","Regal Pillow","Meat on the Bone","Pocketwatch","Girya","Velvet Choker","Lee\u0027s Waffle","MutagenicStrength","Ancient Tea Set","Potion Belt","Oddly Smooth Stone","Inserter"],"potions_floor_usage":[14,16,16,28,37],"damage_taken":[{"damage":12,"enemies":"Small Slimes","floor":1,"turns":3},{"damage":48,"enemies":"Lagavulin","floor":7,"turns":8},{"damage":2,"enemies":"2 Louse","floor":10,"turns":2},{"damage":10,"enemies":"3 Sentries","floor":11,"turns":3},{"damage":0,"enemies":"Cultist","floor":13,"turns":3},{"damage":16,"enemies":"Gremlin Nob","floor":14,"turns":3},{"damage":0,"enemies":"Slime Boss","floor":16,"turns":6},{"damage":51,"enemies":"Shell Parasite","floor":18,"turns":8},{"damage":1,"enemies":"Spheric Guardian","floor":20,"turns":3},{"damage":24,"enemies":"Centurion and Healer","floor":22,"turns":3},{"damage":57,"enemies":"Book of Stabbing","floor":23,"turns":6},{"damage":0,"enemies":"Slavers","floor":25,"turns":1},{"damage":18,"enemies":"Snecko","floor":28,"turns":3},{"damage":48,"enemies":"Collector","floor":33,"turns":6},{"damage":40,"enemies":"Orb Walker","floor":35,"turns":4},{"damage":20,"enemies":"3 Shapes","floor":36,"turns":4},{"damage":52,"enemies":"Mysterious Sphere","floor":37,"turns":3}],"seed_played":"-7372588081128931245","potions_obtained":[{"floor":7,"key":"FearPotion"},{"floor":10,"key":"Swift Potion"},{"floor":14,"key":"Strength Potion"},{"floor":18,"key":"PowerPotion"},{"floor":23,"key":"Fruit Juice"},{"floor":28,"key":"FearPotion"}],"is_trial":false,"path_per_floor":["M","?","$","?","?","R","E","$","T","M","?","R","M","E","R","B",null,"M","$","M","?","M","E","R","E","T","$","M","R","?","$","R","B",null,"M","M"],"character_chosen":"DEFECT","items_purchased":["Self Repair","Lee\u0027s Waffle","Defragment","Turbo"],"campfire_rested":1,"item_purchase_floors":[3,19,19,27],"current_hp_per_floor":[56,45,45,45,50,50,9,9,9,26,35,35,54,57,57,64,76,44,87,86,86,69,31,31,43,43,43,42,42,42,42,84,48,81,60,52,0],"gold":158,"neow_bonus":"THREE_RARE_CARDS","is_prod":false,"is_daily":false,"chose_seed":false,"campfire_upgraded":2,"win_rate":0,"timestamp":1536587997,"path_taken":["M","?","$","?","?","R","E","?","T","M","?","R","M","E","R","BOSS","M","$","M","?","M","E","R","E","T","?","M","R","?","?","R","BOSS","M","M","?"],"build_version":"2018-09-06","purchased_purges":1,"victory":false,"max_hp_per_floor":[75,75,75,75,80,80,80,80,80,80,80,80,80,80,80,80,80,80,87,87,87,87,87,87,87,87,87,92,92,92,92,92,92,92,92,92,92],"card_choices":[{"not_picked":["Core Surge","Biased Cognition"],"picked":"Electrodynamics","floor":0},{"not_picked":["Beam Cell","Barrage"],"picked":"Coolheaded","floor":1},{"not_picked":["Gash","Recycle"],"picked":"Sweeping Beam","floor":7},{"not_picked":["Steam","Rebound"],"picked":"Stack","floor":10},{"not_picked":["Conserve Battery","Go for the Eyes"],"picked":"Tempest","floor":11},{"not_picked":["Coolheaded","Go for the Eyes"],"picked":"Chill","floor":13},{"not_picked":["Barrage","Coolheaded"],"picked":"All For One","floor":14},{"not_picked":["Hyperbeam","All For One"],"picked":"Reboot","floor":16},{"not_picked":["Barrage","Redo"],"picked":"Double Energy","floor":18},{"not_picked":["Cold Snap","Rebound"],"picked":"Sunder","floor":20},{"not_picked":["Compile Driver","Beam Cell"],"picked":"Cold Snap","floor":22},{"not_picked":["Consume","Chaos"],"picked":"Multi-Cast","floor":23},{"not_picked":["Streamline","Leap+1"],"picked":"Capacitor+1","floor":25},{"not_picked":["Ball Lightning","Gash"],"picked":"Tempest","floor":28},{"not_picked":["Core Surge","Amplify"],"picked":"Creative AI","floor":33},{"not_picked":["Sweeping Beam+1","Beam Cell+1"],"picked":"Storm","floor":35},{"not_picked":["Beam Cell","Compile Driver+1"],"picked":"Aggregate","floor":36}],"player_experience":403239,"relics_obtained":[{"floor":7,"key":"Regal Pillow"},{"floor":9,"key":"Meat on the Bone"},{"floor":11,"key":"Pocketwatch"},{"floor":14,"key":"Girya"},{"floor":23,"key":"Ancient Tea Set"},{"floor":25,"key":"Potion Belt"},{"floor":26,"key":"Oddly Smooth Stone"}],"event_choices":[{"event_name":"World of Goop","player_choice":"Gather Gold","floor":2,"damage_taken":0},{"event_name":"Golden Wing","player_choice":"Ignored","floor":4,"damage_taken":0},{"event_name":"Big Fish","player_choice":"Donut","floor":5,"damage_taken":0},{"event_name":"Dead Adventurer","player_choice":"Searched \u00271\u0027 times","floor":11,"damage_taken":0},{"event_name":"Drug Dealer","player_choice":"Inject Mutagens","floor":21,"damage_taken":0},{"event_name":"Beggar","player_choice":"Gave Gold","floor":30,"damage_taken":0},{"event_name":"Mysterious Sphere","player_choice":"Fight","floor":37,"damage_taken":0}],"is_beta":true,"boss_relics":[{"not_picked":["FrozenCore","Runic Pyramid"],"picked":"Velvet Choker"},{"not_picked":["Philosopher\u0027s Stone","Lizard Tail"],"picked":"Inserter"}],"items_purged_floors":[3],"is_endless":false,"potions_floor_spawned":[7,10,13,14,18,23,28],"killed_by":"Mysterious Sphere","ascension_level":12}