{"path_per_floor":["M","M","?","M","M","E","R","?","T","R","$","?","M","M","R","B",null,"M","M","?","M","?","R","E","R","T","R","T","M","R","M","R"],"character_chosen":"IRONCLAD","items_purchased":["Heavy Blade","Girya","Pen Nib"],"gold_per_floor":[217,233,233,243,260,325,325,500,524,524,32,32,49,64,64,161,161,171,187,187,202,232,232,265,265,265,265,315,330,330,348,348,348],"floor_reached":33,"campfire_rested":0,"playtime":1762,"current_hp_per_floor":[80,79,61,66,72,62,62,62,62,62,62,62,63,54,54,38,80,80,80,80,80,80,80,64,64,64,64,64,62,62,67,67,0],"items_purged":[],"gold":348,"score":266,"play_id":"d010ecf2-7815-4e29-aee8-c0b1ca2a0205","local_time":"20180513230515","is_prod":false,"is_daily":false,"chose_seed":false,"is_ascension_mode":false,"campfire_upgraded":5,"timestamp":1526245515,"path_taken":["M","M","?","M","M","E","R","?","T","R","$","?","?","M","R","BOSS","M","M","?","M","?","R","E","R","T","R","?","M","R","M","R","BOSS"],"build_version":"2018-05-10","seed_source_timestamp":44246174417238,"purchased_purges":0,"victory":false,"master_deck":["Strike_R","Strike_R","Strike_R","Strike_R","Strike_R","Defend_R","Defend_R","Defend_R","Defend_R","Bash","Seeing Red+1","Cleave","Flex+1","Armaments","Sword Boomerang","Heavy Blade+1","Seeing Red","Shrug It Off","Double Tap+1","Heavy Blade+1","Heavy Blade+1","Writhe","Flex","Infernal Blade+1","Intimidate+1"],"max_hp_per_floor":[80,80,80,80,80,80,80,80,80,80,80,80,80,80,80,80,80,80,80,80,80,80,80,80,80,80,80,80,80,80,80,80,80],"relics":["Burning Blood","Bronze Scales","Tiny Chest","Bag of Marbles","Girya","Pen Nib","Spirit Poop","Mark of Pain","Unceasing Top","Red Mask","Charon\u0027s Ashes","Whetstone","Prayer Wheel"],"card_choices":[{"not_picked":["Havoc","Wild Strike"],"picked":"Seeing Red","floor":1},{"not_picked":["Sever Soul","Perfected Strike"],"picked":"Cleave","floor":2},{"not_picked":["Uppercut","Disarm"],"picked":"Flex","floor":4},{"not_picked":["Twin Strike","Uppercut"],"picked":"Armaments","floor":5},{"not_picked":["Brutality","Sever Soul"],"picked":"Sword Boomerang","floor":6},{"not_picked":["Dropkick","Fire Breathing"],"picked":"Seeing Red","floor":13},{"not_picked":["Second Wind","Searing Blow"],"picked":"Shrug It Off","floor":14},{"not_picked":["Brutality","Barricade"],"picked":"Double Tap","floor":16},{"not_picked":["Cleave","Infernal Blade"],"picked":"Heavy Blade","floor":18},{"not_picked":["Hemokinesis","Anger"],"picked":"Heavy Blade","floor":19},{"not_picked":["Shrug It Off","Double Tap"],"picked":"Flex","floor":22},{"not_picked":["Sword Boomerang","Reckless Charge"],"picked":"Infernal Blade","floor":24},{"not_picked":["True Grit","Blood for Blood"],"picked":"Intimidate","floor":29}],"player_experience":43100,"potions_floor_usage":[6,16,16,21,21,22,24,33],"damage_taken":[{"damage":3,"enemies":"Jaw Worm","floor":1,"turns":5},{"damage":7,"enemies":"2 Louse","floor":2,"turns":2},{"damage":1,"enemies":"Cultist","floor":4,"turns":3},{"damage":0,"enemies":"2 Fungi Beasts","floor":5,"turns":2},{"damage":16,"enemies":"3 Sentries","floor":6,"turns":6},{"damage":5,"enemies":"Looter","floor":13,"turns":2},{"damage":15,"enemies":"Exordium Thugs","floor":14,"turns":3},{"damage":22,"enemies":"The Guardian","floor":16,"turns":7},{"damage":0,"enemies":"Spheric Guardian","floor":18,"turns":1},{"damage":0,"enemies":"Chosen","floor":19,"turns":3},{"damage":0,"enemies":"Snake Plant","floor":21,"turns":1},{"damage":0,"enemies":"Masked Bandits","floor":22,"turns":3},{"damage":22,"enemies":"Book of Stabbing","floor":24,"turns":4},{"damage":8,"enemies":"Cultist and Chosen","floor":29,"turns":4},{"damage":1,"enemies":"Centurion and Healer","floor":31,"turns":3},{"damage":67,"enemies":"Champ","floor":33,"turns":7}],"event_choices":[{"event_name":"Scrap Ooze","player_choice":"success","floor":3,"damage_taken":18},{"event_name":"Liars Game","player_choice":"agreed","floor":8,"damage_taken":0},{"event_name":"Bonfire Elementals","player_choice":"CURSE","floor":12,"damage_taken":0},{"event_name":"The Mausoleum","player_choice":"Yes","floor":20,"damage_taken":0},{"event_name":"Masked Bandits","player_choice":"Fought over 202 gold","floor":22,"damage_taken":0}],"boss_relics":[{"not_picked":["Orrery","Ectoplasm"],"picked":"Mark of Pain"}],"potions_floor_spawned":[4,5,13,14,16,18,19,21,31],"seed_played":"-3018198176989413064","killed_by":"Champ","ascension_level":0,"is_trial":false}