{"gold_per_floor":[114,114,114,134,36,61,61,91,142,157,186,215,251,290,302,392,404,391,419,0,0,28,53,53,78,78,105,105,61,95,114,114,188,188,201,201,215,215,437,462,562,562,562,462,462,477,509,4,4,4],"floor_reached":50,"playtime":2092,"items_purged":["Strike_B","Dualcast","Strike_B"],"score":1350,"play_id":"8b8745f8-7453-4254-a874-0678d05728b7","local_time":"20181219173054","is_ascension_mode":true,"campfire_choices":[{"data":"Storm","floor":15.0,"key":"SMITH"},{"floor":24.0,"key":"REST"},{"data":"Defragment","floor":28.0,"key":"SMITH"},{"floor":32.0,"key":"REST"},{"data":"Defragment","floor":42,"key":"SMITH"},{"data":"Amplify","floor":45,"key":"SMITH"},{"floor":49,"key":"RECALL"}],"neow_cost":"NONE","seed_source_timestamp":0,"circlet_count":0,"master_deck":["AscendersBane","Defend_B","Defend_B","Defend_B","Zap+1","Coolheaded","Ball Lightning","Compile Driver","Static Discharge","BootSequence","Defragment+1","Genetic Algorithm","Glacier","Storm+1","Storm","Electrodynamics","Chill","Storm","Recycle","White Noise","Defragment+1","Turbo","Defragment","Amplify+1","Defragment","Double Energy+1","Meteor Strike","Self Repair+1","Defragment","Defragment","Loop"],"special_seed":0,"relics":["Cracked Core","NeowsBlessing","Centennial Puzzle","Strawberry","Anchor","MawBank","PreservedInsect","Turnip","Runic Pyramid","Gremlin Horn","Red Mask","Cables","Pen Nib","Nunchaku","Bronze Scales","Mercury Hourglass","Empty Cage","Pocketwatch","Ginger","Calipers","Ice Cream"],"potions_floor_usage":[40,50,50],"damage_taken":[{"damage":0.0,"enemies":"2 Louse","floor":1.0,"turns":1.0},{"damage":0.0,"enemies":"Small Slimes","floor":4.0,"turns":1.0},{"damage":0.0,"enemies":"3 Sentries","floor":6.0,"turns":1.0},{"damage":10.0,"enemies":"Lagavulin","floor":8.0,"turns":6.0},{"damage":0.0,"enemies":"Jaw Worm","floor":10.0,"turns":3.0},{"damage":34.0,"enemies":"3 Sentries","floor":11.0,"turns":8.0},{"damage":2.0,"enemies":"Looter","floor":12.0,"turns":3.0},{"damage":6.0,"enemies":"Lagavulin","floor":14.0,"turns":5.0},{"damage":2.0,"enemies":"Slime Boss","floor":16.0,"turns":6.0},{"damage":14.0,"enemies":"2 Thieves","floor":18.0,"turns":4.0},{"damage":1.0,"enemies":"Spheric Guardian","floor":19.0,"turns":5.0},{"damage":23.0,"enemies":"Masked Bandits","floor":22.0,"turns":4.0},{"damage":16.0,"enemies":"Book of Stabbing","floor":23.0,"turns":4.0},{"damage":4.0,"enemies":"Slavers","floor":25.0,"turns":3.0},{"damage":0.0,"enemies":"Gremlin Leader","floor":27.0,"turns":3.0},{"damage":9.0,"enemies":"Book of Stabbing","floor":30.0,"turns":3.0},{"damage":5.0,"enemies":"Shelled Parasite and Fungi","floor":31.0,"turns":3.0},{"damage":35.0,"enemies":"Champ","floor":33.0,"turns":7.0},{"damage":0,"enemies":"Orb Walker","floor":35,"turns":3},{"damage":0,"enemies":"3 Shapes","floor":37,"turns":3},{"damage":25,"enemies":"Nemesis","floor":40,"turns":5},{"damage":0,"enemies":"Mind Bloom Boss Battle","floor":41,"turns":4},{"damage":3,"enemies":"3 Darklings","floor":46,"turns":2},{"damage":2,"enemies":"Reptomancer","floor":47,"turns":3},{"damage":61,"enemies":"Awakened One","floor":50,"turns":3}],"seed_played":"-5071469086780316721","potions_obtained":[{"floor":1.0,"key":"Swift Potion"},{"floor":6.0,"key":"SpeedPotion"},{"floor":11.0,"key":"PowerPotion"},{"floor":14.0,"key":"Block Potion"},{"floor":16.0,"key":"GamblersBrew"},{"floor":41,"key":"FearPotion"},{"floor":46,"key":"SkillPotion"}],"is_trial":false,"path_per_floor":["M","?","?","M","$","E","?","E","T","M","E","M","T","E","R","B",null,"M","M","$","?","?","E","R","E","T","E","R","$","E","M","R","B",null,"M","?","M","?","?","E","?","R","T","$","R","M","E","$","R","B"],"character_chosen":"DEFECT","items_purchased":["Compile Driver","Static Discharge","Storm","Gremlin Horn","Defragment","Ice Cream","Loop"],"campfire_rested":2,"item_purchase_floors":[5,5,20,20,29,48,48],"current_hp_per_floor":[64,69,69,69,69,69,69,66,66,66,32,30,30,24,24,22,68,54,53,53,53,30,14,38,34,34,34,34,34,25,20,44,9,65,65,65,65,65,65,40,40,40,40,40,40,47,55,55,55,0],"gold":4,"neow_bonus":"THREE_ENEMY_KILL","is_prod":false,"is_daily":false,"chose_seed":false,"campfire_upgraded":4,"win_rate":0,"timestamp":1545237054,"path_taken":["M","?","?","M","$","E","?","E","T","M","E","M","?","E","R","BOSS","M","M","$","?","?","E","R","E","T","E","R","$","E","M","R","BOSS","M","?","M","?","?","E","?","R","T","$","R","M","E","?","R","BOSS"],"build_version":"2018-12-17","purchased_purges":3,"victory":false,"max_hp_per_floor":[71,76,76,76,76,76,76,83,83,83,83,83,83,83,83,83,83,83,83,83,83,83,83,83,83,83,83,83,83,83,83,83,83,83,83,83,83,79,79,79,79,79,79,79,79,79,79,79,79,79],"card_choices":[{"not_picked":["Self Repair","Scrape"],"picked":"Coolheaded","floor":1.0},{"not_picked":["Redo","Compile Driver"],"picked":"Ball Lightning","floor":4.0},{"not_picked":["Barrage","Scrape"],"picked":"BootSequence","floor":6.0},{"not_picked":["Sweeping Beam","Reboot"],"picked":"Defragment","floor":8.0},{"not_picked":["Rebound","Gash"],"picked":"Genetic Algorithm","floor":10.0},{"not_picked":["Scrape","Skim"],"picked":"Glacier","floor":11.0},{"not_picked":["Stack","Go for the Eyes"],"picked":"Storm","floor":12.0},{"not_picked":["Seek","Redo"],"picked":"Storm","floor":14.0},{"not_picked":["Machine Learning","Meteor Strike"],"picked":"Electrodynamics","floor":16.0},{"not_picked":["Sweeping Beam","Go for the Eyes"],"picked":"Chill","floor":18.0},{"not_picked":["Fusion","Stack","Rebound"],"picked":"SKIP","floor":19.0},{"not_picked":["Streamline","Redo"],"picked":"Recycle","floor":22.0},{"not_picked":["Multi-Cast","Hello World"],"picked":"White Noise","floor":23.0},{"not_picked":["Seek","Static Discharge"],"picked":"Defragment","floor":25.0},{"not_picked":["Force Field","Coolheaded"],"picked":"Turbo","floor":27.0},{"not_picked":["Recycle","All For One","Ball Lightning"],"picked":"SKIP","floor":30.0},{"not_picked":["Go for the Eyes","Aggregate","Conserve Battery"],"picked":"SKIP","floor":31.0},{"not_picked":["Machine Learning","Hyperbeam"],"picked":"Amplify","floor":33.0},{"not_picked":["Stack","Recycle"],"picked":"Defragment","floor":35},{"not_picked":["Scrape","Streamline"],"picked":"Double Energy+1","floor":37},{"not_picked":["Reinforced Body","Stack"],"picked":"Meteor Strike","floor":40},{"not_picked":["Force Field","Hologram"],"picked":"Self Repair+1","floor":41},{"not_picked":["Streamline","Hologram+1"],"picked":"Defragment","floor":46},{"not_picked":["Redo","Multi-Cast"],"picked":"Defragment","floor":47}],"player_experience":1046314,"relics_obtained":[{"floor":6.0,"key":"Centennial Puzzle"},{"floor":8.0,"key":"Strawberry"},{"floor":9.0,"key":"Anchor"},{"floor":11.0,"key":"MawBank"},{"floor":13.0,"key":"PreservedInsect"},{"floor":14.0,"key":"Turnip"},{"floor":22.0,"key":"Red Mask"},{"floor":23.0,"key":"Cables"},{"floor":25.0,"key":"Pen Nib"},{"floor":26.0,"key":"Nunchaku"},{"floor":27.0,"key":"Bronze Scales"},{"floor":30.0,"key":"Mercury Hourglass"},{"floor":40,"key":"Pocketwatch"},{"floor":41,"key":"Ginger"},{"floor":47,"key":"Calipers"}],"event_choices":[{"damage_healed":0.0,"max_hp_gain":5.0,"max_hp_loss":0.0,"gold_gain":0.0,"event_name":"Big Fish","player_choice":"Donut","floor":2.0,"gold_loss":0.0,"damage_taken":0.0},{"damage_healed":0.0,"max_hp_gain":0.0,"max_hp_loss":0.0,"gold_gain":0.0,"event_name":"Living Wall","player_choice":"Grow","floor":3.0,"gold_loss":0.0,"damage_taken":0.0,"cards_upgraded":["Zap"]},{"damage_healed":0.0,"max_hp_gain":0.0,"max_hp_loss":0.0,"gold_gain":0.0,"event_name":"The Cleric","player_choice":"Leave","floor":7.0,"gold_loss":0.0,"damage_taken":0.0},{"damage_healed":0.0,"max_hp_gain":0.0,"max_hp_loss":0.0,"gold_gain":0.0,"event_name":"The Mausoleum","player_choice":"Ignored","floor":21.0,"gold_loss":0.0,"damage_taken":0.0},{"damage_healed":0.0,"max_hp_gain":0.0,"max_hp_loss":0.0,"gold_gain":0.0,"event_name":"Masked Bandits","player_choice":"Fought Bandits","floor":22.0,"gold_loss":0.0,"damage_taken":0.0},{"cards_removed":["Strike_B"],"damage_healed":0,"gold_gain":0,"player_choice":"Removed Attack","damage_taken":0,"max_hp_gain":0,"max_hp_loss":0,"event_name":"Falling","floor":36,"gold_loss":0},{"damage_healed":0,"gold_gain":0,"player_choice":"Max HP","damage_taken":0,"max_hp_gain":0,"max_hp_loss":4,"event_name":"Winding Halls","floor":38,"gold_loss":0},{"damage_healed":0,"gold_gain":222,"player_choice":"Wore Mask","damage_taken":0,"max_hp_gain":0,"max_hp_loss":0,"event_name":"Tomb of Lord Red Mask","floor":39,"gold_loss":0},{"damage_healed":0,"gold_gain":0,"player_choice":"Fight","damage_taken":0,"max_hp_gain":0,"max_hp_loss":0,"event_name":"MindBloom","floor":41,"gold_loss":0}],"is_beta":true,"boss_relics":[{"not_picked":["Lizard Tail","Runic Dome"],"picked":"Runic Pyramid"},{"not_picked":["Eternal Feather","White Beast Statue"],"picked":"Empty Cage"}],"items_purged_floors":[20,44,48],"is_endless":false,"potions_floor_spawned":[1,6,11,14,16,19,23,25,27,33,37,41,46,47],"killed_by":"Awakened One","ascension_level":20}