{"gold_per_floor":[115,135,135,135,51,80,80,90,115,31,44,75,86,105,105,179,179,197,214,214,214,21,21,21],"floor_reached":24,"playtime":2698,"items_purged":[],"score":393,"play_id":"bba42a48-8126-4d89-aaf7-b2f606e0fb0c","local_time":"20181031085939","is_ascension_mode":true,"campfire_choices":[{"data":"Dash","floor":7,"key":"SMITH"},{"data":"Catalyst","floor":15,"key":"SMITH"},{"data":"RitualDagger","floor":23,"key":"SMITH"}],"neow_cost":"NONE","seed_source_timestamp":3891303770016,"circlet_count":0,"master_deck":["Defend_G","Defend_G","Defend_G","Defend_G","Defend_G","Strike_G","Strike_G+1","Strike_G","Strike_G","Strike_G","Survivor+1","Neutralize","AscendersBane","Skewer+1","Deadly Poison","Dash+1","Deadly Poison","Quick Slash","Backstab","Dramatic Entrance","Burst","Catalyst+1","Acrobatics","Night Terror","Skewer+1","PiercingWail","RitualDagger+1"],"relics":["Ring of the Snake","NeowsBlessing","Strawberry","Omamori","Blood Vial","Velvet Choker","Vajra","Medical Kit"],"potions_floor_usage":[12,18],"damage_taken":[{"damage":0,"enemies":"2 Louse","floor":1,"turns":1},{"damage":0,"enemies":"Jaw Worm","floor":2,"turns":1},{"damage":0,"enemies":"Gremlin Nob","floor":6,"turns":1},{"damage":0,"enemies":"Small Slimes","floor":8,"turns":3},{"damage":0,"enemies":"Blue Slaver","floor":11,"turns":2},{"damage":17,"enemies":"Lagavulin","floor":12,"turns":5},{"damage":0,"enemies":"Lots of Slimes","floor":13,"turns":3},{"damage":7,"enemies":"Exordium Thugs","floor":14,"turns":4},{"damage":13,"enemies":"Hexaghost","floor":16,"turns":8},{"damage":16,"enemies":"Spheric Guardian","floor":18,"turns":4},{"damage":9,"enemies":"3 Byrds","floor":19,"turns":6},{"damage":40,"enemies":"Slavers","floor":24,"turns":2}],"seed_played":"-4008348704466687557","potions_obtained":[{"floor":1,"key":"SneckoOil"},{"floor":8,"key":"PowerPotion"},{"floor":14,"key":"Weak Potion"},{"floor":18,"key":"Fruit Juice"}],"is_trial":false,"path_per_floor":["M","M","?","?","$","E","R","M","T","$","M","E","M","M","R","B",null,"M","M","?","?","$","R","E"],"character_chosen":"THE_SILENT","items_purchased":["Dash","Deadly Poison","Dramatic Entrance","Medical Kit"],"campfire_rested":0,"item_purchase_floors":[5,5,10,22],"current_hp_per_floor":[59,59,59,46,46,53,53,53,53,53,53,36,38,33,33,22,60,51,44,38,38,38,38,0],"gold":21,"neow_bonus":"THREE_ENEMY_KILL","is_prod":false,"is_daily":false,"chose_seed":false,"campfire_upgraded":3,"win_rate":0,"timestamp":1540972779,"path_taken":["M","M","?","?","$","E","R","M","T","?","M","E","M","M","R","BOSS","M","M","?","?","$","R","E"],"build_version":"2018-10-30","purchased_purges":0,"victory":false,"max_hp_per_floor":[66,66,66,66,66,73,73,73,73,73,73,73,73,73,73,73,73,78,78,78,78,78,78,78],"card_choices":[{"not_picked":["Eviscerate","Reflex"],"picked":"Skewer","floor":1},{"not_picked":["Underhanded Strike","Slice"],"picked":"Deadly Poison","floor":2},{"not_picked":["Dagger Throw","Setup"],"picked":"Quick Slash","floor":6},{"not_picked":["Masterful Stab","Distraction"],"picked":"Backstab","floor":8},{"not_picked":["Reflex","Prepared","Accuracy"],"picked":"SKIP","floor":11},{"not_picked":["Cloak And Dagger","Night Terror"],"picked":"Burst","floor":12},{"not_picked":["Bane","Acrobatics"],"picked":"Catalyst","floor":13},{"not_picked":["Prepared","Blade Dance"],"picked":"Acrobatics","floor":14},{"not_picked":["Wraith Form v2","Envenom"],"picked":"Night Terror","floor":16},{"not_picked":["Blur","Finisher"],"picked":"Skewer+1","floor":18},{"not_picked":["Terror","Underhanded Strike"],"picked":"PiercingWail","floor":19}],"player_experience":724981,"relics_obtained":[{"floor":6,"key":"Strawberry"},{"floor":9,"key":"Omamori"},{"floor":12,"key":"Blood Vial"}],"event_choices":[{"damage_healed":0,"gold_gain":0,"player_choice":"Grow","damage_taken":0,"max_hp_gain":0,"max_hp_loss":0,"event_name":"Living Wall","floor":3,"gold_loss":0,"cards_upgraded":["Skewer"]},{"damage_healed":0,"gold_gain":0,"player_choice":"Entered Light","damage_taken":13,"max_hp_gain":0,"max_hp_loss":0,"event_name":"Shining Light","floor":4,"gold_loss":0,"cards_upgraded":["Survivor","Strike_G"]},{"damage_healed":0,"gold_gain":0,"player_choice":"Joined the Cult","damage_taken":6,"max_hp_gain":0,"max_hp_loss":0,"event_name":"Nest","floor":20,"gold_loss":0,"cards_obtained":["RitualDagger"]},{"damage_healed":0,"gold_gain":0,"player_choice":"Opened","damage_taken":0,"relics_obtained":["Vajra"],"max_hp_gain":0,"max_hp_loss":0,"event_name":"The Mausoleum","floor":21,"gold_loss":0}],"is_beta":true,"boss_relics":[{"not_picked":["Ring of the Serpent","Snecko Eye"],"picked":"Velvet Choker"}],"items_purged_floors":[],"is_endless":false,"potions_floor_spawned":[1,8,14,16,18],"killed_by":"Slavers","ascension_level":14}