{"gold_per_floor":[111,51,63,77,77,112,122,122,173,202,202,232,292,307,307,409,409,427,180,192,209,13,45,45,45,72,103,103,122,122,150,150,150],"floor_reached":33,"playtime":2148,"items_purged":[],"score":455,"play_id":"986e0ea4-33fd-409b-bdec-76d1b7471143","local_time":"20180916175101","is_ascension_mode":true,"campfire_choices":[{"data":"Noxious Fumes","floor":8,"key":"SMITH"},{"data":"Sucker Punch","floor":11,"key":"SMITH"},{"data":"Footwork","floor":15,"key":"SMITH"},{"data":"Catalyst","floor":24,"key":"SMITH"},{"data":"Dash","floor":28,"key":"SMITH"},{"data":"Terror","floor":32,"key":"SMITH"}],"neow_cost":"","seed_source_timestamp":28400657211290,"circlet_count":0,"master_deck":["Defend_G","Defend_G","Defend_G","Defend_G","Defend_G","Strike_G","Strike_G","Strike_G","Strike_G","Strike_G","Survivor","Neutralize","AscendersBane","Riddle With Holes","Footwork+1","PiercingWail","Cloak And Dagger","Noxious Fumes+1","Sucker Punch+1","Dash+1","Deflect","Die Die Die","Backstab","Dagger Spray+1","Catalyst+1","Blade Dance","Night Terror","Blur+1","Terror+1"],"relics":["Ring of the Snake","Mercury Hourglass","PreservedInsect","Strawberry","Juzu Bracelet","Potion Belt","Black Star","Meat on the Bone","Lee\u0027s Waffle","Paper Crane","Sundial","Vajra","Darkstone Periapt","Dodecahedron","Red Mask"],"potions_floor_usage":[10,16,21,23,33,33,33,33],"damage_taken":[{"damage":2,"enemies":"Cultist","floor":1,"turns":4},{"damage":0,"enemies":"Small Slimes","floor":3,"turns":3},{"damage":0,"enemies":"2 Louse","floor":4,"turns":2},{"damage":9,"enemies":"3 Sentries","floor":6,"turns":8},{"damage":0,"enemies":"2 Fungi Beasts","floor":7,"turns":3},{"damage":15,"enemies":"Gremlin Nob","floor":10,"turns":4},{"damage":8,"enemies":"3 Sentries","floor":12,"turns":4},{"damage":8,"enemies":"Exordium Thugs","floor":14,"turns":4},{"damage":8,"enemies":"Slime Boss","floor":16,"turns":10},{"damage":0,"enemies":"3 Byrds","floor":18,"turns":4},{"damage":28,"enemies":"Shell Parasite","floor":20,"turns":7},{"damage":6,"enemies":"Shelled Parasite and Fungi","floor":21,"turns":7},{"damage":41,"enemies":"Book of Stabbing","floor":23,"turns":5},{"damage":13,"enemies":"Slavers","floor":27,"turns":5},{"damage":9,"enemies":"Centurion and Healer","floor":29,"turns":6},{"damage":16,"enemies":"Masked Bandits","floor":31,"turns":4},{"damage":58,"enemies":"Champ","floor":33,"turns":13}],"seed_played":"2913569814352205823","potions_obtained":[{"floor":4,"key":"SteroidPotion"},{"floor":6,"key":"Block Potion"},{"floor":7,"key":"Weak Potion"},{"floor":14,"key":"Energy Potion"},{"floor":18,"key":"Poison Potion"},{"floor":23,"key":"Weak Potion"},{"floor":27,"key":"Fire Potion"},{"floor":31,"key":"FearPotion"}],"is_trial":false,"path_per_floor":["M","?","M","M","$","E","M","R","T","E","R","E","?","M","R","B",null,"M","$","M","M","$","E","R","?","T","E","R","M","?","?","R"],"character_chosen":"THE_SILENT","items_purchased":["Meat on the Bone","Lee\u0027s Waffle"],"campfire_rested":0,"item_purchase_floors":[19,22],"current_hp_per_floor":[61,61,61,61,61,52,52,52,59,44,44,36,36,28,28,20,63,63,63,47,41,84,43,43,43,43,42,42,45,73,57,57,0],"gold":150,"neow_bonus":"","is_prod":false,"is_daily":false,"chose_seed":false,"campfire_upgraded":6,"win_rate":0,"timestamp":1537113061,"path_taken":["M","?","M","M","$","E","M","R","T","E","R","E","?","M","R","BOSS","M","$","M","M","$","E","R","?","T","E","R","M","?","?","R","BOSS"],"build_version":"2018-09-12","purchased_purges":0,"victory":false,"max_hp_per_floor":[70,70,70,70,70,70,70,70,77,77,77,77,77,77,77,77,77,77,77,77,77,84,84,84,84,84,84,84,84,84,84,84,84],"card_choices":[{"not_picked":["Underhanded Strike","Bane"],"picked":"Riddle With Holes","floor":1},{"not_picked":["Poisoned Stab","Flying Knee"],"picked":"Footwork","floor":3},{"not_picked":["Reflex","Backflip"],"picked":"PiercingWail","floor":4},{"not_picked":["Bane","Deadly Poison"],"picked":"Cloak And Dagger","floor":6},{"not_picked":["Backflip","Deadly Poison"],"picked":"Noxious Fumes","floor":7},{"not_picked":["Wraith Form v2","All Out Attack"],"picked":"Sucker Punch","floor":10},{"not_picked":["Quick Slash","Flechettes"],"picked":"Dash","floor":12},{"not_picked":["Dodge and Roll","Prepared"],"picked":"Deflect","floor":14},{"not_picked":["Glass Knife","A Thousand Cuts"],"picked":"Die Die Die","floor":16},{"not_picked":["Dodge and Roll","Quick Slash"],"picked":"Backstab","floor":18},{"not_picked":["PiercingWail","Concentrate"],"picked":"Dagger Spray+1","floor":20},{"not_picked":["Deadly Poison","Blade Dance"],"picked":"Catalyst","floor":21},{"not_picked":["Cloak And Dagger","Poisoned Stab"],"picked":"Blade Dance","floor":23},{"not_picked":["Tools of the Trade","Flying Knee"],"picked":"Night Terror","floor":27},{"not_picked":["Dodge and Roll+1","Predator"],"picked":"Blur+1","floor":29},{"not_picked":["PiercingWail","Underhanded Strike"],"picked":"Terror","floor":31}],"player_experience":448451,"relics_obtained":[{"floor":6,"key":"PreservedInsect"},{"floor":9,"key":"Strawberry"},{"floor":10,"key":"Juzu Bracelet"},{"floor":12,"key":"Potion Belt"},{"floor":23,"key":"Paper Crane"},{"floor":23,"key":"Sundial"},{"floor":26,"key":"Vajra"},{"floor":27,"key":"Darkstone Periapt"},{"floor":27,"key":"Dodecahedron"},{"floor":31,"key":"Red Mask"}],"event_choices":[{"event_name":"WeMeetAgain","player_choice":"Gold","floor":2,"damage_taken":0},{"event_name":"Golden Wing","player_choice":"Gained Gold","floor":13,"damage_taken":0},{"event_name":"Vampires","player_choice":"Ignored","floor":25,"damage_taken":0},{"event_name":"The Library","player_choice":"Heal","floor":30,"damage_taken":0},{"event_name":"Masked Bandits","player_choice":"Fought Bandits","floor":31,"damage_taken":0}],"is_beta":true,"boss_relics":[{"not_picked":["Empty Cage","Pandora\u0027s Box"],"picked":"Black Star"}],"items_purged_floors":[],"is_endless":false,"potions_floor_spawned":[4,6,7,14,18,23,27,31],"killed_by":"Champ","ascension_level":10}