{"gold_per_floor":[168,184,199,214,233,233,233,265,265,284,14,14,14,43,43,146,146,156,167,182,194,204,204],"floor_reached":23,"playtime":1263,"items_purged":[],"score":279,"play_id":"928d7651-0950-450a-9522-e34c700d02f9","local_time":"20181125202757","is_ascension_mode":true,"campfire_choices":[{"floor":6,"key":"REST"},{"floor":13,"key":"REST"},{"floor":15,"key":"REST"}],"neow_cost":"NONE","seed_source_timestamp":422579002044080,"circlet_count":0,"master_deck":["Defend_G","Defend_G","Defend_G","Defend_G","Defend_G","Strike_G","Strike_G","Strike_G+1","Strike_G","Strike_G","Survivor","Neutralize","Noxious Fumes+1","Backflip","Catalyst","Footwork+1","Dash","Crippling Poison","Footwork","Die Die Die","Blur","PiercingWail"],"relics":["Tiny House","Anchor","Singing Bowl","TwistedFunnel","Happy Flower","Black Star"],"potions_floor_usage":[8,10,20,22,23],"damage_taken":[{"damage":0,"enemies":"Small Slimes","floor":1,"turns":3},{"damage":1,"enemies":"Cultist","floor":2,"turns":4},{"damage":5,"enemies":"2 Louse","floor":3,"turns":4},{"damage":37,"enemies":"Gremlin Gang","floor":4,"turns":6},{"damage":14,"enemies":"Exordium Thugs","floor":5,"turns":5},{"damage":29,"enemies":"3 Sentries","floor":8,"turns":8},{"damage":0,"enemies":"Red Slaver","floor":10,"turns":7},{"damage":8,"enemies":"Gremlin Nob","floor":14,"turns":4},{"damage":22,"enemies":"Slime Boss","floor":16,"turns":13},{"damage":2,"enemies":"Chosen","floor":18,"turns":6},{"damage":19,"enemies":"Spheric Guardian","floor":19,"turns":5},{"damage":21,"enemies":"Shelled Parasite and Fungi","floor":20,"turns":5},{"damage":0,"enemies":"Snecko","floor":21,"turns":6},{"damage":21,"enemies":"3 Cultists","floor":22,"turns":5},{"damage":31,"enemies":"Gremlin Leader","floor":23,"turns":8}],"seed_played":"-5905638371647698275","potions_obtained":[{"floor":0,"key":"SneckoOil"},{"floor":5,"key":"SpeedPotion"},{"floor":8,"key":"Energy Potion"},{"floor":10,"key":"Swift Potion"},{"floor":14,"key":"Strength Potion"},{"floor":16,"key":"Explosive Potion"},{"floor":18,"key":"Poison Potion"},{"floor":22,"key":"Regen Potion"}],"is_trial":false,"path_per_floor":["M","M","M","M","M","R","?","E","T","M","$","?","R","E","R","B",null,"M","M","M","M","M","E"],"character_chosen":"THE_SILENT","items_purchased":["TwistedFunnel","Footwork"],"campfire_rested":3,"item_purchase_floors":[11,11],"current_hp_per_floor":[68,67,62,25,11,33,33,4,4,4,4,4,26,20,43,21,63,63,46,27,27,6,0],"gold":204,"neow_bonus":"BOSS_RELIC","is_prod":false,"is_daily":false,"chose_seed":false,"campfire_upgraded":0,"win_rate":0,"timestamp":1543148877,"path_taken":["M","M","M","M","M","R","?","E","T","?","$","?","R","E","R","BOSS","M","M","M","?","M","E"],"build_version":"2018-11-15","purchased_purges":0,"victory":false,"max_hp_per_floor":[75,75,75,75,75,75,75,75,75,75,75,75,75,77,77,77,77,79,81,83,83,83,83],"card_choices":[{"not_picked":["Deflect","Deadly Poison"],"picked":"Noxious Fumes","floor":0},{"not_picked":["Bane","Dash"],"picked":"Backflip","floor":1},{"not_picked":["Reflex","Concentrate"],"picked":"Catalyst","floor":2},{"not_picked":["Cloak And Dagger","Bouncing Flask"],"picked":"Footwork","floor":3},{"not_picked":["Finisher","Quick Slash"],"picked":"Dash","floor":4},{"not_picked":["Slice","Distraction","Bouncing Flask"],"picked":"SKIP","floor":5},{"not_picked":["Outmaneuver","Flying Knee","Underhanded Strike"],"picked":"SKIP","floor":8},{"not_picked":["Bane","Flying Knee"],"picked":"Crippling Poison","floor":10},{"not_picked":["Slice","Cloak And Dagger","Acrobatics"],"picked":"Singing Bowl","floor":14},{"not_picked":["Night Terror","Bullet Time"],"picked":"Die Die Die","floor":16},{"not_picked":["Flying Knee","Bane+1","Backflip"],"picked":"Singing Bowl","floor":18},{"not_picked":["Poisoned Stab","Bouncing Flask","Outmaneuver"],"picked":"Singing Bowl","floor":19},{"not_picked":["Infinite Blades","Flechettes+1","All Out Attack"],"picked":"Singing Bowl","floor":20},{"not_picked":["Dagger Throw","Cloak And Dagger"],"picked":"Blur","floor":21},{"not_picked":["Prepared","Dodge and Roll"],"picked":"PiercingWail","floor":22}],"player_experience":277862,"relics_obtained":[{"floor":8,"key":"Anchor"},{"floor":9,"key":"Singing Bowl"},{"floor":14,"key":"Happy Flower"}],"event_choices":[{"damage_healed":0,"gold_gain":0,"player_choice":"Forge","damage_taken":0,"max_hp_gain":0,"max_hp_loss":0,"event_name":"Accursed Blacksmith","floor":7,"gold_loss":0,"cards_upgraded":["Noxious Fumes"]},{"damage_healed":0,"gold_gain":0,"player_choice":"Upgraded","damage_taken":0,"max_hp_gain":0,"max_hp_loss":0,"event_name":"Upgrade Shrine","floor":12,"gold_loss":0,"cards_upgraded":["Footwork"]}],"is_beta":false,"boss_relics":[{"not_picked":["Orrery","Lizard Tail"],"picked":"Black Star"}],"items_purged_floors":[],"is_endless":false,"potions_floor_spawned":[5,8,10,14,16,18,22],"killed_by":"Gremlin Leader","ascension_level":7}