{"gold_per_floor":[117,129,129,129,150,150,175,213,213,62,81,99,18,37,37,161,161,180,64,64,80,100,100,120,120,120,133,133,174,199,215,215,215],"floor_reached":33,"playtime":1098,"items_purged":[],"score":410,"play_id":"ecf4bf26-5364-4b5b-b846-3de3b3026fb9","local_time":"20180914112307","is_ascension_mode":true,"campfire_choices":[{"data":"Juggernaut","floor":6,"key":"SMITH"},{"floor":15,"key":"REST"},{"data":"Infernal Blade","floor":23,"key":"SMITH"},{"data":"Uppercut","floor":25,"key":"SMITH"},{"data":"Perfected Strike","floor":28,"key":"SMITH"},{"floor":32,"key":"REST"}],"neow_cost":"TEN_PERCENT_HP_LOSS","seed_source_timestamp":6883184957745,"circlet_count":0,"master_deck":["Strike_R","Strike_R","Strike_R","Strike_R","Strike_R","Defend_R","Defend_R","Defend_R","Defend_R","Bash","AscendersBane","Juggernaut+1","Perfected Strike","Headbutt","Perfected Strike+1","Pommel Strike","Immolate","Inflame+1","Infernal Blade+1","Inflame+1","Feed","Thunderclap","Inflame+1","Uppercut+1","Iron Wave","Iron Wave+1","Spot Weakness","Perfected Strike","Clash"],"relics":["Black Blood","Golden Idol","Mercury Hourglass","Matryoshka","Pen Nib","Frozen Egg 2","Bag of Preparation","Blood Vial","Gremlin Horn"],"potions_floor_usage":[16,16,21,21,22,29,29,29,31,33],"damage_taken":[{"damage":14,"enemies":"Cultist","floor":1,"turns":5},{"damage":9,"enemies":"Jaw Worm","floor":2,"turns":4},{"damage":0,"enemies":"2 Louse","floor":5,"turns":2},{"damage":6,"enemies":"Blue Slaver","floor":7,"turns":3},{"damage":30,"enemies":"3 Sentries","floor":8,"turns":5},{"damage":0,"enemies":"Gremlin Gang","floor":11,"turns":1},{"damage":7,"enemies":"Looter","floor":12,"turns":3},{"damage":0,"enemies":"Lots of Slimes","floor":14,"turns":1},{"damage":36,"enemies":"The Guardian","floor":16,"turns":9},{"damage":1,"enemies":"Spheric Guardian","floor":18,"turns":3},{"damage":46,"enemies":"Shell Parasite","floor":21,"turns":5},{"damage":24,"enemies":"Snake Plant","floor":22,"turns":3},{"damage":3,"enemies":"Snecko","floor":24,"turns":3},{"damage":3,"enemies":"Centurion and Healer","floor":27,"turns":5},{"damage":37,"enemies":"Book of Stabbing","floor":29,"turns":5},{"damage":5,"enemies":"Chosen and Byrds","floor":30,"turns":3},{"damage":5,"enemies":"Snecko","floor":31,"turns":3},{"damage":106,"enemies":"Automaton","floor":33,"turns":6}],"seed_played":"2335848665347161069","potions_obtained":[{"floor":5,"key":"Block Potion"},{"floor":12,"key":"Weak Potion"},{"floor":16,"key":"EntropicBrew"},{"floor":21,"key":"SteroidPotion"},{"floor":24,"key":"Energy Potion"},{"floor":29,"key":"Energy Potion"},{"floor":30,"key":"Fire Potion"}],"is_trial":false,"path_per_floor":["M","M","?","?","M","R","M","E","T","$","M","M","$","M","R","B",null,"M","$","?","M","M","R","M","R","T","M","R","E","M","M","R"],"character_chosen":"IRONCLAD","items_purchased":["BloodPotion","Inflame+1","Inflame+1","Inflame+1","Uppercut"],"campfire_rested":2,"item_purchase_floors":[10,10,13,19,19],"current_hp_per_floor":[64,61,43,25,31,31,31,7,7,7,13,12,12,18,39,9,56,65,65,65,36,22,22,29,29,29,41,41,16,26,33,56,0],"gold":215,"neow_bonus":"THREE_RARE_CARDS","is_prod":false,"is_daily":false,"chose_seed":false,"campfire_upgraded":4,"win_rate":0,"timestamp":1536916987,"path_taken":["M","M","?","?","M","R","M","E","T","?","M","M","$","M","R","BOSS","M","$","?","?","M","R","M","R","T","M","R","E","M","?","R","BOSS"],"build_version":"2018-09-12","purchased_purges":0,"victory":false,"max_hp_per_floor":[72,72,72,72,72,72,72,72,72,72,72,72,72,72,72,72,72,72,72,72,72,72,72,72,72,72,75,75,75,78,78,78,78],"card_choices":[{"not_picked":["Exhume","Impervious"],"picked":"Juggernaut","floor":0},{"not_picked":["Twin Strike","Power Through"],"picked":"Perfected Strike","floor":1},{"not_picked":["Pommel Strike","Headbutt","Anger"],"picked":"SKIP","floor":2},{"not_picked":["Pommel Strike","Anger"],"picked":"Headbutt","floor":2},{"not_picked":["Armaments","Battle Trance"],"picked":"Perfected Strike","floor":5},{"not_picked":["Infernal Blade","Rupture"],"picked":"Pommel Strike","floor":7},{"not_picked":["Corruption","Power Through"],"picked":"Immolate","floor":8},{"not_picked":["Warcry","Battle Trance"],"picked":"Disarm","floor":11},{"not_picked":["Evolve+1","Ghostly Armor"],"picked":"Infernal Blade","floor":12},{"not_picked":["Searing Blow","Sentinel","Headbutt"],"picked":"SKIP","floor":14},{"not_picked":["Barricade+1","Juggernaut+1"],"picked":"Feed","floor":16},{"not_picked":["Wild Strike","Burning Pact"],"picked":"Thunderclap","floor":18},{"not_picked":["Havoc","Hemokinesis"],"picked":"Iron Wave","floor":21},{"not_picked":["Headbutt","Rupture+1"],"picked":"Iron Wave+1","floor":22},{"not_picked":["True Grit","Clothesline"],"picked":"Spot Weakness","floor":24},{"not_picked":["Second Wind","Intimidate","Headbutt"],"picked":"SKIP","floor":27},{"not_picked":["Combust+1","Metallicize+1"],"picked":"Perfected Strike","floor":29},{"not_picked":["Clothesline","Inflame+1"],"picked":"Clash","floor":30},{"not_picked":["Reckless Charge","Bloodletting","Clothesline"],"picked":"SKIP","floor":31}],"player_experience":431823,"relics_obtained":[{"floor":8,"key":"Matryoshka"},{"floor":9,"key":"Pen Nib"},{"floor":9,"key":"Frozen Egg 2"},{"floor":26,"key":"Bag of Preparation"},{"floor":26,"key":"Blood Vial"},{"floor":29,"key":"Gremlin Horn"}],"event_choices":[{"event_name":"Golden Idol","player_choice":"Take Damage","floor":3,"damage_taken":0},{"event_name":"Scrap Ooze","player_choice":"success","floor":4,"damage_taken":18},{"event_name":"Wheel of Change","player_choice":"Card Removal","floor":20,"damage_taken":0}],"is_beta":true,"boss_relics":[{"not_picked":["Snecko Eye","Eternal Feather"],"picked":"Black Blood"}],"items_purged_floors":[],"is_endless":false,"potions_floor_spawned":[5,12,16,21,24,29,30],"killed_by":"Automaton","ascension_level":10}