{"gold_per_floor":[20,50,125,140,140,140,166,178,217,264,276,305,327,353,365,451,463,488,425,457,483,4,4,4,4],"floor_reached":25,"playtime":2155,"items_purged":[],"score":401,"play_id":"8abcf9ad-c84d-410d-bc1d-a6acc8aa5f1e","local_time":"20181209163318","is_ascension_mode":true,"campfire_choices":[{"data":"After Image","floor":6.0,"key":"SMITH"},{"data":"Neutralize","floor":8.0,"key":"SMITH"},{"data":"Footwork","floor":15.0,"key":"SMITH"},{"data":"Burst","floor":23,"key":"SMITH"}],"neow_cost":"NO_GOLD","seed_source_timestamp":0,"circlet_count":0,"master_deck":["AscendersBane","Defend_G","Defend_G","Defend_G","Defend_G","Defend_G","Strike_G","Strike_G","Strike_G","Strike_G","Survivor","Neutralize+1","After Image+1","Quick Slash","PiercingWail","Deadly Poison+1","Flying Knee","Footwork+1","Blade Dance","Caltrops","Night Terror","Cloak And Dagger","Burst+1","Dodge and Roll","RitualDagger"],"special_seed":0,"relics":["Ring of the Snake","Tiny Chest","Meat on the Bone","MawBank","Snake Skull","Orichalcum","WristBlade","Shuriken","Bronze Scales"],"potions_floor_usage":[],"damage_taken":[{"damage":0.0,"enemies":"2 Louse","floor":1.0,"turns":2.0},{"damage":0.0,"enemies":"Cultist","floor":4.0,"turns":4.0},{"damage":23.0,"enemies":"3 Sentries","floor":7.0,"turns":11.0},{"damage":15.0,"enemies":"Gremlin Nob","floor":10.0,"turns":4.0},{"damage":1.0,"enemies":"Small Slimes","floor":12.0,"turns":4.0},{"damage":0.0,"enemies":"3 Louse","floor":13.0,"turns":3.0},{"damage":1.0,"enemies":"Blue Slaver","floor":14.0,"turns":5.0},{"damage":35.0,"enemies":"The Guardian","floor":16.0,"turns":12.0},{"damage":24,"enemies":"Shell Parasite","floor":18,"turns":7},{"damage":13,"enemies":"Chosen","floor":20,"turns":6},{"damage":25,"enemies":"Shelled Parasite and Fungi","floor":21,"turns":6},{"damage":27,"enemies":"Snake Plant","floor":25,"turns":4}],"seed_played":"4551151337571011152","potions_obtained":[{"floor":4.0,"key":"Explosive Potion"},{"floor":7.0,"key":"Poison Potion"},{"floor":13.0,"key":"SteroidPotion"},{"floor":14.0,"key":"Weak Potion"},{"floor":16.0,"key":"Poison Potion"}],"is_trial":false,"path_per_floor":["M","?","?","M","T","R","E","R","T","E","?","M","M","M","R","B",null,"M","?","M","M","$","R","?","M"],"character_chosen":"THE_SILENT","items_purchased":["Shuriken","Dodge and Roll","Bronze Scales"],"campfire_rested":0,"item_purchase_floors":[22,22,22],"current_hp_per_floor":[59,54,43,43,43,43,32,32,32,29,29,40,40,39,39,16,54,42,42,41,28,28,28,22,0],"gold":4,"neow_bonus":"THREE_RARE_CARDS","is_prod":false,"is_daily":false,"chose_seed":false,"campfire_upgraded":4,"win_rate":0,"timestamp":1544369598,"path_taken":["M","?","?","M","?","R","E","R","T","E","?","?","M","?","R","BOSS","M","?","M","M","$","R","?","M"],"build_version":"2018-12-06","purchased_purges":0,"victory":false,"max_hp_per_floor":[66,66,66,66,66,66,66,66,66,66,66,66,66,66,66,66,66,66,66,66,66,66,66,66,66],"card_choices":[{"not_picked":["Burst","Wraith Form v2"],"picked":"After Image","floor":0.0},{"not_picked":["Bane","Sucker Punch"],"picked":"Quick Slash","floor":1.0},{"not_picked":["Acrobatics","Underhanded Strike"],"picked":"PiercingWail","floor":4.0},{"not_picked":["Tools of the Trade","All Out Attack"],"picked":"Deadly Poison","floor":7.0},{"not_picked":["Quick Slash","Deflect"],"picked":"Flying Knee","floor":10.0},{"not_picked":["Deadly Poison","Slice"],"picked":"Footwork","floor":12.0},{"not_picked":["Tactician","Caltrops"],"picked":"Blade Dance","floor":13.0},{"not_picked":["Underhanded Strike","Endless Agony"],"picked":"Caltrops","floor":14.0},{"not_picked":["Envenom","After Image"],"picked":"Night Terror","floor":16.0},{"not_picked":["Poisoned Stab","Dagger Throw"],"picked":"Cloak And Dagger","floor":18},{"not_picked":["Backstab","Calculated Gamble"],"picked":"Burst","floor":20},{"not_picked":["Predator","Outmaneuver","Dagger Throw"],"picked":"SKIP","floor":21}],"player_experience":994104,"relics_obtained":[{"floor":5.0,"key":"Meat on the Bone"},{"floor":7.0,"key":"MawBank"},{"floor":9.0,"key":"Snake Skull"},{"floor":10.0,"key":"Orichalcum"}],"event_choices":[{"damage_healed":0.0,"max_hp_gain":0.0,"max_hp_loss":0.0,"gold_gain":0.0,"event_name":"Scrap Ooze","player_choice":"Success","floor":2.0,"gold_loss":0.0,"damage_taken":5.0,"relics_obtained":["Tiny Chest"]},{"damage_healed":0.0,"max_hp_gain":0.0,"max_hp_loss":0.0,"gold_gain":75.0,"event_name":"World of Goop","player_choice":"Gather Gold","floor":3.0,"gold_loss":0.0,"damage_taken":11.0},{"damage_healed":0.0,"max_hp_gain":0.0,"max_hp_loss":0.0,"gold_gain":0.0,"event_name":"Upgrade Shrine","player_choice":"Upgraded","floor":11.0,"gold_loss":0.0,"damage_taken":0.0,"cards_upgraded":["Deadly Poison"]},{"cards_removed":["Strike_G"],"damage_healed":0,"gold_gain":0,"player_choice":"Gave Gold","damage_taken":0,"max_hp_gain":0,"max_hp_loss":0,"event_name":"Beggar","floor":19,"gold_loss":75},{"damage_healed":0,"gold_gain":0,"player_choice":"Joined the Cult","damage_taken":6,"max_hp_gain":0,"max_hp_loss":0,"event_name":"Nest","floor":24,"gold_loss":0,"cards_obtained":["RitualDagger"]}],"is_beta":true,"boss_relics":[{"not_picked":["HoveringKite","Lizard Tail"],"picked":"WristBlade"}],"items_purged_floors":[],"is_endless":false,"potions_floor_spawned":[4,7,13,14,16,20,21],"killed_by":"Snake Plant","ascension_level":18}