{"gold_per_floor":[117,132,132,132,57,82,82,108,108,440,521,539,539,15,15,88,88,104,104,2,17,17,47,47,47],"floor_reached":25,"playtime":755,"items_purged":["Strike_B"],"score":520,"play_id":"baf7fdd4-e458-471d-85da-8aad3ec3f064","local_time":"20190903130221","is_ascension_mode":true,"campfire_choices":[{"data":"Lockon","floor":7,"key":"SMITH"},{"data":"Zap","floor":13,"key":"SMITH"},{"data":"Static Discharge","floor":15,"key":"SMITH"},{"data":"Biased Cognition","floor":24,"key":"SMITH"}],"neow_cost":"NONE","seed_source_timestamp":188795290456571,"circlet_count":0,"master_deck":["AscendersBane","Strike_B+1","Defend_B","Defend_B","Defend_B","Defend_B","Zap+1","Dualcast","Static Discharge+1","Lockon+1","Conserve Battery","Sunder+1","Leap","Undo","Self Repair","Biased Cognition+1","Steam+1","Compile Driver","White Noise+1","Defragment","Fission+1"],"relics":["Cracked Core","NeowsBlessing","Ornamental Fan","The Courier","Whetstone","Old Coin","Kunai","Lantern","Toxic Egg 2","Vajra","Sozu","Regal Pillow"],"potions_floor_usage":[10,25,25],"damage_taken":[{"damage":0,"enemies":"Cultist","floor":1,"turns":1},{"damage":0,"enemies":"Jaw Worm","floor":2,"turns":1},{"damage":0,"enemies":"Lagavulin","floor":6,"turns":1},{"damage":21,"enemies":"3 Sentries","floor":8,"turns":7},{"damage":8,"enemies":"Gremlin Nob","floor":10,"turns":3},{"damage":0,"enemies":"Small Slimes","floor":12,"turns":2},{"damage":9,"enemies":"The Guardian","floor":16,"turns":12},{"damage":11,"enemies":"2 Thieves","floor":18,"turns":3},{"damage":12,"enemies":"Chosen","floor":21,"turns":5},{"damage":13,"enemies":"Gremlin Leader","floor":23,"turns":5},{"damage":46,"enemies":"Slavers","floor":25,"turns":4}],"seed_played":"-4359362927095306740","potions_obtained":[{"floor":8,"key":"Explosive Potion"},{"floor":10,"key":"SneckoOil"},{"floor":16,"key":"AttackPotion"}],"is_trial":false,"path_per_floor":["M","M","?","?","?","E","R","E","T","E","T","M","R","$","R","B",null,"M","T","$","M","?","E","R","E"],"character_chosen":"DEFECT","items_purchased":["Lantern","Self Repair","Toxic Egg 2","Vajra","Compile Driver"],"campfire_rested":0,"item_purchase_floors":[14,14,14,14,20],"current_hp_per_floor":[64,64,57,57,57,57,57,36,36,28,28,28,28,28,28,26,60,56,56,56,51,51,45,45,0],"gold":47,"neow_bonus":"THREE_ENEMY_KILL","is_prod":false,"is_daily":false,"chose_seed":false,"campfire_upgraded":4,"win_rate":0,"timestamp":1567508541,"path_taken":["M","?","?","?","?","E","R","E","T","E","?","?","R","?","R","BOSS","M","?","$","M","?","E","R","E"],"build_version":"2019-07-17","purchased_purges":1,"victory":false,"max_hp_per_floor":[71,71,71,71,71,71,71,71,71,71,71,71,71,71,71,71,71,71,71,71,71,71,71,71,71],"card_choices":[{"not_picked":["Streamline","Conserve Battery"],"picked":"Static Discharge","floor":1},{"not_picked":["Heatsinks","Conserve Battery"],"picked":"Lockon","floor":2},{"not_picked":["Static Discharge","Fusion"],"picked":"Conserve Battery","floor":6},{"not_picked":["Static Discharge","Creative AI"],"picked":"Sunder","floor":8},{"not_picked":["Go for the Eyes","Beam Cell"],"picked":"Leap","floor":10},{"not_picked":["Gash","Chill"],"picked":"Undo","floor":12},{"not_picked":["Multi-Cast+1","All For One"],"picked":"Biased Cognition","floor":16},{"not_picked":["Stack+1","Ball Lightning"],"picked":"Steam+1","floor":18},{"not_picked":["Cold Snap","Fusion+1"],"picked":"White Noise+1","floor":21},{"not_picked":["Aggregate+1","BootSequence+1"],"picked":"Fission+1","floor":23}],"player_experience":2003617,"relics_obtained":[{"floor":6,"key":"Ornamental Fan"},{"floor":8,"key":"The Courier"},{"floor":9,"key":"Whetstone"},{"floor":10,"key":"Old Coin"},{"floor":11,"key":"Kunai"},{"floor":23,"key":"Regal Pillow"}],"event_choices":[{"cards_removed":["Strike_B"],"damage_healed":0,"gold_gain":0,"player_choice":"Card Removal","damage_taken":7,"max_hp_gain":0,"max_hp_loss":0,"event_name":"Golden Wing","floor":3,"gold_loss":0},{"damage_healed":0,"gold_gain":0,"player_choice":"Ignored","damage_taken":0,"max_hp_gain":0,"max_hp_loss":0,"event_name":"Liars Game","floor":4,"gold_loss":0},{"cards_removed":["Strike_B"],"damage_healed":0,"gold_gain":0,"player_choice":"Card Removal","damage_taken":0,"max_hp_gain":0,"max_hp_loss":0,"event_name":"The Cleric","floor":5,"gold_loss":75},{"damage_healed":0,"gold_gain":0,"player_choice":"Read","damage_taken":0,"max_hp_gain":0,"max_hp_loss":0,"event_name":"The Library","floor":22,"gold_loss":0,"cards_obtained":["Defragment"]}],"is_beta":false,"boss_relics":[{"not_picked":["FrozenCore","Runic Dome"],"picked":"Sozu"}],"items_purged_floors":[20],"is_endless":false,"potions_floor_spawned":[8,10,16,21],"killed_by":"Slavers","ascension_level":20}