{"gold_per_floor":[118,118,128,1,19,46,46,64,118,118,143,143,161,191,191,289,289,300,175,192,218,218,253,270,280,280,309,136,136,88,104,104,201,501,516,516,532,542,320,320,354,372,372,372,372,388,405,422,422,422],"floor_reached":51,"playtime":13926,"items_purged":["Strike_B","Strike_B","Strike_B","Injury"],"score":829,"play_id":"c9e1725f-e756-4108-9105-c11453776fea","local_time":"20190211122833","is_ascension_mode":false,"campfire_choices":[{"data":"Echo Form","floor":7,"key":"SMITH"},{"data":"Loop","floor":10,"key":"SMITH"},{"data":"Redo","floor":12,"key":"SMITH"},{"data":"Coolheaded","floor":15,"key":"SMITH"},{"data":"Go for the Eyes","floor":29,"key":"SMITH"},{"data":"Chill","floor":32,"key":"SMITH"},{"data":"Defragment","floor":40,"key":"SMITH"},{"data":"Heatsinks","floor":49,"key":"SMITH"}],"neow_cost":"NONE","seed_source_timestamp":218539700132964,"circlet_count":0,"master_deck":["Strike_B+1","Defend_B+1","Defend_B+1","Defend_B+1","Defend_B+1","Zap+1","Dualcast+1","Coolheaded+1","Capacitor+1","Loop+1","Cold Snap+1","Barrage+1","Echo Form+1","FTL+1","Redo+1","Coolheaded+1","Core Surge+1","Defragment+1","Go for the Eyes+1","Streamline+1","Reboot+1","Hologram+1","Redo+1","Chill+1","Enlightenment+1","Loop+1","Seek+1","Heatsinks+1"],"relics":["Cracked Core","Bottled Flame","Omamori","Regal Pillow","Tiny Chest","Coffee Dripper","PreservedInsect","Bird Faced Urn","Mummified Hand","Shuriken","Gremlin Horn","Calling Bell","Potion Belt","Pear","Old Coin","Ancient Tea Set","Smiling Mask","Mark of the Bloom"],"potions_floor_usage":[6,18,27,34,37,37,42,50,50,50],"damage_taken":[{"damage":3,"enemies":"Small Slimes","floor":1,"turns":4},{"damage":0,"enemies":"2 Louse","floor":3,"turns":4},{"damage":0,"enemies":"Cultist","floor":5,"turns":4},{"damage":19,"enemies":"3 Sentries","floor":6,"turns":10},{"damage":2,"enemies":"Exordium Wildlife","floor":8,"turns":4},{"damage":21,"enemies":"Gremlin Nob","floor":11,"turns":5},{"damage":12,"enemies":"Gremlin Gang","floor":13,"turns":4},{"damage":0,"enemies":"Hexaghost","floor":16,"turns":11},{"damage":8,"enemies":"2 Thieves","floor":18,"turns":3},{"damage":4,"enemies":"Chosen","floor":20,"turns":5},{"damage":23,"enemies":"Book of Stabbing","floor":23,"turns":6},{"damage":8,"enemies":"Snake Plant","floor":24,"turns":4},{"damage":9,"enemies":"Centurion and Healer","floor":25,"turns":8},{"damage":19,"enemies":"Slavers","floor":27,"turns":5},{"damage":1,"enemies":"Cultist and Chosen","floor":31,"turns":5},{"damage":14,"enemies":"Automaton","floor":33,"turns":11},{"damage":7,"enemies":"Orb Walker","floor":35,"turns":7},{"damage":1,"enemies":"3 Darklings","floor":37,"turns":6},{"damage":33,"enemies":"Jaw Worm Horde","floor":38,"turns":7},{"damage":18,"enemies":"Nemesis","floor":41,"turns":9},{"damage":38,"enemies":"Transient","floor":42,"turns":5},{"damage":0,"enemies":"4 Shapes","floor":46,"turns":5},{"damage":0,"enemies":"3 Darklings","floor":47,"turns":6},{"damage":0,"enemies":"Jaw Worm Horde","floor":48,"turns":5},{"damage":0,"enemies":"Awakened One","floor":50,"turns":11}],"seed_played":"-5883136606863083351","potions_obtained":[{"floor":1,"key":"SkillPotion"},{"floor":5,"key":"Strength Potion"},{"floor":13,"key":"Fire Potion"},{"floor":23,"key":"SteroidPotion"},{"floor":25,"key":"FocusPotion"},{"floor":33,"key":"Fruit Juice"},{"floor":35,"key":"SteroidPotion"},{"floor":38,"key":"Ancient Potion"},{"floor":46,"key":"EssenceOfSteel"},{"floor":47,"key":"Swift Potion"},{"floor":48,"key":"EssenceOfSteel"}],"is_trial":false,"path_per_floor":["M","?","M","$","M","E","R","M","T","R","E","R","M","?","R","B",null,"M","$","M","T","T","E","M","M","T","E","$","R","$","M","R","B",null,"M","?","M","M","$","R","E","M","T","?","R","M","M","M","R","B",null],"character_chosen":"DEFECT","items_purchased":["Cold Snap","Go for the Eyes","SkillPotion","PowerPotion","Loop"],"campfire_rested":0,"item_purchase_floors":[4,19,28,30,39],"current_hp_per_floor":[72,77,77,77,77,58,58,56,56,56,35,35,23,23,23,23,80,72,72,68,68,68,51,49,48,48,37,37,37,37,44,44,38,95,94,94,95,66,66,66,64,38,38,38,38,38,38,38,38,38],"gold":422,"neow_bonus":"THREE_CARDS","is_prod":false,"is_daily":false,"chose_seed":false,"campfire_upgraded":8,"win_rate":0.0,"timestamp":1549916913,"path_taken":["M","?","M","$","M","E","R","M","T","R","E","R","M","?","R","BOSS","M","$","M","?","?","E","?","M","T","E","$","R","?","M","R","BOSS","M","?","M","M","$","R","E","M","T","?","R","M","M","M","R","BOSS"],"build_version":"2019-01-23","purchased_purges":4,"victory":true,"max_hp_per_floor":[75,80,80,80,80,80,80,80,80,80,80,80,80,80,80,80,80,80,80,80,80,80,80,80,80,80,80,80,80,80,80,80,80,95,95,95,95,95,95,95,95,95,95,95,95,95,95,95,95,95],"card_choices":[{"not_picked":["Doom and Gloom","Conserve Battery"],"picked":"Coolheaded","floor":0},{"not_picked":["Lockon","Streamline"],"picked":"Capacitor","floor":1},{"not_picked":["Conserve Battery","Sweeping Beam"],"picked":"Loop","floor":3},{"not_picked":["Turbo","Conserve Battery"],"picked":"Barrage","floor":5},{"not_picked":["Auto Shields","Redo"],"picked":"Echo Form","floor":6},{"not_picked":["Turbo","Force Field"],"picked":"FTL","floor":8},{"not_picked":["Sweeping Beam","Cold Snap"],"picked":"Redo","floor":11},{"not_picked":["Turbo","Lockon"],"picked":"Coolheaded","floor":13},{"not_picked":["Biased Cognition","Rainbow"],"picked":"Core Surge","floor":16},{"not_picked":["Stack+1","Doom and Gloom"],"picked":"Defragment","floor":18},{"not_picked":["Rebound","Go for the Eyes"],"picked":"Streamline+1","floor":20},{"not_picked":["Steam Power","Compile Driver"],"picked":"Reboot","floor":23},{"not_picked":["Rebound+1","Compile Driver"],"picked":"Hologram+1","floor":24},{"not_picked":["Rebound","Gash"],"picked":"Redo+1","floor":25},{"not_picked":["Beam Cell","Consume","Electrodynamics"],"picked":"SKIP","floor":27},{"not_picked":["Cold Snap","Loop"],"picked":"Chill","floor":31},{"not_picked":["Go for the Eyes+1","Steam","Coolheaded"],"picked":"SKIP","floor":35},{"not_picked":["HandOfGreed","Mind Blast"],"picked":"Enlightenment","floor":36},{"not_picked":["Darkness+1","Go for the Eyes+1","Cold Snap+1"],"picked":"SKIP","floor":37},{"not_picked":["Steam Power+1","Barrage","Darkness+1"],"picked":"SKIP","floor":38},{"not_picked":["Scrape","Creative AI"],"picked":"Seek","floor":41},{"not_picked":["Streamline+1","Auto Shields","Rebound+1"],"picked":"SKIP","floor":42},{"not_picked":["Fusion","Beam Cell+1","Stack+1"],"picked":"SKIP","floor":46},{"not_picked":["Rebound+1","Doom and Gloom+1","Aggregate"],"picked":"SKIP","floor":47},{"not_picked":["Consume","Coolheaded"],"picked":"Heatsinks","floor":48}],"player_experience":124790,"relics_obtained":[{"floor":6,"key":"Bottled Flame"},{"floor":9,"key":"Omamori"},{"floor":11,"key":"Regal Pillow"},{"floor":21,"key":"PreservedInsect"},{"floor":22,"key":"Bird Faced Urn"},{"floor":23,"key":"Mummified Hand"},{"floor":26,"key":"Shuriken"},{"floor":27,"key":"Gremlin Horn"},{"floor":34,"key":"Potion Belt"},{"floor":34,"key":"Pear"},{"floor":34,"key":"Old Coin"},{"floor":41,"key":"Ancient Tea Set"},{"floor":43,"key":"Smiling Mask"}],"event_choices":[{"damage_healed":0,"gold_gain":0,"player_choice":"Donut","damage_taken":0,"max_hp_gain":5,"max_hp_loss":0,"event_name":"Big Fish","floor":2,"gold_loss":0},{"damage_healed":0,"gold_gain":0,"player_choice":"Gave Potion","damage_taken":0,"relics_obtained":["Tiny Chest"],"max_hp_gain":0,"max_hp_loss":0,"event_name":"WeMeetAgain","floor":14,"gold_loss":0},{"damage_healed":0,"gold_gain":0,"player_choice":"Memory 1","damage_taken":0,"max_hp_gain":0,"max_hp_loss":0,"event_name":"SensoryStone","floor":36,"gold_loss":0},{"damage_healed":0,"gold_gain":0,"player_choice":"Upgrade","damage_taken":0,"relics_obtained":["Mark of the Bloom"],"max_hp_gain":0,"max_hp_loss":0,"event_name":"MindBloom","floor":44,"gold_loss":0,"cards_upgraded":["Strike_B","Defend_B","Defend_B","Defend_B","Defend_B","Zap","Dualcast","Coolheaded","Capacitor","Cold Snap","Barrage","FTL","Core Surge","Reboot","Enlightenment","Loop","Seek"]}],"is_beta":false,"boss_relics":[{"not_picked":["Ectoplasm","Tiny House"],"picked":"Coffee Dripper"},{"not_picked":["Busted Crown","Runic Pyramid"],"picked":"Calling Bell"}],"items_purged_floors":[4,19,28,39],"is_endless":false,"potions_floor_spawned":[1,5,13,23,25,33,35,38,46,47,48],"ascension_level":0}