{"gold_per_floor":[117,117,135,135,66,66,66,66,66,83,11,11,27,37,37,138,138,151,161,179,179,139,139,151,151,151,151,72,72,99,116,116,116],"floor_reached":33,"playtime":1052,"items_purged":[],"score":408,"play_id":"7f9f71a9-4ad9-482a-bd06-3d0469b40798","local_time":"20180911233834","is_ascension_mode":true,"campfire_choices":[{"data":"Dualcast","floor":6.0,"key":"SMITH"},{"data":"Static Discharge","floor":8.0,"key":"SMITH"},{"data":"Hello World","floor":12.0,"key":"SMITH"},{"data":"Tempest","floor":15.0,"key":"SMITH"},{"floor":23,"key":"REST"},{"data":"Electrodynamics","floor":25,"key":"SMITH"},{"floor":27,"key":"REST"},{"data":"Self Repair","floor":29,"key":"SMITH"},{"floor":32,"key":"REST"}],"neow_cost":"NONE","seed_source_timestamp":0,"circlet_count":0,"master_deck":["Strike_B+1","Strike_B+1","Strike_B+1","Strike_B+1","Defend_B+1","Defend_B+1","Defend_B+1","Zap+1","Dualcast+1","AscendersBane","Leap","Conserve Battery","Static Discharge+1","Regret","Leap","Self Repair+1","Tempest+1","Hello World+1","Reinforced Body","Ball Lightning","Thunder Strike","Auto Shields+1","Heatsinks","Conserve Battery","Electrodynamics+1","Capacitor","Buffer","Turbo"],"special_seed":0,"relics":["Cracked Core","Bottled Tornado","Nuclear Battery","Dodecahedron","Oddly Smooth Stone"],"potions_floor_usage":[30],"damage_taken":[{"damage":11.0,"enemies":"Small Slimes","floor":1.0,"turns":3.0},{"damage":6.0,"enemies":"Cultist","floor":3.0,"turns":3.0},{"damage":2.0,"enemies":"2 Louse","floor":10.0,"turns":2.0},{"damage":5.0,"enemies":"Red Slaver","floor":13.0,"turns":3.0},{"damage":19.0,"enemies":"Lots of Slimes","floor":14.0,"turns":3.0},{"damage":41.0,"enemies":"Slime Boss","floor":16.0,"turns":9.0},{"damage":24,"enemies":"2 Thieves","floor":18,"turns":3},{"damage":13,"enemies":"Spheric Guardian","floor":19,"turns":3},{"damage":25,"enemies":"Snake Plant","floor":20,"turns":2},{"damage":15,"enemies":"Cultist and Chosen","floor":24,"turns":4},{"damage":34,"enemies":"Gremlin Leader","floor":30,"turns":4},{"damage":10,"enemies":"Centurion and Healer","floor":31,"turns":4},{"damage":91,"enemies":"Champ","floor":33,"turns":9}],"seed_played":"-2365070484095609212","potions_obtained":[{"floor":1.0,"key":"Block Potion"},{"floor":3.0,"key":"Swift Potion"},{"floor":10.0,"key":"Strength Potion"},{"floor":22,"key":"FairyPotion"},{"floor":31,"key":"Ancient Potion"}],"is_trial":false,"path_per_floor":["M","?","M","?","$","R","?","R","T","M","$","R","M","M","R","B",null,"M","M","M","?","?","R","M","R","T","R","$","R","E","M","R"],"character_chosen":"DEFECT","items_purchased":["Static Discharge","Hello World","Capacitor"],"campfire_rested":3,"item_purchase_floors":[5,11,28],"current_hp_per_floor":[57,62,56,56,56,56,56,56,56,61,61,61,56,44,44,10,63,39,26,1,1,1,25,17,17,17,41,41,41,17,7,31,0],"gold":116,"neow_bonus":"UPGRADE_CARD","is_prod":false,"is_daily":false,"chose_seed":false,"campfire_upgraded":6,"win_rate":0,"timestamp":1536701914,"path_taken":["M","?","M","?","$","R","?","R","T","M","$","R","M","?","R","BOSS","M","M","M","?","?","R","M","R","T","R","$","R","E","M","R","BOSS"],"build_version":"2018-09-10","purchased_purges":0,"victory":false,"max_hp_per_floor":[75,80,80,80,80,80,80,80,80,80,80,80,80,80,80,80,80,80,80,80,80,80,80,80,80,80,80,80,80,80,80,80,80],"card_choices":[{"not_picked":["Darkness","Scrape"],"picked":"Leap","floor":1.0},{"not_picked":["Ball Lightning","Skim"],"picked":"Conserve Battery","floor":3.0},{"not_picked":["Gash","Coolheaded"],"picked":"Tempest","floor":10.0},{"not_picked":["Redo","Gash"],"picked":"Reinforced Body","floor":13.0},{"not_picked":["Sweeping Beam","Stack"],"picked":"Ball Lightning","floor":14.0},{"not_picked":["Meteor Strike","Rainbow"],"picked":"Thunder Strike","floor":16.0},{"not_picked":["Double Energy","Ball Lightning"],"picked":"Auto Shields+1","floor":18},{"not_picked":["Streamline","Melter"],"picked":"Heatsinks","floor":19},{"not_picked":["Cold Snap","Leap"],"picked":"Conserve Battery","floor":20},{"not_picked":["Darkness","Barrage"],"picked":"Electrodynamics","floor":24},{"not_picked":["Conserve Battery","Coolheaded"],"picked":"Buffer","floor":30},{"not_picked":["Cold Snap","Lockon"],"picked":"Turbo","floor":31}],"player_experience":418007,"relics_obtained":[{"floor":9.0,"key":"Bottled Tornado"},{"floor":26,"key":"Dodecahedron"},{"floor":30,"key":"Oddly Smooth Stone"}],"event_choices":[{"event_name":"Big Fish","player_choice":"Donut","floor":2.0,"damage_taken":0.0},{"event_name":"Wheel of Change","player_choice":"Card Removal","floor":4.0,"damage_taken":0.0},{"event_name":"Match and Keep!","player_choice":"3 cards matched","floor":7.0,"damage_taken":0.0},{"event_name":"Back to Basics","player_choice":"Simplicity","floor":21,"damage_taken":0},{"event_name":"The Woman in Blue","player_choice":"Bought 3 Potions","floor":22,"damage_taken":0}],"is_beta":true,"boss_relics":[{"not_picked":["Snecko Eye","Calling Bell"],"picked":"Nuclear Battery"}],"items_purged_floors":[],"is_endless":false,"potions_floor_spawned":[1,3,10,19,24,31],"killed_by":"Champ","ascension_level":12}