{"gold_per_floor":[111,122,134,134,284,284,317,78,78,78,107,119,143,166,178,266,278,310,322,350,375,82,82],"floor_reached":23,"playtime":838,"items_purged":["Doubt","Strike_B"],"score":402,"play_id":"ed8fffcb-158e-4d2d-b544-079af6682620","local_time":"20190926205749","is_ascension_mode":true,"campfire_choices":[{"floor":6,"key":"REST"},{"data":"Zap","floor":10,"key":"SMITH"},{"data":"Undo","floor":15,"key":"SMITH"}],"neow_cost":"NONE","seed_source_timestamp":0,"circlet_count":0,"master_deck":["AscendersBane","Strike_B","Strike_B","Defend_B","Defend_B","Defend_B","Defend_B","Zap+1","Dualcast","Gash","Loop+1","Ball Lightning+1","Rebound","Self Repair","Undo+1","Doom and Gloom","Cold Snap","Glacier","Turbo","Electrodynamics","Glacier","Capacitor","Loop"],"special_seed":0,"relics":["Cracked Core","Bottled Flame","The Courier","MawBank","Velvet Choker","PreservedInsect"],"potions_floor_usage":[21,23],"damage_taken":[{"damage":9.0,"enemies":"Jaw Worm","floor":1.0,"turns":4.0},{"damage":11,"enemies":"2 Louse","floor":2,"turns":2},{"damage":3,"enemies":"Small Slimes","floor":3,"turns":3},{"damage":8,"enemies":"Gremlin Nob","floor":7,"turns":3},{"damage":22,"enemies":"Lagavulin","floor":11,"turns":7},{"damage":1,"enemies":"2 Fungi Beasts","floor":13,"turns":3},{"damage":4,"enemies":"3 Louse","floor":14,"turns":3},{"damage":36,"enemies":"Slime Boss","floor":16,"turns":8},{"damage":0,"enemies":"Chosen","floor":18,"turns":4},{"damage":5,"enemies":"Spheric Guardian","floor":20,"turns":6},{"damage":33,"enemies":"Chosen and Byrds","floor":21,"turns":8},{"damage":50,"enemies":"Slavers","floor":23,"turns":6}],"seed_played":"6211883899913615928","potions_obtained":[{"floor":1,"key":"Ancient Potion"},{"floor":2,"key":"FairyPotion"},{"floor":16,"key":"Weak Potion"},{"floor":18,"key":"SkillPotion"}],"is_trial":false,"path_per_floor":["M","M","M","?","?","R","E","$","T","R","E","?","M","M","R","B",null,"M","?","M","M","$","E"],"character_chosen":"DEFECT","items_purchased":["Undo","Doom and Gloom","Capacitor","Loop","PreservedInsect"],"campfire_rested":1,"item_purchase_floors":[8,8,22,22,22],"current_hp_per_floor":[55,44,41,20,20,41,33,33,33,33,18,18,17,13,13,28,60,67,67,69,43,43,0],"gold":82,"neow_bonus":"THREE_CARDS","is_prod":false,"is_daily":false,"chose_seed":false,"campfire_upgraded":2,"win_rate":0,"timestamp":1569524269,"path_taken":["M","M","M","?","?","R","E","$","T","R","E","?","M","M","R","BOSS","M","?","?","M","$","E"],"build_version":"2019-09-25","purchased_purges":2,"victory":false,"max_hp_per_floor":[71,71,71,71,71,71,71,71,71,71,71,71,71,71,71,71,71,71,71,71,71,71,71],"card_choices":[{"not_picked":["Turbo","Conserve Battery"],"picked":"Gash","floor":0.0},{"not_picked":["Blizzard","Leap"],"picked":"Loop","floor":1},{"not_picked":["Gash","Steam"],"picked":"Ball Lightning","floor":2},{"not_picked":["Blizzard","Reprogram"],"picked":"Rebound","floor":3},{"not_picked":["Beam Cell","Compile Driver"],"picked":"Self Repair","floor":7},{"not_picked":["Tempest","Go for the Eyes"],"picked":"Cold Snap","floor":11},{"not_picked":["Self Repair","Compile Driver"],"picked":"Glacier","floor":13},{"not_picked":["Beam Cell","Rebound"],"picked":"Turbo","floor":14},{"not_picked":["Rainbow","Multi-Cast"],"picked":"Electrodynamics","floor":16},{"not_picked":["Turbo+1","Redo","Leap"],"picked":"SKIP","floor":18},{"not_picked":["Rebound","Streamline"],"picked":"Glacier","floor":20},{"not_picked":["Redo","Melter","Force Field"],"picked":"SKIP","floor":21}],"player_experience":2119036,"relics_obtained":[{"floor":7,"key":"Bottled Flame"},{"floor":9,"key":"The Courier"},{"floor":11,"key":"MawBank"}],"event_choices":[{"damage_healed":0,"gold_gain":0,"player_choice":"Entered Light","damage_taken":21,"max_hp_gain":0,"max_hp_loss":0,"event_name":"Shining Light","floor":4,"gold_loss":0,"cards_upgraded":["Loop","Ball Lightning"]},{"damage_healed":0,"gold_gain":150,"player_choice":"AGREE","damage_taken":0,"max_hp_gain":0,"max_hp_loss":0,"event_name":"Liars Game","floor":5,"gold_loss":0,"cards_obtained":["Doubt"]},{"damage_healed":0,"gold_gain":0,"player_choice":"Fled","damage_taken":0,"max_hp_gain":0,"max_hp_loss":0,"event_name":"Scrap Ooze","floor":12,"gold_loss":0},{"cards_removed":["Strike_B"],"damage_healed":0,"gold_gain":0,"player_choice":"Purged","damage_taken":0,"max_hp_gain":0,"max_hp_loss":0,"event_name":"Purifier","floor":19,"gold_loss":0}],"is_beta":true,"boss_relics":[{"not_picked":["Runic Dome","SacredBark"],"picked":"Velvet Choker"}],"items_purged_floors":[8,22],"is_endless":false,"potions_floor_spawned":[1,2,13,16,18],"killed_by":"Slavers","ascension_level":20}