{"gold_per_floor":[115,40,40,52,52,84,84,109,134,149,149,176,198,212,212,288,288,302,314,364,279,292,321,61,61,61,91,21,33,53,72,72,148,148,168,168],"floor_reached":36,"playtime":1768,"items_purged":["Well Laid Plans"],"score":894,"play_id":"b97e9b67-b824-4c9e-96c5-5c72ac79e838","local_time":"20190613101507","is_ascension_mode":true,"campfire_choices":[{"data":"After Image","floor":7.0,"key":"SMITH"},{"data":"Blade Dance","floor":15.0,"key":"SMITH"},{"floor":25.0,"key":"REST"},{"data":"Wraith Form v2","floor":32.0,"key":"SMITH"}],"neow_cost":"TEN_PERCENT_HP_LOSS","seed_source_timestamp":0,"circlet_count":0,"master_deck":["AscendersBane","Defend_G","Defend_G","Defend_G","Defend_G+1","Defend_G","Strike_G","Survivor+1","Neutralize","Grand Finale","PiercingWail","After Image+1","Blade Dance+1","Dagger Throw","Cloak And Dagger","Dagger Spray","Backflip","Escape Plan","Expertise","Adrenaline","Concentrate","Deadly Poison","Noxious Fumes","Wraith Form v2+1","Footwork","Corpse Explosion","Noxious Fumes","Footwork","Deflect","Malaise","Dagger Spray+1","Grand Finale+1","Expertise+1"],"special_seed":0,"relics":["Ring of the Snake","War Paint","Snake Skull","Ancient Tea Set","Ninja Scroll","Smiling Mask","Odd Mushroom","Runic Pyramid","Bag of Marbles","The Courier","Sundial","Astrolabe"],"potions_floor_usage":[36,36],"damage_taken":[{"damage":4.0,"enemies":"Small Slimes","floor":1.0,"turns":5.0},{"damage":0.0,"enemies":"2 Louse","floor":4.0,"turns":4.0},{"damage":5.0,"enemies":"3 Sentries","floor":6.0,"turns":3.0},{"damage":1.0,"enemies":"Lagavulin","floor":8.0,"turns":6.0},{"damage":1.0,"enemies":"Cultist","floor":10.0,"turns":4.0},{"damage":4.0,"enemies":"3 Sentries","floor":12.0,"turns":9.0},{"damage":1.0,"enemies":"The Mushroom Lair","floor":13.0,"turns":4.0},{"damage":6.0,"enemies":"Exordium Wildlife","floor":14.0,"turns":4.0},{"damage":25.0,"enemies":"Slime Boss","floor":16.0,"turns":7.0},{"damage":30.0,"enemies":"Chosen","floor":18.0,"turns":8.0},{"damage":0.0,"enemies":"2 Thieves","floor":19.0,"turns":3.0},{"damage":2.0,"enemies":"Snecko","floor":22.0,"turns":4.0},{"damage":14.0,"enemies":"Slavers","floor":23.0,"turns":6.0},{"damage":0.0,"enemies":"Book of Stabbing","floor":27.0,"turns":6.0},{"damage":7.0,"enemies":"Shelled Parasite and Fungi","floor":29.0,"turns":6.0},{"damage":0.0,"enemies":"Cultist and Chosen","floor":30.0,"turns":7.0},{"damage":0.0,"enemies":"Centurion and Healer","floor":31.0,"turns":5.0},{"damage":1.0,"enemies":"Automaton","floor":33.0,"turns":11.0},{"damage":9.0,"enemies":"Orb Walker","floor":35.0,"turns":5.0},{"damage":39,"enemies":"2 Orb Walkers","floor":36,"turns":4}],"seed_played":"1562745862288351657","potions_obtained":[{"floor":4.0,"key":"FearPotion"},{"floor":8.0,"key":"Dexterity Potion"},{"floor":13.0,"key":"GamblersBrew"},{"floor":16.0,"key":"Swift Potion"},{"floor":19.0,"key":"AttackPotion"},{"floor":31.0,"key":"PowerPotion"},{"floor":35.0,"key":"AttackPotion"}],"is_trial":false,"path_per_floor":["M","?","?","M","$","E","R","E","T","M","T","E","?","M","R","B",null,"M","M","?","?","M","E","$","R","T","E","$","M","M","M","R","B",null,"M","?"],"character_chosen":"THE_SILENT","items_purchased":["Noxious Fumes","Wraith Form v2","Footwork","Noxious Fumes"],"campfire_rested":1,"item_purchase_floors":[24,24,24,28],"current_hp_per_floor":[55,55,55,55,55,50,50,49,49,48,48,44,43,37,37,12,48,18,18,18,18,16,2,2,20,20,20,20,13,13,13,13,12,48,39,0],"gold":168,"neow_bonus":"THREE_RARE_CARDS","is_prod":false,"is_daily":false,"chose_seed":false,"campfire_upgraded":3,"win_rate":0,"timestamp":1560413707,"path_taken":["M","?","?","?","$","E","R","E","T","M","?","E","?","M","R","BOSS","M","M","?","?","M","E","$","R","T","E","$","M","M","M","R","BOSS","M","?"],"build_version":"2019-01-23","purchased_purges":1,"victory":false,"max_hp_per_floor":[60,60,60,60,60,60,60,60,60,60,60,60,60,60,60,60,60,60,60,60,60,60,60,60,60,60,60,60,60,60,60,60,60,60,60,60],"card_choices":[{"not_picked":["Doppelganger","Storm of Steel"],"picked":"Grand Finale","floor":0.0},{"not_picked":["Skewer","Infinite Blades"],"picked":"PiercingWail","floor":1.0},{"not_picked":["Outmaneuver","Prepared"],"picked":"Well Laid Plans","floor":4.0},{"not_picked":["Deflect","Reflex"],"picked":"Dagger Throw","floor":6.0},{"not_picked":["Sucker Punch","Masterful Stab"],"picked":"Cloak And Dagger","floor":8.0},{"not_picked":["Flying Knee","Catalyst"],"picked":"Dagger Spray","floor":10.0},{"not_picked":["Poisoned Stab","Deflect"],"picked":"Backflip","floor":12.0},{"not_picked":["Distraction","Bane"],"picked":"Escape Plan","floor":13.0},{"not_picked":["Malaise","Blade Dance"],"picked":"Expertise","floor":14.0},{"not_picked":["Tools of the Trade","Phantasmal Killer"],"picked":"Adrenaline","floor":16.0},{"not_picked":["Quick Slash","Deflect"],"picked":"Concentrate","floor":18.0},{"not_picked":["PiercingWail","Infinite Blades"],"picked":"Deadly Poison","floor":19.0},{"not_picked":["Flying Knee","Quick Slash","Dagger Spray"],"picked":"SKIP","floor":22.0},{"not_picked":["Prepared","Deadly Poison","Reflex"],"picked":"SKIP","floor":23.0},{"not_picked":["Cloak And Dagger","Leg Sweep"],"picked":"Corpse Explosion","floor":27.0},{"not_picked":["Sucker Punch","Deflect"],"picked":"Footwork","floor":29.0},{"not_picked":["Deadly Poison","Heel Hook","Dash"],"picked":"SKIP","floor":30.0},{"not_picked":["Acrobatics","Flying Knee"],"picked":"Deflect","floor":31.0},{"not_picked":["Corpse Explosion","Adrenaline"],"picked":"Malaise","floor":33.0},{"not_picked":["Dagger Spray","Sucker Punch","Dagger Throw"],"picked":"SKIP","floor":35.0}],"player_experience":1734489,"relics_obtained":[{"floor":6.0,"key":"War Paint"},{"floor":8.0,"key":"Snake Skull"},{"floor":9.0,"key":"Ancient Tea Set"},{"floor":11.0,"key":"Ninja Scroll"},{"floor":12.0,"key":"Smiling Mask"},{"floor":13.0,"key":"Odd Mushroom"},{"floor":23.0,"key":"The Courier"},{"floor":26.0,"key":"Sundial"}],"event_choices":[{"cards_removed":["Strike_G"],"damage_healed":0.0,"max_hp_gain":0.0,"max_hp_loss":0.0,"gold_gain":0.0,"event_name":"The Cleric","player_choice":"Card Removal","floor":2.0,"gold_loss":75.0,"damage_taken":0.0},{"damage_healed":0.0,"max_hp_gain":0.0,"max_hp_loss":0.0,"gold_gain":0.0,"event_name":"Match and Keep!","player_choice":"2 cards matched","floor":3.0,"gold_loss":0.0,"damage_taken":0.0,"cards_obtained":["After Image","Blade Dance"]},{"damage_healed":0.0,"max_hp_gain":0.0,"max_hp_loss":0.0,"gold_gain":0.0,"event_name":"Mushrooms","player_choice":"Fought Mushrooms","floor":13.0,"gold_loss":0.0,"damage_taken":0.0},{"damage_healed":0.0,"max_hp_gain":0.0,"max_hp_loss":0.0,"gold_gain":50.0,"event_name":"Nest","player_choice":"Stole From Cult","floor":20.0,"gold_loss":0.0,"damage_taken":0.0},{"damage_healed":0.0,"max_hp_gain":0.0,"max_hp_loss":0.0,"gold_gain":0.0,"event_name":"Addict","player_choice":"Obtained Relic","floor":21.0,"gold_loss":85.0,"damage_taken":0.0,"relics_obtained":["Bag of Marbles"]},{"damage_healed":0,"gold_gain":0,"player_choice":"Fight","damage_taken":0,"max_hp_gain":0,"max_hp_loss":0,"event_name":"Mysterious Sphere","floor":36,"gold_loss":0}],"is_beta":false,"boss_relics":[{"not_picked":["Orrery","Busted Crown"],"picked":"Runic Pyramid"},{"not_picked":["Eternal Feather","Snecko Eye"],"picked":"Astrolabe"}],"items_purged_floors":[24],"is_endless":false,"potions_floor_spawned":[4,8,13,16,18,19,31,35],"killed_by":"2 Orb Walkers","ascension_level":20}