{"gold_per_floor":[114,114,124,199,199,199,199,213,260,260,274,302,302,322,322,322],"floor_reached":16,"playtime":546,"items_purged":[],"score":140,"play_id":"db8e5c4a-60d5-4bcb-a427-c32ed01ca8d9","local_time":"20180913001609","is_ascension_mode":true,"campfire_choices":[{"data":"Cloak And Dagger","floor":6.0,"key":"SMITH"},{"data":"Sucker Punch","floor":10.0,"key":"SMITH"},{"data":"Reflex","floor":13.0,"key":"SMITH"},{"floor":15.0,"key":"REST"}],"neow_cost":"NONE","seed_source_timestamp":0,"circlet_count":0,"master_deck":["Defend_G","Defend_G","Defend_G","Defend_G","Defend_G","Strike_G","Strike_G","Strike_G","Strike_G","Strike_G","Survivor","Neutralize+1","Wraith Form v2","Cloak And Dagger+1","Well Laid Plans","Sucker Punch+1","Reflex+1","Catalyst","Blade Dance"],"special_seed":0,"relics":["Ring of the Snake","Snake Skull","Bottled Flame"],"potions_floor_usage":[16,16],"damage_taken":[{"damage":6.0,"enemies":"Small Slimes","floor":1.0,"turns":4.0},{"damage":1.0,"enemies":"Jaw Worm","floor":3.0,"turns":5.0},{"damage":0.0,"enemies":"2 Louse","floor":8.0,"turns":2.0},{"damage":1.0,"enemies":"Red Slaver","floor":11.0,"turns":5.0},{"damage":19.0,"enemies":"Gremlin Nob","floor":12.0,"turns":5.0},{"damage":4.0,"enemies":"3 Louse","floor":14.0,"turns":4.0},{"damage":59,"enemies":"Slime Boss","floor":16,"turns":10}],"seed_played":"-3160279811130389725","potions_obtained":[{"floor":11.0,"key":"Poison Potion"},{"floor":12.0,"key":"SpeedPotion"},{"floor":14.0,"key":"EssenceOfSteel"}],"is_trial":false,"path_per_floor":["M","?","M","?","?","R","?","M","T","R","M","E","R","M","R"],"character_chosen":"THE_SILENT","items_purchased":[],"campfire_rested":1,"item_purchase_floors":[],"current_hp_per_floor":[57,57,56,45,45,45,45,45,45,45,44,25,25,21,42,0],"gold":322,"neow_bonus":"ONE_RANDOM_RARE_CARD","is_prod":false,"is_daily":false,"chose_seed":false,"campfire_upgraded":3,"win_rate":0,"timestamp":1536790569,"path_taken":["M","?","M","?","?","R","?","M","T","R","M","E","R","M","R","BOSS"],"build_version":"2018-09-10","purchased_purges":0,"victory":false,"max_hp_per_floor":[70,70,70,70,70,70,70,70,70,70,70,70,70,70,70,70],"card_choices":[{"not_picked":["Deflect","Well Laid Plans"],"picked":"Cloak And Dagger","floor":1.0},{"not_picked":["Outmaneuver","Underhanded Strike"],"picked":"Well Laid Plans","floor":3.0},{"not_picked":["Blur","Underhanded Strike"],"picked":"Sucker Punch","floor":8.0},{"not_picked":["Prepared","Acrobatics"],"picked":"Reflex","floor":11.0},{"not_picked":["Dodge and Roll","Blur"],"picked":"Catalyst","floor":12.0},{"not_picked":["Flying Knee","Outmaneuver"],"picked":"Blade Dance","floor":14.0}],"player_experience":422506,"relics_obtained":[{"floor":9.0,"key":"Snake Skull"},{"floor":12.0,"key":"Bottled Flame"}],"event_choices":[{"event_name":"Liars Game","player_choice":"disagreed","floor":2.0,"damage_taken":0.0},{"event_name":"World of Goop","player_choice":"Gather Gold","floor":4.0,"damage_taken":0.0},{"event_name":"Living Wall","player_choice":"Grow","floor":5.0,"damage_taken":0.0},{"event_name":"Golden Wing","player_choice":"Ignored","floor":7.0,"damage_taken":0.0}],"is_beta":true,"boss_relics":[],"items_purged_floors":[],"is_endless":false,"potions_floor_spawned":[11,12,14],"killed_by":"Slime Boss","ascension_level":8}