{"path_per_floor":["M","M","M","$","M","R","M","E","T","R","M","$","M","E","R"],"character_chosen":"DEFECT","items_purchased":[],"gold_per_floor":[15,29,43,43,59,59,73,103,103,103,116,41,55,83,83,83],"floor_reached":16,"campfire_rested":2,"playtime":768,"current_hp_per_floor":[71,65,60,60,41,41,31,8,8,30,17,17,14,6,28,0],"items_purged":["Strike_B"],"gold":83,"score":120,"play_id":"52bfcde7-645c-4964-bf86-98f53fccc000","local_time":"20180517102914","is_prod":false,"is_daily":false,"chose_seed":false,"is_ascension_mode":true,"campfire_upgraded":1,"timestamp":1526545754,"campfire_choices":[{"data":"Zap","floor":6,"key":"SMITH"},{"floor":10,"key":"REST"},{"floor":15,"key":"REST"}],"path_taken":["M","M","M","$","M","R","M","E","T","R","M","$","M","E","R","BOSS"],"build_version":"2018-05-16","seed_source_timestamp":0,"purchased_purges":1,"victory":false,"master_deck":["Strike_B","Strike_B","Strike_B","Defend_B","Defend_B","Defend_B","Defend_B","Zap+1","Dualcast","Ball Lightning","Undo","Melter","Ball Lightning","Blizzard","Double Energy","Beam Cell","Barrage","Double Energy"],"max_hp_per_floor":[75,75,75,75,75,75,75,75,75,75,75,75,75,75,75,75],"relics":["Cracked Core","Ice Cream","Blue Candle","Frozen Egg 2","Mummified Hand"],"card_choices":[{"not_picked":["Conserve Battery","Cold Snap"],"picked":"Ball Lightning","floor":1.0},{"not_picked":["Coolheaded","Steam"],"picked":"Undo","floor":2},{"not_picked":["Leap","Ball Lightning"],"picked":"Melter","floor":3},{"not_picked":["Steam","Stack"],"picked":"Ball Lightning","floor":5},{"not_picked":["Reboot","Skim"],"picked":"Blizzard","floor":7},{"not_picked":["Barrage","Consume"],"picked":"Double Energy","floor":8},{"not_picked":["Melter","Sweeping Beam"],"picked":"Beam Cell","floor":11},{"not_picked":["Streamline","Leap"],"picked":"Barrage","floor":13},{"not_picked":["Glacier","Ball Lightning"],"picked":"Double Energy","floor":14}],"player_experience":143301,"potions_floor_usage":[3,14],"damage_taken":[{"damage":4.0,"enemies":"2 Louse","floor":1.0,"turns":2.0},{"damage":6.0,"enemies":"Jaw Worm","floor":2.0,"turns":3.0},{"damage":5,"enemies":"3 Louse","floor":3,"turns":2},{"damage":19,"enemies":"Exordium Thugs","floor":5,"turns":5},{"damage":10,"enemies":"2 Fungi Beasts","floor":7,"turns":3},{"damage":23,"enemies":"Gremlin Nob","floor":8,"turns":4},{"damage":13,"enemies":"Red Slaver","floor":11,"turns":2},{"damage":3,"enemies":"Large Slime","floor":13,"turns":3},{"damage":8,"enemies":"Lagavulin","floor":14,"turns":5},{"damage":32,"enemies":"Slime Boss","floor":16,"turns":6}],"relics_obtained":[{"floor":8,"key":"Blue Candle"},{"floor":9,"key":"Frozen Egg 2"},{"floor":14,"key":"Mummified Hand"}],"event_choices":[],"boss_relics":[],"potions_floor_spawned":[1,2,11,14],"seed_played":"-1255918586087313845","killed_by":"Slime Boss","ascension_level":1,"potions_obtained":[{"floor":1.0,"key":"SkillPotion"},{"floor":2,"key":"Dexterity Potion"},{"floor":11,"key":"Energy Potion"},{"floor":14,"key":"FearPotion"}],"is_trial":false}