{"gold_per_floor":[114,114,134,150,133,133,167,167,194,369,382,347,347,378,378,476,476,462,33,33,33,52,52,68,68,68,78,78,105,105,135,135,135],"floor_reached":33,"playtime":6526,"items_purged":[],"score":410,"play_id":"ef5d5f9f-02ff-4383-a91a-39a53b20e97f","local_time":"20180910213616","is_ascension_mode":true,"campfire_choices":[{"data":"Dash","floor":6,"key":"SMITH"},{"floor":8,"key":"REST"},{"data":"Caltrops","floor":13,"key":"SMITH"},{"floor":15,"key":"REST"},{"floor":23,"key":"REST"},{"floor":25,"key":"REST"},{"floor":32,"key":"REST"}],"neow_cost":"NONE","seed_source_timestamp":37831108265227,"circlet_count":0,"master_deck":["Defend_G","Defend_G","Defend_G","Defend_G","Defend_G","Strike_G","Strike_G","Strike_G","Strike_G","Strike_G","Survivor","Neutralize","Dagger Spray","Deadly Poison","Dash+1","Heel Hook","Caltrops+1","Doubt","All Out Attack","Doppelganger","Backflip+1","The Bomb","Predator","Underhanded Strike","Catalyst","Backstab+1","Writhe","Poisoned Stab+1","Neutralize","Discovery","Underhanded Strike"],"relics":["Snecko Eye","Oddly Smooth Stone","Strawberry","Bag of Preparation","Fusion Hammer","Regal Pillow","Question Card","Smiling Mask","Pen Nib","Letter Opener"],"potions_floor_usage":[7,7,31,33],"damage_taken":[{"damage":3,"enemies":"Jaw Worm","floor":1,"turns":6},{"damage":0,"enemies":"Small Slimes","floor":3,"turns":3},{"damage":10,"enemies":"2 Louse","floor":4,"turns":4},{"damage":19,"enemies":"Exordium Thugs","floor":5,"turns":4},{"damage":29,"enemies":"Gremlin Nob","floor":7,"turns":5},{"damage":7,"enemies":"Red Slaver","floor":11,"turns":5},{"damage":5,"enemies":"3 Sentries","floor":14,"turns":6},{"damage":15,"enemies":"The Guardian","floor":16,"turns":9},{"damage":21,"enemies":"2 Thieves","floor":18,"turns":4},{"damage":8,"enemies":"Shell Parasite","floor":22,"turns":3},{"damage":18,"enemies":"3 Cultists","floor":24,"turns":4},{"damage":18,"enemies":"Chosen and Byrds","floor":27,"turns":6},{"damage":15,"enemies":"Gremlin Leader","floor":29,"turns":5},{"damage":43,"enemies":"Slavers","floor":31,"turns":5},{"damage":54,"enemies":"Champ","floor":33,"turns":9}],"seed_played":"-1301542216760290429","potions_obtained":[{"floor":1,"key":"EntropicBrew"},{"floor":7,"key":"Ancient Potion"},{"floor":11,"key":"Regen Potion"},{"floor":31,"key":"GhostInAJar"}],"is_trial":false,"path_per_floor":["M","$","M","M","M","R","E","R","T","?","M","?","R","E","R","B",null,"M","$","?","$","M","R","M","R","T","M","?","E","?","E","R"],"character_chosen":"THE_SILENT","items_purchased":["The Bomb","Predator","Regal Pillow"],"campfire_rested":5,"item_purchase_floors":[19,19,19],"current_hp_per_floor":[60,60,60,50,31,31,2,23,30,30,23,42,42,37,60,45,69,48,48,48,48,40,77,59,77,77,59,59,44,44,15,53,0],"gold":135,"neow_bonus":"BOSS_RELIC","is_prod":false,"is_daily":false,"chose_seed":false,"campfire_upgraded":2,"win_rate":0,"timestamp":1536608176,"path_taken":["M","$","M","M","M","R","E","R","T","?","M","?","R","E","R","BOSS","M","$","?","?","M","R","M","R","T","M","?","E","?","E","R","BOSS"],"build_version":"2018-09-06","purchased_purges":0,"victory":false,"max_hp_per_floor":[70,70,70,70,70,70,70,70,77,77,77,77,77,77,77,77,77,77,77,77,77,77,77,77,77,77,77,77,77,77,77,77,77],"card_choices":[{"not_picked":["Sucker Punch","Dodge and Roll"],"picked":"Dagger Spray","floor":1},{"not_picked":["Calculated Gamble","PiercingWail"],"picked":"Deadly Poison","floor":3},{"not_picked":["Acrobatics","Outmaneuver"],"picked":"Dash","floor":4},{"not_picked":["Sucker Punch","Slice"],"picked":"Heel Hook","floor":5},{"not_picked":["Slice","Dagger Spray"],"picked":"Caltrops","floor":7},{"not_picked":["Endless Agony","Slice","Accuracy"],"picked":"SKIP","floor":11},{"not_picked":["Blur","Caltrops"],"picked":"All Out Attack","floor":14},{"not_picked":["Venomology","Tools of the Trade"],"picked":"Doppelganger","floor":16},{"not_picked":["Flying Knee","Calculated Gamble"],"picked":"Backflip+1","floor":18},{"not_picked":["Terror","PiercingWail"],"picked":"Underhanded Strike","floor":22},{"not_picked":["Blade Dance","Heel Hook"],"picked":"Catalyst","floor":24},{"not_picked":["Phantasmal Killer","Cloak And Dagger","Caltrops"],"picked":"Backstab+1","floor":27},{"not_picked":["Flying Knee","Flechettes","PiercingWail"],"picked":"Poisoned Stab+1","floor":29},{"not_picked":["Sucker Punch+1","Burst","Bane"],"picked":"Underhanded Strike","floor":31}],"player_experience":407096,"relics_obtained":[{"floor":7,"key":"Oddly Smooth Stone"},{"floor":9,"key":"Strawberry"},{"floor":14,"key":"Bag of Preparation"},{"floor":26,"key":"Question Card"},{"floor":29,"key":"Pen Nib"},{"floor":31,"key":"Letter Opener"}],"event_choices":[{"event_name":"Liars Game","player_choice":"agreed","floor":10,"damage_taken":0},{"event_name":"The Cleric","player_choice":"Healed","floor":12,"damage_taken":0},{"event_name":"Beggar","player_choice":"Ignored","floor":20,"damage_taken":0},{"event_name":"The Mausoleum","player_choice":"Yes","floor":28,"damage_taken":0},{"event_name":"Match and Keep!","player_choice":"2 cards matched","floor":30,"damage_taken":0}],"is_beta":true,"boss_relics":[{"not_picked":["Pandora\u0027s Box","Eternal Feather"],"picked":"Fusion Hammer"}],"items_purged_floors":[],"is_endless":false,"potions_floor_spawned":[1,7,11,22,24,31],"killed_by":"Champ","ascension_level":8}