{"gold_per_floor":[116,130,205,130,130,164,164,198,198,211,230,265,277,303,315,327],"floor_reached":16,"playtime":918,"items_purged":[],"score":234,"play_id":"0de046e9-8f2d-4c53-9eef-c6b0c5485c37","local_time":"20181209113942","is_ascension_mode":true,"campfire_choices":[{"data":"Armaments","floor":7,"key":"SMITH"},{"data":"Immolate","floor":13,"key":"SMITH"},{"data":"Clothesline","floor":15,"key":"SMITH"}],"neow_cost":"TEN_PERCENT_HP_LOSS","seed_source_timestamp":2835510606886,"circlet_count":0,"master_deck":["AscendersBane","Strike_R","Strike_R","Defend_R","Defend_R","Defend_R","Bash","Clothesline+1","Immolate+1","Armaments+1","Twin Strike","Iron Wave","Wild Strike","Disarm","Ghostly Armor"],"relics":["Burning Blood","Boot","Dodecahedron","Matryoshka","MawBank"],"potions_floor_usage":[11,12,16,16],"damage_taken":[{"damage":4,"enemies":"Small Slimes","floor":1,"turns":3},{"damage":1,"enemies":"2 Louse","floor":2,"turns":3},{"damage":17,"enemies":"3 Sentries","floor":6,"turns":5},{"damage":22,"enemies":"Lagavulin","floor":8,"turns":7},{"damage":2,"enemies":"Jaw Worm","floor":10,"turns":3},{"damage":0,"enemies":"Gremlin Gang","floor":11,"turns":3},{"damage":5,"enemies":"3 Sentries","floor":12,"turns":4},{"damage":4,"enemies":"Blue Slaver","floor":14,"turns":3},{"damage":47,"enemies":"Slime Boss","floor":16,"turns":10}],"seed_played":"2121245930681619350","potions_obtained":[{"floor":2,"key":"Swift Potion"},{"floor":8,"key":"Explosive Potion"},{"floor":12,"key":"Fire Potion"},{"floor":14,"key":"Regen Potion"}],"is_trial":false,"path_per_floor":["M","M","?","?","?","E","R","E","T","M","M","E","R","M","R","B"],"character_chosen":"IRONCLAD","items_purchased":[],"campfire_rested":0,"item_purchase_floors":[],"current_hp_per_floor":[68,68,57,57,50,39,39,23,23,27,33,34,34,36,36,0],"gold":327,"neow_bonus":"TRANSFORM_TWO_CARDS","is_prod":false,"is_daily":false,"chose_seed":false,"campfire_upgraded":3,"win_rate":0,"timestamp":1544351982,"path_taken":["M","M","?","?","?","E","R","E","T","M","M","E","R","M","R","BOSS"],"build_version":"2018-12-06","purchased_purges":0,"victory":false,"max_hp_per_floor":[68,68,68,68,68,68,68,68,68,68,68,68,68,68,68,68],"card_choices":[{"not_picked":["Warcry","Wild Strike"],"picked":"Armaments","floor":1},{"not_picked":["Cleave","Entrench"],"picked":"Twin Strike","floor":2},{"not_picked":["Thunderclap","Cleave"],"picked":"Iron Wave","floor":6},{"not_picked":["Heavy Blade","Sentinel"],"picked":"Wild Strike","floor":8},{"not_picked":["Carnage","Havoc"],"picked":"Disarm","floor":10},{"not_picked":["Burning Pact","Perfected Strike","Reckless Charge"],"picked":"SKIP","floor":11},{"not_picked":["Fire Breathing","Headbutt"],"picked":"Ghostly Armor","floor":12},{"not_picked":["Sever Soul","Cleave","Sword Boomerang"],"picked":"SKIP","floor":14}],"player_experience":991419,"relics_obtained":[{"floor":6,"key":"Boot"},{"floor":8,"key":"Dodecahedron"},{"floor":9,"key":"Matryoshka"},{"floor":12,"key":"MawBank"}],"event_choices":[{"damage_healed":0,"gold_gain":75,"player_choice":"Gather Gold","damage_taken":11,"max_hp_gain":0,"max_hp_loss":0,"event_name":"World of Goop","floor":3,"gold_loss":0},{"cards_removed":["Strike_R"],"damage_healed":0,"gold_gain":0,"player_choice":"Card Removal","damage_taken":0,"max_hp_gain":0,"max_hp_loss":0,"event_name":"The Cleric","floor":4,"gold_loss":75},{"cards_removed":["Strike_R"],"damage_healed":0,"gold_gain":0,"player_choice":"Card Removal","damage_taken":7,"max_hp_gain":0,"max_hp_loss":0,"event_name":"Golden Wing","floor":5,"gold_loss":0}],"is_beta":true,"boss_relics":[],"items_purged_floors":[],"is_endless":false,"potions_floor_spawned":[2,8,12,14],"killed_by":"Slime Boss","ascension_level":19}