{"gold_per_floor":[110,120,131,46,61,61,7,32,32,65,65,65,78,95,95,95],"floor_reached":16,"playtime":454,"items_purged":[],"score":224,"play_id":"db50d635-ae85-422b-8af0-7e1903612e91","local_time":"20190329140000","is_ascension_mode":true,"campfire_choices":[{"data":"Electrodynamics","floor":6,"key":"SMITH"},{"floor":12,"key":"REST"},{"data":"Darkness","floor":15,"key":"SMITH"}],"neow_cost":"NONE","seed_source_timestamp":21410564332500,"circlet_count":0,"master_deck":["AscendersBane","Strike_B","Strike_B","Strike_B","Strike_B","Defend_B","Defend_B","Defend_B","Defend_B","Zap+1","Dualcast","Streamline","Genetic Algorithm","Electrodynamics+1","Chill","Conserve Battery","Darkness+1","Turbo"],"special_seed":0,"relics":["Cracked Core","NeowsBlessing","Boot","DataDisk","Pantograph"],"potions_floor_usage":[10,16],"damage_taken":[{"damage":0.0,"enemies":"2 Louse","floor":1.0,"turns":1.0},{"damage":0.0,"enemies":"Cultist","floor":2.0,"turns":1.0},{"damage":0.0,"enemies":"Small Slimes","floor":3.0,"turns":1.0},{"damage":15,"enemies":"Blue Slaver","floor":5,"turns":3},{"damage":30,"enemies":"Lagavulin","floor":8,"turns":7},{"damage":18,"enemies":"Gremlin Nob","floor":10,"turns":4},{"damage":0,"enemies":"Lots of Slimes","floor":13,"turns":3},{"damage":1,"enemies":"Looter","floor":14,"turns":3},{"damage":49,"enemies":"The Guardian","floor":16,"turns":9}],"seed_played":"-7446016838272266355","potions_obtained":[{"floor":2.0,"key":"Block Potion"},{"floor":3.0,"key":"Energy Potion"}],"is_trial":false,"path_per_floor":["M","M","M","$","M","R","$","E","T","E","?","R","M","M","R","B"],"character_chosen":"DEFECT","items_purchased":["Electrodynamics","Conserve Battery"],"campfire_rested":1,"item_purchase_floors":[4,7],"current_hp_per_floor":[64,64,64,64,49,49,49,19,19,1,1,22,22,21,21,0],"gold":95,"neow_bonus":"THREE_ENEMY_KILL","is_prod":false,"is_daily":false,"chose_seed":false,"campfire_upgraded":2,"win_rate":0,"timestamp":1553864400,"path_taken":["M","M","M","$","M","R","$","E","T","E","?","R","M","M","R","BOSS"],"build_version":"2019-01-23","purchased_purges":0,"victory":false,"max_hp_per_floor":[71,71,71,71,71,71,71,71,71,71,71,71,71,71,71,71],"card_choices":[{"not_picked":["Redo","Beam Cell","Barrage"],"picked":"SKIP","floor":1.0},{"not_picked":["Turbo","Hologram"],"picked":"Streamline","floor":2.0},{"not_picked":["Turbo","Reinforced Body"],"picked":"Genetic Algorithm","floor":3.0},{"not_picked":["Hologram","Hello World"],"picked":"Chill","floor":5},{"not_picked":["Redo","Barrage","Reprogram"],"picked":"SKIP","floor":8},{"not_picked":["Chaos","Redo"],"picked":"Darkness","floor":10},{"not_picked":["Stack","Aggregate"],"picked":"Turbo","floor":13},{"not_picked":["Chaos","Rebound","Steam"],"picked":"SKIP","floor":14}],"player_experience":1500941,"relics_obtained":[{"floor":8,"key":"Boot"},{"floor":9,"key":"DataDisk"},{"floor":10,"key":"Pantograph"}],"event_choices":[{"damage_healed":0,"gold_gain":0,"player_choice":"Forge","damage_taken":0,"max_hp_gain":0,"max_hp_loss":0,"event_name":"Accursed Blacksmith","floor":11,"gold_loss":0,"cards_upgraded":["Zap"]}],"is_beta":false,"boss_relics":[],"items_purged_floors":[],"is_endless":false,"potions_floor_spawned":[2,3,5,8],"killed_by":"The Guardian","ascension_level":20}