{"gold_per_floor":[115,128,145,145,159,494,512,512,564,581,599,599,611,628,628,628],"floor_reached":16,"playtime":1349,"items_purged":[],"score":130,"play_id":"82c373dc-4322-4086-9761-a883dd69b767","local_time":"20181026224139","is_ascension_mode":true,"campfire_choices":[{"floor":8,"key":"REST"},{"data":"Neutralize","floor":12,"key":"SMITH"},{"floor":15,"key":"REST"}],"neow_cost":"NONE","seed_source_timestamp":1164435861828855,"circlet_count":0,"master_deck":["Defend_G","Defend_G+1","Defend_G","Defend_G+1","Defend_G","Strike_G","Strike_G","Strike_G","Strike_G","Survivor","Neutralize+1","Footwork","Predator","Blur","Deadly Poison","Die Die Die","Backflip"],"relics":["Ring of the Snake","Old Coin","War Paint"],"potions_floor_usage":[6,6,6,11,11],"damage_taken":[{"damage":1,"enemies":"Cultist","floor":1,"turns":5},{"damage":0,"enemies":"Small Slimes","floor":2,"turns":7},{"damage":0,"enemies":"2 Louse","floor":3,"turns":2},{"damage":7,"enemies":"Exordium Thugs","floor":5,"turns":5},{"damage":18,"enemies":"Lagavulin","floor":6,"turns":10},{"damage":13,"enemies":"3 Louse","floor":7,"turns":3},{"damage":6,"enemies":"Large Slime","floor":10,"turns":11},{"damage":10,"enemies":"Exordium Thugs","floor":11,"turns":3},{"damage":2,"enemies":"Looter","floor":13,"turns":4},{"damage":15,"enemies":"Lots of Slimes","floor":14,"turns":4},{"damage":37,"enemies":"Hexaghost","floor":16,"turns":16}],"seed_played":"210798655053239458","potions_obtained":[{"floor":0,"key":"Block Potion"},{"floor":0,"key":"Fruit Juice"},{"floor":0,"key":"Energy Potion"},{"floor":6,"key":"Explosive Potion"},{"floor":10,"key":"Explosive Potion"},{"floor":13,"key":"Strength Potion"},{"floor":14,"key":"SpeedPotion"}],"is_trial":false,"path_per_floor":["M","M","M","?","M","E","M","R","T","M","M","R","M","M","R"],"character_chosen":"THE_SILENT","items_purchased":[],"campfire_rested":2,"item_purchase_floors":[],"current_hp_per_floor":[69,69,69,69,62,49,36,58,58,52,42,42,40,25,47,10],"gold":628,"neow_bonus":"THREE_SMALL_POTIONS","is_prod":false,"is_daily":false,"chose_seed":false,"campfire_upgraded":1,"win_rate":0,"timestamp":1540564899,"path_taken":["M","M","M","?","M","E","M","R","T","?","M","R","M","M","R","BOSS"],"build_version":"2018-10-25v2","purchased_purges":0,"victory":false,"max_hp_per_floor":[70,70,70,70,70,75,75,75,75,75,75,75,75,75,75,75],"card_choices":[{"not_picked":["Slice","Infinite Blades"],"picked":"Footwork","floor":1},{"not_picked":["All Out Attack","PiercingWail"],"picked":"Predator","floor":2},{"not_picked":["Infinite Blades","Outmaneuver","Finisher"],"picked":"SKIP","floor":3},{"not_picked":["Well Laid Plans","Riddle With Holes","Cloak And Dagger"],"picked":"SKIP","floor":5},{"not_picked":["Blade Dance","Setup"],"picked":"Blur","floor":6},{"not_picked":["Underhanded Strike","Poisoned Stab"],"picked":"Deadly Poison","floor":7},{"not_picked":["Acrobatics","Deflect"],"picked":"Die Die Die","floor":10},{"not_picked":["Choke","Crippling Poison"],"picked":"Backflip","floor":11},{"not_picked":["Bouncing Flask","Slice","Sucker Punch"],"picked":"SKIP","floor":13},{"not_picked":["Bane","Cloak And Dagger","Dagger Throw"],"picked":"SKIP","floor":14}],"player_experience":246269,"relics_obtained":[{"floor":6,"key":"Old Coin"},{"floor":9,"key":"War Paint"}],"event_choices":[{"cards_removed":["Strike_G"],"damage_healed":0,"gold_gain":0,"player_choice":"Forget","damage_taken":0,"max_hp_gain":0,"max_hp_loss":0,"event_name":"Living Wall","floor":4,"gold_loss":0}],"is_beta":false,"boss_relics":[],"items_purged_floors":[],"is_endless":false,"potions_floor_spawned":[6,10,13,14],"killed_by":"Hexaghost","ascension_level":4}