{"path_per_floor":["M","?","?","?","M","R","M","E","T","E","M","M","R","E","R","B",null,"M","M","?","T","$","E","R","E","T","R","M","E","?","$","R","B",null,"M","$","M","?","?","E","R","T","T","E","M","?","M"],"character_chosen":"THE_SILENT","items_purchased":["Ninja Scroll","Infinite Blades","Apotheosis","Well Laid Plans"],"gold_per_floor":[117,117,117,82,95,95,112,138,217,245,260,280,280,310,310,407,407,423,438,363,363,40,70,70,97,97,97,115,180,180,3,3,105,105,118,84,97,145,145,171,171,221,221,255,266,266,281,281],"floor_reached":48,"campfire_rested":2,"playtime":3766,"current_hp_per_floor":[69,74,59,75,75,75,71,48,48,35,35,35,35,31,31,24,75,70,70,70,70,70,61,61,46,46,75,60,49,35,35,74,59,80,45,45,27,2,70,44,44,44,44,36,31,22,17,0],"items_purged":[],"gold":281,"score":643,"play_id":"54f462c2-63a4-4c41-9d11-998f3dfaf3c1","local_time":"20180514170942","is_prod":false,"is_daily":false,"chose_seed":false,"is_ascension_mode":true,"campfire_upgraded":5,"timestamp":1526310582,"path_taken":["M","?","?","?","M","R","M","E","T","E","?","M","R","E","R","BOSS","M","?","?","?","$","E","R","E","T","R","M","E","?","$","R","BOSS","M","$","M","?","?","E","R","?","T","E","M","?","M","E"],"build_version":"2018-05-10","seed_source_timestamp":0,"purchased_purges":0,"victory":false,"master_deck":["Survivor","Neutralize","Escape Plan+1","Deadly Poison","Catalyst+1","Cloak And Dagger","Slice","Dagger Throw","Envenom+1","Backstab","Poisoned Stab+1","Wraith Form v2","Sucker Punch","Cloak And Dagger","Expertise","Skewer","Outmaneuver","Quick Slash","Poisoned Stab","Outmaneuver","Acrobatics","Blade Dance","Infinite Blades+1","Deadly Poison","Bane+1","Deflect","Flechettes+1","Apotheosis+1","After Image","Deflect+1","Well Laid Plans","Leg Sweep+1","Backflip+1","Slice+1","Poisoned Stab+1","Heel Hook+1","Madness","Madness","Caltrops"],"max_hp_per_floor":[70,75,75,75,75,75,75,75,75,75,75,75,75,75,75,75,75,75,75,75,75,75,75,75,75,75,75,75,75,80,80,80,80,80,80,80,80,80,70,70,70,70,70,70,70,70,70,70],"relics":["Ring of the Snake","Snake Skull","Bottled Flame","Gambling Chip","Sundial","Pandora\u0027s Box","The Specimen","Ninja Scroll","Juzu Bracelet","Regal Pillow","Ginger","Tiny Chest","Black Star","Calipers","Darkstone Periapt","Bottled Lightning","Bronze Scales","Centennial Puzzle","Omamori","Prayer Wheel"],"card_choices":[{"not_picked":["Caltrops","Sucker Punch"],"picked":"Deadly Poison","floor":1.0},{"not_picked":["Dodge and Roll","Sucker Punch"],"picked":"Catalyst","floor":5.0},{"not_picked":["Backflip","Underhanded Strike"],"picked":"Cloak And Dagger","floor":7.0},{"not_picked":["PiercingWail","Footwork"],"picked":"Slice","floor":8.0},{"not_picked":["Terror","Flying Knee"],"picked":"Dagger Throw","floor":10.0},{"not_picked":["Masterful Stab","Flying Knee"],"picked":"Envenom","floor":11.0},{"not_picked":["Footwork","Blur"],"picked":"Backstab","floor":12.0},{"not_picked":["Outmaneuver","Backflip"],"picked":"Poisoned Stab","floor":14.0},{"not_picked":["Doppelganger","Burst"],"picked":"Wraith Form v2","floor":16.0},{"not_picked":["Accuracy","PiercingWail"],"picked":"Outmaneuver","floor":18.0},{"not_picked":["Calculated Gamble","Crippling Poison"],"picked":"Blade Dance","floor":19.0},{"not_picked":["Escape Plan","Underhanded Strike"],"picked":"Deadly Poison","floor":23.0},{"not_picked":["PiercingWail","Sucker Punch"],"picked":"Bane","floor":25.0},{"not_picked":["PiercingWail","Calculated Gamble"],"picked":"Deflect","floor":28.0},{"not_picked":["Dagger Throw","Quick Slash"],"picked":"Flechettes","floor":29.0},{"not_picked":["Adrenaline","Wraith Form v2"],"picked":"After Image","floor":33.0},{"not_picked":["Bane","Deadly Poison"],"picked":"Deflect","floor":35.0},{"not_picked":["Calculated Gamble","Slice"],"picked":"Leg Sweep","floor":37.0},{"not_picked":["Bane","Leg Sweep"],"picked":"Backflip","floor":38.0},{"not_picked":["All Out Attack","Underhanded Strike"],"picked":"Slice","floor":40.0},{"not_picked":["Phantasmal Killer","Outmaneuver"],"picked":"Poisoned Stab","floor":44.0},{"not_picked":["Bane","Deadly Poison"],"picked":"Heel Hook","floor":45.0},{"not_picked":["Outmaneuver","Sucker Punch"],"picked":"Caltrops","floor":47.0}],"player_experience":63191,"potions_floor_usage":[48],"damage_taken":[{"damage":1.0,"enemies":"Cultist","floor":1.0,"turns":4.0},{"damage":0.0,"enemies":"Small Slimes","floor":5.0,"turns":3.0},{"damage":4.0,"enemies":"2 Louse","floor":7.0,"turns":3.0},{"damage":23.0,"enemies":"Gremlin Nob","floor":8.0,"turns":5.0},{"damage":13.0,"enemies":"Lagavulin","floor":10.0,"turns":6.0},{"damage":0.0,"enemies":"Large Slime","floor":11.0,"turns":4.0},{"damage":0.0,"enemies":"3 Louse","floor":12.0,"turns":2.0},{"damage":4.0,"enemies":"3 Sentries","floor":14.0,"turns":6.0},{"damage":7.0,"enemies":"Hexaghost","floor":16.0,"turns":5.0},{"damage":5.0,"enemies":"3 Byrds","floor":18.0,"turns":3.0},{"damage":0.0,"enemies":"Chosen","floor":19.0,"turns":2.0},{"damage":9.0,"enemies":"Gremlin Leader","floor":23.0,"turns":3.0},{"damage":15.0,"enemies":"Book of Stabbing","floor":25.0,"turns":3.0},{"damage":15.0,"enemies":"Snake Plant","floor":28.0,"turns":3.0},{"damage":11.0,"enemies":"Gremlin Leader","floor":29.0,"turns":3.0},{"damage":15.0,"enemies":"Automaton","floor":33.0,"turns":5.0},{"damage":35.0,"enemies":"3 Darklings","floor":35.0,"turns":3.0},{"damage":18.0,"enemies":"3 Shapes","floor":37.0,"turns":4.0},{"damage":25.0,"enemies":"Mysterious Sphere","floor":38.0,"turns":6.0},{"damage":26.0,"enemies":"Nemesis","floor":40.0,"turns":5.0},{"damage":8.0,"enemies":"Giant Head","floor":44.0,"turns":5.0},{"damage":5.0,"enemies":"3 Darklings","floor":45.0,"turns":6.0},{"damage":5.0,"enemies":"Maw","floor":47.0,"turns":4.0},{"damage":19,"enemies":"2 Orb Walkers","floor":48,"turns":5}],"event_choices":[{"event_name":"Big Fish","player_choice":"Donut","floor":2.0,"damage_taken":0.0},{"event_name":"Shining Light","player_choice":"Entered Light","floor":3.0,"damage_taken":0.0},{"event_name":"The Cleric","player_choice":"Healed","floor":4.0,"damage_taken":0.0},{"event_name":"Beggar","player_choice":"Gave Gold","floor":20.0,"damage_taken":0.0},{"event_name":"Forgotten Altar","player_choice":"Shed Blood","floor":30.0,"damage_taken":0.0},{"event_name":"Mysterious Sphere","player_choice":"Fight","floor":38.0,"damage_taken":0.0},{"event_name":"The Moai Head","player_choice":"Heal","floor":39.0,"damage_taken":0.0},{"event_name":"Winding Halls","player_choice":"Embrace Madness","floor":46.0,"damage_taken":0.0}],"boss_relics":[],"potions_floor_spawned":[1,7,8,14,23,28,29,33,35,47],"seed_played":"6020539920231115030","killed_by":"2 Orb Walkers","ascension_level":1,"is_trial":false}