{"gold_per_floor":[19,31,31,31,31,31,56,56,56,56,0,36,60,100,100,191,191,214,129,93,93,113,151,151,186,186,96,109,134,155,189,189,279,279,298,631,644,644,644,676,688,688],"floor_reached":42,"playtime":1944,"items_purged":[],"score":1017,"play_id":"006f1ca7-5226-46a1-ab00-940ec5c171bb","local_time":"20190430140137","is_ascension_mode":true,"campfire_choices":[{"data":"Armaments","floor":6,"key":"SMITH"},{"data":"Combust","floor":8,"key":"SMITH"},{"data":"Anger","floor":15,"key":"SMITH"},{"floor":24,"key":"DIG"},{"floor":32,"key":"DIG"}],"neow_cost":"NO_GOLD","seed_source_timestamp":9832146817231,"circlet_count":0,"master_deck":["AscendersBane","Defend_R","Defend_R","Defend_R","Defend_R","Bash+1","Reaper","Armaments+1","Headbutt","Combust+1","Twin Strike","Anger+1","Impervious","True Grit","Bite","Bite","Bite","Bite","Bite","Corruption","Battle Trance+1","Demon Form","Disarm","Disarm+1","Exhume","Body Slam+1"],"relics":["Burning Blood","Shuriken","Magic Flower","Ornamental Fan","Runic Pyramid","Self Forming Clay","Shovel","Vajra","Potion Belt","The Courier","Art of War","Black Star","Incense Burner","Frozen Egg 2"],"potions_floor_usage":[12,16,41,42,42,42],"damage_taken":[{"damage":9,"enemies":"2 Louse","floor":1,"turns":3},{"damage":7,"enemies":"Jaw Worm","floor":2,"turns":4},{"damage":1,"enemies":"Small Slimes","floor":7,"turns":3},{"damage":21,"enemies":"Lagavulin","floor":12,"turns":7},{"damage":10,"enemies":"2 Fungi Beasts","floor":13,"turns":5},{"damage":29,"enemies":"3 Sentries","floor":14,"turns":7},{"damage":54,"enemies":"Hexaghost","floor":16,"turns":9},{"damage":38,"enemies":"3 Byrds","floor":18,"turns":7},{"damage":18,"enemies":"2 Thieves","floor":20,"turns":5},{"damage":21,"enemies":"Centurion and Healer","floor":22,"turns":8},{"damage":10,"enemies":"Gremlin Leader","floor":23,"turns":8},{"damage":51,"enemies":"Book of Stabbing","floor":25,"turns":6},{"damage":16,"enemies":"Cultist and Chosen","floor":28,"turns":7},{"damage":19,"enemies":"3 Cultists","floor":29,"turns":6},{"damage":4,"enemies":"Snake Plant","floor":30,"turns":6},{"damage":42,"enemies":"Gremlin Leader","floor":31,"turns":7},{"damage":9,"enemies":"Champ","floor":33,"turns":9},{"damage":17,"enemies":"Orb Walker","floor":35,"turns":4},{"damage":27,"enemies":"3 Darklings","floor":37,"turns":7},{"damage":2,"enemies":"Nemesis","floor":40,"turns":7},{"damage":26,"enemies":"Transient","floor":41,"turns":6},{"damage":69,"enemies":"Reptomancer","floor":42,"turns":2}],"seed_played":"6445111044108091122","potions_obtained":[{"floor":7,"key":"Fire Potion"},{"floor":13,"key":"SkillPotion"},{"floor":16,"key":"PowerPotion"},{"floor":28,"key":"FearPotion"},{"floor":37,"key":"SteroidPotion"},{"floor":40,"key":"PowerPotion"}],"is_trial":false,"path_per_floor":["M","M","?","?","?","R","M","R","T","?","$","E","M","E","R","B",null,"M","?","M","?","M","E","R","E","T","$","M","M","M","E","R","B",null,"M","?","M","?","?","E","M","E"],"character_chosen":"IRONCLAD","items_purchased":["PowerPotion","Disarm"],"campfire_rested":0,"item_purchase_floors":[11,27],"current_hp_per_floor":[73,72,72,77,49,49,60,60,60,60,60,48,59,57,57,18,65,50,50,50,50,56,56,56,42,42,42,56,56,56,56,56,56,56,56,56,47,47,47,53,53,0],"gold":688,"neow_bonus":"THREE_RARE_CARDS","is_prod":false,"is_daily":false,"chose_seed":false,"campfire_upgraded":3,"win_rate":0,"timestamp":1556625697,"path_taken":["M","M","?","?","?","R","M","R","T","?","?","E","M","E","R","BOSS","M","?","M","?","M","E","R","E","T","?","M","M","M","E","R","BOSS","M","?","M","?","?","E","M","E"],"build_version":"2019-01-23","purchased_purges":0,"victory":false,"max_hp_per_floor":[75,75,75,80,80,80,80,80,80,80,80,80,80,80,80,80,80,80,80,80,56,56,56,56,56,56,56,56,56,56,56,56,56,56,56,56,56,56,53,53,53,53],"card_choices":[{"not_picked":["Dark Embrace","Double Tap"],"picked":"Reaper","floor":0},{"not_picked":["Blood for Blood","Wild Strike"],"picked":"Armaments","floor":1},{"not_picked":["Entrench","Sword Boomerang"],"picked":"Headbutt","floor":2},{"not_picked":["Headbutt","Heavy Blade"],"picked":"Combust","floor":7},{"not_picked":["Sword Boomerang","Metallicize"],"picked":"Twin Strike","floor":12},{"not_picked":["Havoc","Clothesline","Wild Strike"],"picked":"SKIP","floor":13},{"not_picked":["Immolate","Carnage"],"picked":"Anger","floor":14},{"not_picked":["Brutality","Barricade"],"picked":"Impervious","floor":16},{"not_picked":["Sword Boomerang","Cleave","Thunderclap"],"picked":"SKIP","floor":18},{"not_picked":["Perfected Strike","Sword Boomerang","True Grit"],"picked":"SKIP","floor":20},{"not_picked":["Perfected Strike","Sword Boomerang"],"picked":"True Grit","floor":20},{"not_picked":["Blood for Blood","Headbutt"],"picked":"Corruption","floor":22},{"not_picked":["Thunderclap","Wild Strike"],"picked":"Battle Trance+1","floor":23},{"not_picked":["Iron Wave","Havoc"],"picked":"Demon Form","floor":25},{"not_picked":["Sever Soul","Clash","Power Through"],"picked":"SKIP","floor":28},{"not_picked":["Wild Strike","Body Slam"],"picked":"Disarm+1","floor":29},{"not_picked":["Cleave","Battle Trance","Wild Strike+1"],"picked":"SKIP","floor":30},{"not_picked":["Bloodletting","Evolve","Clash"],"picked":"SKIP","floor":31},{"not_picked":["Dark Embrace","Juggernaut"],"picked":"Exhume","floor":33},{"not_picked":["Flex","Havoc","Iron Wave"],"picked":"SKIP","floor":35},{"not_picked":["Corruption","Combust","Dropkick"],"picked":"SKIP","floor":37},{"not_picked":["Battle Trance","Metallicize"],"picked":"Body Slam+1","floor":40},{"not_picked":["Power Through","Bloodletting+1","Blood for Blood+1"],"picked":"SKIP","floor":41}],"player_experience":1644320,"relics_obtained":[{"floor":9,"key":"Shuriken"},{"floor":12,"key":"Magic Flower"},{"floor":14,"key":"Ornamental Fan"},{"floor":23,"key":"Shovel"},{"floor":24,"key":"Vajra"},{"floor":25,"key":"Potion Belt"},{"floor":31,"key":"The Courier"},{"floor":32,"key":"Art of War"},{"floor":40,"key":"Incense Burner"},{"floor":40,"key":"Frozen Egg 2"}],"event_choices":[{"damage_healed":0,"gold_gain":0,"player_choice":"Grow","damage_taken":0,"max_hp_gain":0,"max_hp_loss":0,"event_name":"Living Wall","floor":3,"gold_loss":0,"cards_upgraded":["Bash"]},{"damage_healed":0,"gold_gain":0,"player_choice":"Donut","damage_taken":0,"max_hp_gain":5,"max_hp_loss":0,"event_name":"Big Fish","floor":4,"gold_loss":0},{"damage_healed":0,"gold_gain":0,"player_choice":"Take Damage","damage_taken":28,"relics_obtained":["Golden Idol"],"max_hp_gain":0,"max_hp_loss":0,"event_name":"Golden Idol","floor":5,"gold_loss":0},{"damage_healed":0,"gold_gain":0,"player_choice":"Ignored","damage_taken":0,"max_hp_gain":0,"max_hp_loss":0,"event_name":"Liars Game","floor":10,"gold_loss":0},{"damage_healed":0,"gold_gain":0,"player_choice":"Obtained Relic","damage_taken":0,"relics_obtained":["Self Forming Clay"],"max_hp_gain":0,"max_hp_loss":0,"event_name":"Addict","floor":19,"gold_loss":85},{"damage_healed":0,"gold_gain":0,"player_choice":"Became a vampire","damage_taken":0,"max_hp_gain":0,"max_hp_loss":24,"event_name":"Vampires","floor":21,"gold_loss":0,"cards_obtained":["Bite","Bite","Bite","Bite","Bite"]},{"damage_healed":0,"gold_gain":333,"player_choice":"Gave Idol","damage_taken":0,"max_hp_gain":0,"max_hp_loss":0,"event_name":"The Moai Head","floor":36,"relics_lost":["Golden Idol"],"gold_loss":0},{"damage_healed":0,"gold_gain":0,"player_choice":"Ignored","damage_taken":0,"max_hp_gain":0,"max_hp_loss":0,"event_name":"Tomb of Lord Red Mask","floor":38,"gold_loss":0},{"damage_healed":0,"gold_gain":0,"player_choice":"Max HP","damage_taken":0,"max_hp_gain":0,"max_hp_loss":3,"event_name":"Winding Halls","floor":39,"gold_loss":0}],"is_beta":false,"boss_relics":[{"not_picked":["Empty Cage","Astrolabe"],"picked":"Runic Pyramid"},{"not_picked":["White Beast Statue","Tiny House"],"picked":"Black Star"}],"items_purged_floors":[],"is_endless":false,"potions_floor_spawned":[7,13,16,20,22,28,37,40],"killed_by":"Reptomancer","ascension_level":20}