{"gold_per_floor":[109,109,120,139,139,139,53,80,80,80,94,113,144,156,156,230,230,246,246,72,72,72,103,103,120,170,220,220,239,264,283,283,360,360,375,392,392,405,424,451,451,479,479,479,479],"floor_reached":45,"playtime":2657,"items_purged":[],"score":1196,"play_id":"1fe09cfe-5acd-44aa-b61a-c8b18458ca19","local_time":"20190312164533","is_ascension_mode":true,"campfire_choices":[{"data":"Dagger Spray","floor":6.0,"key":"SMITH"},{"data":"Deadly Poison","floor":10.0,"key":"SMITH"},{"floor":15.0,"key":"REST"},{"data":"Noxious Fumes","floor":24.0,"key":"SMITH"},{"data":"After Image","floor":28.0,"key":"SMITH"},{"data":"Calculated Gamble","floor":32.0,"key":"SMITH"},{"data":"Catalyst","floor":41.0,"key":"SMITH"},{"data":"After Image","floor":44.0,"key":"SMITH"}],"neow_cost":"NONE","seed_source_timestamp":0,"circlet_count":0,"master_deck":["AscendersBane","Defend_G","Defend_G","Defend_G","Defend_G","Defend_G","Strike_G","Strike_G+1","Strike_G+1","Strike_G","Survivor","Neutralize","Poisoned Stab+1","Dagger Spray+1","PiercingWail","Well Laid Plans","Deadly Poison+1","Backflip","Concentrate","PiercingWail","Malaise","Blur","Calculated Gamble+1","Noxious Fumes+1","Bouncing Flask","PiercingWail","Backflip","After Image+1","Catalyst+1","Caltrops","After Image+1","Parasite","Decay","Catalyst+1","Expertise","Acrobatics+1","Adrenaline"],"special_seed":0,"relics":["Ring of the Snake","Omamori","Prayer Wheel","Gambling Chip","Anchor","Coffee Dripper","Nilry\u0027s Codex","Bird Faced Urn","Meat on the Bone","Bag of Marbles","Ice Cream","Calling Bell","Blood Vial","Sundial","Mango","Whetstone","Question Card"],"potions_floor_usage":[],"damage_taken":[{"damage":0.0,"enemies":"2 Louse","floor":1.0,"turns":3.0},{"damage":0.0,"enemies":"Cultist","floor":3.0,"turns":4.0},{"damage":2.0,"enemies":"Small Slimes","floor":4.0,"turns":3.0},{"damage":13.0,"enemies":"3 Sentries","floor":8.0,"turns":11.0},{"damage":7.0,"enemies":"3 Louse","floor":11.0,"turns":5.0},{"damage":0.0,"enemies":"Red Slaver","floor":12.0,"turns":3.0},{"damage":29.0,"enemies":"Gremlin Nob","floor":13.0,"turns":4.0},{"damage":0.0,"enemies":"2 Fungi Beasts","floor":14.0,"turns":3.0},{"damage":9.0,"enemies":"The Guardian","floor":16.0,"turns":10.0},{"damage":2.0,"enemies":"Shell Parasite","floor":18.0,"turns":6.0},{"damage":17.0,"enemies":"Colosseum Slavers","floor":21.0,"turns":5.0},{"damage":16.0,"enemies":"Book of Stabbing","floor":23.0,"turns":7.0},{"damage":0.0,"enemies":"3 Byrds","floor":25.0,"turns":6.0},{"damage":20.0,"enemies":"3 Cultists","floor":29.0,"turns":6.0},{"damage":0.0,"enemies":"Gremlin Leader","floor":30.0,"turns":6.0},{"damage":0.0,"enemies":"Snecko","floor":31.0,"turns":7.0},{"damage":50.0,"enemies":"Automaton","floor":33.0,"turns":9.0},{"damage":1.0,"enemies":"Orb Walker","floor":35.0,"turns":4.0},{"damage":0.0,"enemies":"3 Shapes","floor":36.0,"turns":6.0},{"damage":3.0,"enemies":"Maw","floor":38.0,"turns":6.0},{"damage":20.0,"enemies":"Writhing Mass","floor":39.0,"turns":5.0},{"damage":20.0,"enemies":"Reptomancer","floor":40.0,"turns":8.0},{"damage":25.0,"enemies":"Giant Head","floor":42.0,"turns":7.0},{"damage":60,"enemies":"Reptomancer","floor":45,"turns":2}],"seed_played":"2458700345982906957","potions_obtained":[{"floor":1.0,"key":"Fruit Juice"},{"floor":3.0,"key":"FearPotion"},{"floor":4.0,"key":"Dexterity Potion"},{"floor":16.0,"key":"Poison Potion"},{"floor":25.0,"key":"PowerPotion"},{"floor":38.0,"key":"Explosive Potion"}],"is_trial":false,"path_per_floor":["M","?","M","M","?","R","$","E","T","R","M","M","E","M","R","B",null,"M","?","$","?","?","E","R","M","T","?","R","M","E","M","R","B",null,"M","M","?","M","M","E","R","E","T","R","E"],"character_chosen":"THE_SILENT","items_purchased":["Well Laid Plans","Noxious Fumes","Bouncing Flask"],"campfire_rested":1,"item_purchase_floors":[7,20,20],"current_hp_per_floor":[59,59,59,62,55,55,55,42,42,42,35,35,6,6,27,18,58,56,35,35,18,18,6,6,24,24,24,24,26,46,68,68,39,77,85,85,85,84,69,67,67,52,52,52,0],"gold":479,"neow_bonus":"RANDOM_COMMON_RELIC","is_prod":false,"is_daily":false,"chose_seed":false,"campfire_upgraded":7,"win_rate":0,"timestamp":1552405533,"path_taken":["M","?","?","M","?","R","$","E","T","R","M","M","E","M","R","BOSS","M","?","$","?","?","E","R","M","T","?","R","M","E","M","R","BOSS","M","M","?","M","M","E","R","E","T","R","E"],"build_version":"2019-01-23","purchased_purges":0,"victory":false,"max_hp_per_floor":[66,66,66,71,71,71,71,71,71,71,71,71,71,71,71,71,71,71,71,71,71,71,71,71,71,71,71,71,71,71,71,71,71,85,85,85,85,85,85,85,85,85,85,85,85],"card_choices":[{"not_picked":["Dodge and Roll","Deadly Poison"],"picked":"Poisoned Stab","floor":1.0},{"not_picked":["Quick Slash","Bane"],"picked":"Dagger Spray","floor":3.0},{"not_picked":["Choke","Outmaneuver"],"picked":"PiercingWail","floor":4.0},{"not_picked":["Choke","Well Laid Plans"],"picked":"Deadly Poison","floor":8.0},{"not_picked":["Distraction","Predator"],"picked":"Backflip","floor":11.0},{"not_picked":["Dodge and Roll","Unload","Terror"],"picked":"SKIP","floor":11.0},{"not_picked":["Bane","Cloak And Dagger"],"picked":"Concentrate","floor":12.0},{"not_picked":["Cloak And Dagger","Predator","Dagger Throw"],"picked":"SKIP","floor":12.0},{"not_picked":["Acrobatics","Well Laid Plans","Infinite Blades"],"picked":"SKIP","floor":13.0},{"not_picked":["Cloak And Dagger","Dagger Spray"],"picked":"PiercingWail","floor":14.0},{"not_picked":["Glass Knife","Dagger Throw","Bane"],"picked":"SKIP","floor":14.0},{"not_picked":["Doppelganger","Corpse Explosion"],"picked":"Malaise","floor":16.0},{"not_picked":["Sucker Punch","Acrobatics"],"picked":"Blur","floor":18.0},{"not_picked":["Dagger Throw","Finisher"],"picked":"Calculated Gamble","floor":18.0},{"not_picked":["Heel Hook+1","Prepared"],"picked":"PiercingWail","floor":23.0},{"not_picked":["Underhanded Strike+1","Endless Agony"],"picked":"Backflip","floor":25.0},{"not_picked":["Acrobatics","Dagger Throw"],"picked":"After Image","floor":25.0},{"not_picked":["PiercingWail","Escape Plan"],"picked":"Catalyst+1","floor":29.0},{"not_picked":["Heel Hook+1","Dagger Spray","Flying Knee"],"picked":"SKIP","floor":29.0},{"not_picked":["Outmaneuver","Tactician","Dagger Throw"],"picked":"SKIP","floor":30.0},{"not_picked":["Outmaneuver","Deflect"],"picked":"Caltrops","floor":31.0},{"not_picked":["Distraction","Backstab","Dagger Spray"],"picked":"SKIP","floor":31.0},{"not_picked":["Doppelganger","Storm of Steel"],"picked":"After Image","floor":33.0},{"not_picked":["Tactician+1","Poisoned Stab"],"picked":"Catalyst","floor":35.0},{"not_picked":["Quick Slash","Bouncing Flask"],"picked":"Expertise","floor":35.0},{"not_picked":["Deflect","Sucker Punch","Dagger Throw"],"picked":"SKIP","floor":36.0},{"not_picked":["Prepared","Endless Agony","Flechettes"],"picked":"SKIP","floor":36.0},{"not_picked":["Setup+1","Terror"],"picked":"Acrobatics+1","floor":38.0},{"not_picked":["Bouncing Flask","Bane","Acrobatics"],"picked":"SKIP","floor":38.0},{"not_picked":["Skewer","Infinite Blades+1","Riddle With Holes"],"picked":"SKIP","floor":39.0},{"not_picked":["Terror","Backstab","Bane"],"picked":"SKIP","floor":39.0},{"not_picked":["Heel Hook","Deadly Poison"],"picked":"Adrenaline","floor":40.0},{"not_picked":["All Out Attack","Cloak And Dagger","Flying Knee"],"picked":"SKIP","floor":42.0}],"player_experience":1389798,"relics_obtained":[{"floor":8.0,"key":"Prayer Wheel"},{"floor":9.0,"key":"Gambling Chip"},{"floor":13.0,"key":"Anchor"},{"floor":19.0,"key":"Nilry\u0027s Codex"},{"floor":23.0,"key":"Meat on the Bone"},{"floor":26.0,"key":"Bag of Marbles"},{"floor":30.0,"key":"Ice Cream"},{"floor":34.0,"key":"Blood Vial"},{"floor":34.0,"key":"Sundial"},{"floor":34.0,"key":"Mango"},{"floor":40.0,"key":"Whetstone"},{"floor":42.0,"key":"Question Card"}],"event_choices":[{"damage_healed":0.0,"max_hp_gain":0.0,"max_hp_loss":0.0,"gold_gain":0.0,"event_name":"Upgrade Shrine","player_choice":"Upgraded","floor":2.0,"gold_loss":0.0,"damage_taken":0.0,"cards_upgraded":["Poisoned Stab"]},{"cards_removed":["Strike_G"],"damage_healed":0.0,"max_hp_gain":0.0,"max_hp_loss":0.0,"gold_gain":0.0,"event_name":"Golden Wing","player_choice":"Card Removal","floor":5.0,"gold_loss":0.0,"damage_taken":7.0},{"damage_healed":0.0,"max_hp_gain":0.0,"max_hp_loss":0.0,"gold_gain":0.0,"event_name":"Cursed Tome","player_choice":"Obtained Book","floor":19.0,"gold_loss":0.0,"damage_taken":21.0},{"damage_healed":0.0,"max_hp_gain":0.0,"max_hp_loss":0.0,"gold_gain":0.0,"event_name":"Colosseum","player_choice":"Fight","floor":21.0,"gold_loss":0.0,"damage_taken":0.0},{"damage_healed":0.0,"max_hp_gain":0.0,"max_hp_loss":0.0,"gold_gain":0.0,"event_name":"Colosseum","player_choice":"Fled From Nobs","floor":21.0,"gold_loss":0.0,"damage_taken":0.0},{"damage_healed":0.0,"max_hp_gain":0.0,"max_hp_loss":0.0,"gold_gain":0.0,"event_name":"The Mausoleum","player_choice":"Opened","floor":22.0,"gold_loss":0.0,"damage_taken":0.0,"relics_obtained":["Bird Faced Urn"],"cards_obtained":["Writhe"]},{"damage_healed":0.0,"max_hp_gain":0.0,"max_hp_loss":0.0,"gold_gain":50.0,"event_name":"Golden Shrine","player_choice":"Pray","floor":27.0,"gold_loss":0.0,"damage_taken":0.0},{"damage_healed":0.0,"max_hp_gain":0.0,"max_hp_loss":0.0,"gold_gain":0.0,"event_name":"Tomb of Lord Red Mask","player_choice":"Ignored","floor":37.0,"gold_loss":0.0,"damage_taken":0.0}],"is_beta":false,"boss_relics":[{"not_picked":["Tiny House","Snecko Eye"],"picked":"Coffee Dripper"},{"not_picked":["Empty Cage","WristBlade"],"picked":"Calling Bell"}],"items_purged_floors":[],"is_endless":false,"potions_floor_spawned":[1,3,4,16,21,23,25,38,39],"killed_by":"Reptomancer","ascension_level":20}