{"path_per_floor":["M","?","M","M","?","E","R","E","T","R","M","M","$","M","R","B",null,"M","?","?","M","$"],"character_chosen":"DEFECT","items_purchased":["Electrodynamics","All For One"],"gold_per_floor":[20,20,40,56,131,164,164,195,244,244,255,271,110,123,123,225,225,242,165,165,185,27,27],"floor_reached":23,"campfire_rested":1,"playtime":1537,"current_hp_per_floor":[70,75,75,75,64,45,45,24,24,63,58,56,56,54,54,19,80,61,61,45,25,25,0],"items_purged":[],"gold":27,"score":211,"play_id":"c61bcd9f-0f88-4087-be64-96b9cf410860","local_time":"20180516232921","is_prod":false,"is_daily":false,"chose_seed":false,"is_ascension_mode":true,"campfire_upgraded":2,"timestamp":1526506161,"path_taken":["M","?","M","M","?","E","R","E","T","R","M","M","?","?","R","BOSS","M","?","?","?","$","E"],"build_version":"2018-05-15","seed_source_timestamp":50579652065886,"purchased_purges":1,"victory":false,"master_deck":["Strike_B","Strike_B","Strike_B","Strike_B","Defend_B","Defend_B","Defend_B","Defend_B","Zap","Dualcast","Fusion","Ball Lightning","Genetic Algorithm+1","Beam Cell","Barrage","Auto Shields","Darkness","Seek","Sweeping Beam","Electrodynamics+1","Chaos","Creative AI","Beam Cell","Beam Cell","Gash","Axe Kick","Reprogram","Storm","J.A.X.","Necronomicurse","Lockon","All For One"],"max_hp_per_floor":[75,80,80,80,80,80,80,80,80,80,80,80,80,80,80,80,80,80,80,80,80,80,80],"relics":["Cracked Core","Gremlin Horn","Regal Pillow","Dream Catcher","Orrery","Necronomicon"],"card_choices":[{"not_picked":["All For One","Electrodynamics"],"picked":"Fusion","floor":0},{"not_picked":["Melter","Streamline"],"picked":"Ball Lightning","floor":1},{"not_picked":["Aggregate","Ball Lightning"],"picked":"Genetic Algorithm","floor":3},{"not_picked":["FTL","Streamline"],"picked":"Beam Cell","floor":4},{"not_picked":["Skim","Scrape"],"picked":"Barrage","floor":6},{"not_picked":["Coolheaded","Barrage"],"picked":"Auto Shields","floor":8},{"not_picked":["Gash","Sweeping Beam"],"picked":"Darkness","floor":10},{"not_picked":["Hologram","Capacitor"],"picked":"Seek","floor":11},{"not_picked":["Ball Lightning","Genetic Algorithm"],"picked":"Sweeping Beam","floor":12},{"not_picked":["Darkness","Capacitor"],"picked":"Chaos","floor":14},{"not_picked":["Biased Cognition","Fusion"],"picked":"Creative AI","floor":16},{"not_picked":["Force Field","Axe Kick"],"picked":"Beam Cell","floor":17},{"not_picked":["Scrape","Sweeping Beam"],"picked":"Beam Cell","floor":17},{"not_picked":["Cold Snap","Chaos"],"picked":"Gash","floor":17},{"not_picked":["Skim","Barrage"],"picked":"Axe Kick","floor":17},{"not_picked":["Stack","Capacitor"],"picked":"Reprogram","floor":17},{"not_picked":["Hologram+1","Biased Cognition"],"picked":"Storm","floor":18},{"not_picked":["Go for the Eyes","Hologram"],"picked":"Lockon","floor":21}],"player_experience":139880,"potions_floor_usage":[3,6,16,16,16,23],"damage_taken":[{"damage":5,"enemies":"2 Louse","floor":1,"turns":3},{"damage":0,"enemies":"Jaw Worm","floor":3,"turns":3},{"damage":0,"enemies":"Small Slimes","floor":4,"turns":3},{"damage":19,"enemies":"3 Sentries","floor":6,"turns":5},{"damage":21,"enemies":"Lagavulin","floor":8,"turns":5},{"damage":5,"enemies":"2 Fungi Beasts","floor":11,"turns":4},{"damage":2,"enemies":"Exordium Wildlife","floor":12,"turns":3},{"damage":2,"enemies":"Blue Slaver","floor":14,"turns":3},{"damage":35,"enemies":"Hexaghost","floor":16,"turns":9},{"damage":19,"enemies":"Shell Parasite","floor":18,"turns":5},{"damage":20,"enemies":"Chosen","floor":21,"turns":4},{"damage":26,"enemies":"Book of Stabbing","floor":23,"turns":5}],"relics_obtained":[{"floor":6,"key":"Gremlin Horn"},{"floor":8,"key":"Regal Pillow"},{"floor":9,"key":"Dream Catcher"},{"floor":20,"key":"Necronomicon"}],"event_choices":[{"event_name":"Big Fish","player_choice":"Donut","floor":2,"damage_taken":0},{"event_name":"World of Goop","player_choice":"Gather Gold","floor":5,"damage_taken":0},{"event_name":"Drug Dealer","player_choice":"Got JAXXED","floor":19,"damage_taken":0},{"event_name":"Cursed Tome","player_choice":"Obtained Book","floor":20,"damage_taken":0}],"boss_relics":[{"not_picked":["Philosopher\u0027s Stone","Ectoplasm"],"picked":"Orrery"}],"potions_floor_spawned":[1,3,8,11,14,21],"seed_played":"-5336598321667595342","killed_by":"Book of Stabbing","ascension_level":1,"potions_obtained":[{"floor":1,"key":"Block Potion"},{"floor":3,"key":"Explosive Potion"},{"floor":8,"key":"Fire Potion"},{"floor":11,"key":"SpeedPotion"},{"floor":14,"key":"Explosive Potion"},{"floor":21,"key":"Strength Potion"}],"is_trial":false}