{"gold_per_floor":[117,117,117,132,142,142,173,2,2,2,16,46,59,59],"floor_reached":14,"playtime":661,"items_purged":[],"score":200,"play_id":"f40e3045-29b3-40d5-bd09-46a9c7aeaba4","local_time":"20190615222236","is_ascension_mode":true,"campfire_choices":[{"floor":6.0,"key":"REST"},{"floor":10.0,"key":"REST"}],"neow_cost":"PERCENT_DAMAGE","seed_source_timestamp":0,"circlet_count":0,"master_deck":["AscendersBane","Defend_G","Defend_G","Defend_G","Defend_G","Defend_G","Strike_G","Strike_G","Strike_G","Strike_G","Strike_G","Survivor","Neutralize","Malaise","Dagger Spray","Backflip","Adrenaline","Well Laid Plans","PiercingWail"],"special_seed":0,"relics":["Ring of the Snake","Ice Cream","Regal Pillow","Lantern","Incense Burner","Gremlin Horn"],"potions_floor_usage":[14,14],"damage_taken":[{"damage":8.0,"enemies":"Jaw Worm","floor":1.0,"turns":7.0},{"damage":1.0,"enemies":"Small Slimes","floor":4.0,"turns":3.0},{"damage":3.0,"enemies":"Cultist","floor":5.0,"turns":4.0},{"damage":29.0,"enemies":"Gremlin Nob","floor":7.0,"turns":5.0},{"damage":1.0,"enemies":"3 Louse","floor":11.0,"turns":3.0},{"damage":17.0,"enemies":"3 Sentries","floor":12.0,"turns":11.0},{"damage":0.0,"enemies":"Blue Slaver","floor":13.0,"turns":8.0},{"damage":32,"enemies":"Gremlin Nob","floor":14,"turns":4}],"seed_played":"4812880381639311216","potions_obtained":[{"floor":5.0,"key":"SkillPotion"},{"floor":12.0,"key":"PowerPotion"},{"floor":13.0,"key":"SkillPotion"}],"is_trial":false,"path_per_floor":["M","?","?","M","M","R","E","$","T","R","M","E","M","E"],"character_chosen":"THE_SILENT","items_purchased":["Lantern"],"campfire_rested":2,"item_purchase_floors":[8],"current_hp_per_floor":[36,25,25,24,21,40,11,11,11,45,44,27,27,0],"gold":59,"neow_bonus":"THREE_RARE_CARDS","is_prod":false,"is_daily":false,"chose_seed":false,"campfire_upgraded":0,"win_rate":0,"timestamp":1560630156,"path_taken":["M","?","?","?","M","R","E","$","T","R","M","E","M","E"],"build_version":"2019-01-23","purchased_purges":0,"victory":false,"max_hp_per_floor":[66,66,66,66,66,66,66,66,66,66,66,66,66,66],"card_choices":[{"not_picked":["Night Terror","A Thousand Cuts"],"picked":"Malaise","floor":0.0},{"not_picked":["Quick Slash","Backflip"],"picked":"Dagger Spray","floor":1.0},{"not_picked":["Caltrops","Prepared","Flechettes"],"picked":"SKIP","floor":4.0},{"not_picked":["Tactician","Dagger Throw"],"picked":"Backflip","floor":5.0},{"not_picked":["Deflect","Bane","Masterful Stab"],"picked":"SKIP","floor":7.0},{"not_picked":["Catalyst","Prepared"],"picked":"Adrenaline","floor":11.0},{"not_picked":["Deflect","Choke"],"picked":"Well Laid Plans","floor":12.0},{"not_picked":["Acrobatics","Flying Knee"],"picked":"PiercingWail","floor":13.0}],"player_experience":1738797,"relics_obtained":[{"floor":7.0,"key":"Regal Pillow"},{"floor":9.0,"key":"Incense Burner"},{"floor":12.0,"key":"Gremlin Horn"}],"event_choices":[{"damage_healed":0.0,"max_hp_gain":0.0,"max_hp_loss":0.0,"gold_gain":0.0,"event_name":"Scrap Ooze","player_choice":"Success","floor":2.0,"gold_loss":0.0,"damage_taken":11.0,"relics_obtained":["Ice Cream"]},{"damage_healed":0.0,"max_hp_gain":0.0,"max_hp_loss":0.0,"gold_gain":0.0,"event_name":"Golden Wing","player_choice":"Ignored","floor":3.0,"gold_loss":0.0,"damage_taken":0.0}],"is_beta":false,"boss_relics":[],"items_purged_floors":[],"is_endless":false,"potions_floor_spawned":[5,12,13],"killed_by":"Gremlin Nob","ascension_level":20}