{"gold_per_floor":[111,111,111,55,55,55,75,75,75,106,122,152,152,164,164,164],"floor_reached":16,"playtime":1711,"items_purged":[],"score":216,"play_id":"0f11b663-312e-4d73-ad1d-af43dd2c4037","local_time":"20190320160731","is_ascension_mode":true,"campfire_choices":[{"data":"Bash","floor":6.0,"key":"SMITH"},{"floor":13,"key":"REST"},{"data":"Body Slam","floor":15,"key":"SMITH"}],"neow_cost":"PERCENT_DAMAGE","seed_source_timestamp":18629769923412,"circlet_count":0,"master_deck":["AscendersBane","Strike_R","Strike_R","Strike_R","Strike_R","Defend_R","Defend_R","Defend_R","Defend_R","Bash+1","Impervious","Twin Strike","Anger","Body Slam+1","Rampage","Shrug It Off"],"special_seed":0,"relics":["Burning Blood","Frozen Egg 2","Ancient Tea Set","Self Forming Clay","Darkstone Periapt","Vajra"],"potions_floor_usage":[10,12,16,16],"damage_taken":[{"damage":6.0,"enemies":"Cultist","floor":1.0,"turns":5.0},{"damage":7.0,"enemies":"2 Louse","floor":7.0,"turns":4.0},{"damage":17,"enemies":"Lagavulin","floor":10,"turns":6},{"damage":0,"enemies":"Jaw Worm","floor":11,"turns":4},{"damage":35,"enemies":"3 Sentries","floor":12,"turns":12},{"damage":0,"enemies":"Blue Slaver","floor":14,"turns":1},{"damage":41,"enemies":"The Guardian","floor":16,"turns":10}],"seed_played":"-5619302838997543732","potions_obtained":[{"floor":7.0,"key":"PowerPotion"},{"floor":11,"key":"BloodPotion"},{"floor":12,"key":"SpeedPotion"},{"floor":14,"key":"AttackPotion"}],"is_trial":false,"path_per_floor":["M","?","?","$","T","R","M","?","T","E","M","E","R","M","R","B"],"character_chosen":"IRONCLAD","items_purchased":["Anger"],"campfire_rested":1,"item_purchase_floors":[4],"current_hp_per_floor":[50,43,48,48,48,48,47,36,36,25,31,10,34,40,40,0],"gold":164,"neow_bonus":"THREE_RARE_CARDS","is_prod":false,"is_daily":false,"chose_seed":false,"campfire_upgraded":2,"win_rate":0,"timestamp":1553094451,"path_taken":["M","?","?","?","?","R","M","?","T","E","M","E","R","M","R","BOSS"],"build_version":"2019-01-23","purchased_purges":0,"victory":false,"max_hp_per_floor":[75,75,80,80,80,80,80,80,80,80,80,80,80,80,80,80],"card_choices":[{"not_picked":["Berserk","Double Tap"],"picked":"Impervious","floor":0.0},{"not_picked":["Wild Strike","Cleave"],"picked":"Twin Strike","floor":1.0},{"not_picked":["Anger","Wild Strike"],"picked":"Body Slam","floor":7.0},{"not_picked":["Battle Trance","Flex"],"picked":"Rampage","floor":10},{"not_picked":["Clash","Rampage","Iron Wave"],"picked":"SKIP","floor":11},{"not_picked":["Seeing Red","True Grit"],"picked":"Shrug It Off","floor":12},{"not_picked":["Flex","Entrench","Thunderclap"],"picked":"SKIP","floor":14}],"player_experience":1454583,"relics_obtained":[{"floor":5.0,"key":"Frozen Egg 2"},{"floor":9.0,"key":"Self Forming Clay"},{"floor":10,"key":"Darkstone Periapt"},{"floor":12,"key":"Vajra"}],"event_choices":[{"cards_removed":["Strike_R"],"damage_healed":0.0,"max_hp_gain":0.0,"max_hp_loss":0.0,"gold_gain":0.0,"event_name":"Golden Wing","player_choice":"Card Removal","floor":2.0,"gold_loss":0.0,"damage_taken":7.0},{"damage_healed":0.0,"max_hp_gain":5.0,"max_hp_loss":0.0,"gold_gain":0.0,"event_name":"Big Fish","player_choice":"Donut","floor":3.0,"gold_loss":0.0,"damage_taken":0.0},{"damage_healed":0.0,"max_hp_gain":0.0,"max_hp_loss":0.0,"gold_gain":0.0,"event_name":"Scrap Ooze","player_choice":"Success","floor":8.0,"gold_loss":0.0,"damage_taken":11.0,"relics_obtained":["Ancient Tea Set"]}],"is_beta":false,"boss_relics":[],"items_purged_floors":[],"is_endless":false,"potions_floor_spawned":[7,11,12,14],"killed_by":"The Guardian","ascension_level":20}