{"path_per_floor":["M","?","?","M","$","R","M","R","T","R","E","M","M","?","R","B",null,"M","?","M","M","M","R","E","$","T","R","T","?","?","M","R"],"character_chosen":"DEFECT","items_purchased":["Storm","Leap","Ice Cream","Sunder"],"gold_per_floor":[110,110,185,204,31,31,43,43,93,93,123,143,163,163,163,259,259,273,273,283,295,312,312,343,8,32,32,55,55,55,73,73,73],"floor_reached":33,"campfire_rested":3,"playtime":864,"item_purchase_floors":[5,5,25,25],"current_hp_per_floor":[65,65,54,43,43,43,42,42,42,42,41,40,39,36,36,33,65,43,27,22,23,10,32,13,13,13,35,35,35,35,9,24,0],"items_purged":["Regret"],"gold":73,"score":409,"play_id":"ef459cb6-c687-477e-87ed-4c468b5cd9f7","local_time":"20180613135301","is_prod":false,"is_daily":false,"chose_seed":false,"is_ascension_mode":true,"campfire_upgraded":4,"win_rate":0,"timestamp":1528890781,"campfire_choices":[{"data":"Zap","floor":6,"key":"SMITH"},{"data":"Defragment","floor":8,"key":"SMITH"},{"data":"White Noise","floor":10,"key":"SMITH"},{"data":"Storm","floor":15,"key":"SMITH"},{"floor":23,"key":"REST"},{"floor":27,"key":"REST"},{"floor":32,"key":"REST"}],"path_taken":["M","?","?","M","$","R","M","R","T","R","E","M","M","?","R","BOSS","M","?","M","M","M","R","E","$","T","R","?","?","?","M","R","BOSS"],"build_version":"2018-06-12","seed_source_timestamp":18937758231366,"purchased_purges":1,"victory":false,"master_deck":["Defend_B","Defend_B","Defend_B","Defend_B","Zap+1","Dualcast","Biased Cognition","Melter","White Noise+1","Storm+1","Leap","Defragment+1","Ball Lightning","Rip and Tear","Double Energy","Electrodynamics","BootSequence","Fusion+1","Sweeping Beam","Ball Lightning","Sunder","Bite","Bite","Bite","Bite","Bite","Biased Cognition"],"max_hp_per_floor":[75,75,75,75,75,75,75,75,75,75,75,75,75,75,75,75,75,75,75,75,75,75,75,75,75,75,75,75,75,52,52,52,52],"special_seed":0,"relics":["Cracked Core","Happy Flower","DataDisk","Ornamental Fan","Juzu Bracelet","Runic Dome","Nilry\u0027s Codex","Anchor","Ice Cream","Dream Catcher","Bag of Marbles"],"card_choices":[{"not_picked":["Steam","Ball Lightning"],"picked":"Melter","floor":1},{"not_picked":["Conserve Battery","Beam Cell"],"picked":"White Noise","floor":4},{"not_picked":["Rebound","Cold Snap"],"picked":"Defragment","floor":7},{"not_picked":["Recycle","Reprogram"],"picked":"Ball Lightning","floor":11},{"not_picked":["Rebound","Reprogram"],"picked":"Rip and Tear","floor":12},{"not_picked":["Aggregate","Leap"],"picked":"Double Energy","floor":13},{"not_picked":["Creative AI","All For One"],"picked":"Electrodynamics","floor":16},{"not_picked":["Compile Driver","Hologram","Rebound+1"],"picked":"SKIP","floor":18},{"not_picked":["Beam Cell+1","Doom and Gloom"],"picked":"BootSequence","floor":20},{"not_picked":["Compile Driver","Rip and Tear"],"picked":"Fusion+1","floor":21},{"not_picked":["BootSequence","Gash"],"picked":"Sweeping Beam","floor":22},{"not_picked":["Compile Driver+1","Hologram"],"picked":"Ball Lightning","floor":24},{"not_picked":["Steam+1","Genetic Algorithm"],"picked":"Biased Cognition","floor":31}],"player_experience":325293,"potions_floor_usage":[12,21,21,31],"damage_taken":[{"damage":3,"enemies":"2 Louse","floor":1,"turns":3},{"damage":11,"enemies":"Small Slimes","floor":4,"turns":2},{"damage":1,"enemies":"Cultist","floor":7,"turns":3},{"damage":1,"enemies":"Gremlin Nob","floor":11,"turns":3},{"damage":1,"enemies":"2 Fungi Beasts","floor":12,"turns":2},{"damage":1,"enemies":"Looter","floor":13,"turns":3},{"damage":3,"enemies":"Slime Boss","floor":16,"turns":5},{"damage":22,"enemies":"3 Byrds","floor":18,"turns":3},{"damage":5,"enemies":"Shell Parasite","floor":20,"turns":3},{"damage":8,"enemies":"Centurion and Healer","floor":21,"turns":3},{"damage":13,"enemies":"3 Cultists","floor":22,"turns":3},{"damage":19,"enemies":"Slavers","floor":24,"turns":2},{"damage":30,"enemies":"Chosen and Byrds","floor":31,"turns":4},{"damage":37,"enemies":"Collector","floor":33,"turns":3}],"relics_obtained":[{"floor":9,"key":"DataDisk"},{"floor":11,"key":"Ornamental Fan"},{"floor":19,"key":"Nilry\u0027s Codex"},{"floor":24,"key":"Anchor"},{"floor":26,"key":"Dream Catcher"},{"floor":28,"key":"Bag of Marbles"}],"event_choices":[{"event_name":"Big Fish","player_choice":"Box","floor":2,"damage_taken":0},{"event_name":"World of Goop","player_choice":"Gather Gold","floor":3,"damage_taken":0},{"event_name":"Scrap Ooze","player_choice":"success","floor":14,"damage_taken":3},{"event_name":"Cursed Tome","player_choice":"Obtained Book","floor":19,"damage_taken":0},{"event_name":"Beggar","player_choice":"Ignored","floor":29,"damage_taken":0},{"event_name":"Vampires","player_choice":"Became a vampire","floor":30,"damage_taken":0}],"boss_relics":[{"not_picked":["Runic Pyramid","White Beast Statue"],"picked":"Runic Dome"}],"items_purged_floors":[5],"potions_floor_spawned":[4,7,11,12,18,20,24],"seed_played":"3644184853993538739","killed_by":"Collector","ascension_level":9,"potions_obtained":[{"floor":4,"key":"PowerPotion"},{"floor":7,"key":"Block Potion"},{"floor":11,"key":"Dexterity Potion"},{"floor":12,"key":"Regen Potion"},{"floor":20,"key":"Energy Potion"},{"floor":24,"key":"Block Potion"}],"is_trial":false}