{"gold_per_floor":[114,130,150,7,26,51,75,106,118,130,155,167,211,238,250,364,376,405,417,447,473,14,46,46],"floor_reached":24,"playtime":993,"items_purged":[],"score":373,"play_id":"0ac9db21-13bb-4a87-bea0-381c1eac39d7","local_time":"20190418103143","is_ascension_mode":true,"campfire_choices":[{"floor":10,"key":"REST"},{"data":"Beam Cell","floor":12,"key":"SMITH"},{"data":"Zap","floor":15,"key":"SMITH"}],"neow_cost":"NONE","seed_source_timestamp":383093545733559,"circlet_count":0,"master_deck":["Strike_B","Strike_B","Strike_B","Strike_B","Defend_B","Defend_B","Defend_B","Defend_B","Zap+1","Dualcast","Ball Lightning","Sunder","Ball Lightning","Beam Cell+1","Auto Shields","Leap","Chill","Go for the Eyes","Hyperbeam","Leap","Electrodynamics","Loop","Leap","Stack+1","Defragment","Rainbow","Glacier"],"relics":["FrozenCore","PreservedInsect","MawBank","Bottled Flame","Vajra","Mercury Hourglass","Incense Burner"],"potions_floor_usage":[6,18,20,21,24],"damage_taken":[{"damage":4,"enemies":"2 Louse","floor":1,"turns":3},{"damage":12,"enemies":"Jaw Worm","floor":2,"turns":2},{"damage":7,"enemies":"Small Slimes","floor":3,"turns":2},{"damage":18,"enemies":"Exordium Thugs","floor":5,"turns":4},{"damage":0,"enemies":"Gremlin Nob","floor":6,"turns":2},{"damage":1,"enemies":"2 Fungi Beasts","floor":7,"turns":2},{"damage":0,"enemies":"Gremlin Gang","floor":8,"turns":4},{"damage":3,"enemies":"3 Louse","floor":11,"turns":3},{"damage":20,"enemies":"Lagavulin","floor":13,"turns":3},{"damage":0,"enemies":"Exordium Wildlife","floor":14,"turns":1},{"damage":14,"enemies":"Hexaghost","floor":16,"turns":9},{"damage":0,"enemies":"3 Byrds","floor":18,"turns":3},{"damage":0,"enemies":"Chosen","floor":20,"turns":3},{"damage":21,"enemies":"Shelled Parasite and Fungi","floor":21,"turns":6},{"damage":33,"enemies":"Gremlin Leader","floor":23,"turns":5},{"damage":13,"enemies":"Snake Plant","floor":24,"turns":1}],"seed_played":"-4397437120273389094","potions_obtained":[{"floor":2,"key":"SteroidPotion"},{"floor":8,"key":"SpeedPotion"},{"floor":11,"key":"Explosive Potion"},{"floor":18,"key":"FocusPotion"},{"floor":21,"key":"Ancient Potion"}],"is_trial":false,"path_per_floor":["M","M","M","$","M","E","M","M","T","R","M","R","E","M","R","B",null,"M","?","M","M","$","E","M"],"character_chosen":"DEFECT","items_purchased":["PreservedInsect","Defragment","Rainbow","Mercury Hourglass"],"campfire_rested":1,"item_purchase_floors":[4,22,22,22],"current_hp_per_floor":[71,59,52,52,34,34,33,33,33,57,54,54,34,34,34,20,67,67,67,67,46,46,13,0],"gold":46,"neow_bonus":"TEN_PERCENT_HP_BONUS","is_prod":false,"is_daily":false,"chose_seed":false,"campfire_upgraded":2,"win_rate":0,"timestamp":1555608703,"path_taken":["M","M","M","$","M","E","M","M","T","R","M","R","E","M","R","BOSS","M","?","M","M","$","E","M"],"build_version":"2019-01-23","purchased_purges":0,"victory":false,"max_hp_per_floor":[82,82,82,82,82,82,82,82,82,82,82,82,82,82,82,82,82,82,82,82,82,82,82,82],"card_choices":[{"not_picked":["Sweeping Beam","Rebound"],"picked":"Ball Lightning","floor":1},{"not_picked":["Aggregate","Rebound"],"picked":"Sunder","floor":2},{"not_picked":["Rebound","Fission"],"picked":"Ball Lightning","floor":3},{"not_picked":["Rebound","Streamline"],"picked":"Beam Cell","floor":5},{"not_picked":["Turbo","Sweeping Beam"],"picked":"Auto Shields","floor":6},{"not_picked":["Ball Lightning","Stack"],"picked":"Leap","floor":7},{"not_picked":["Sunder","Recycle"],"picked":"Chill","floor":8},{"not_picked":["Steam","Stack"],"picked":"Go for the Eyes","floor":11},{"not_picked":["BootSequence","Barrage"],"picked":"Hyperbeam","floor":13},{"not_picked":["Blizzard","Gash"],"picked":"Leap","floor":14},{"not_picked":["Thunder Strike","Fission"],"picked":"Electrodynamics","floor":16},{"not_picked":["Hologram","Barrage","Turbo"],"picked":"SKIP","floor":18},{"not_picked":["Sweeping Beam+1","Lockon"],"picked":"Leap","floor":20},{"not_picked":["Turbo+1","Streamline"],"picked":"Stack+1","floor":21},{"not_picked":["Beam Cell","Leap"],"picked":"Glacier","floor":23}],"player_experience":596264,"relics_obtained":[{"floor":6,"key":"MawBank"},{"floor":9,"key":"Bottled Flame"},{"floor":13,"key":"Vajra"},{"floor":23,"key":"Incense Burner"}],"event_choices":[{"damage_healed":0,"gold_gain":0,"player_choice":"Read","damage_taken":0,"max_hp_gain":0,"max_hp_loss":0,"event_name":"The Library","floor":19,"gold_loss":0,"cards_obtained":["Loop"]}],"is_beta":false,"boss_relics":[{"not_picked":["Busted Crown","Runic Dome"],"picked":"FrozenCore"}],"items_purged_floors":[],"is_endless":false,"potions_floor_spawned":[2,8,11,18,21],"killed_by":"Snake Plant","ascension_level":9}