{"gold_per_floor":[117,117,117,131,141,141,171,171,220,252,252,266,301,301,301,378,378,392,412,327,327,160,187,187,214,240,263,290,330,362,408,420,432],"floor_reached":33,"playtime":1630,"items_purged":["Strike_R"],"score":736,"play_id":"ee72b60e-5fa9-4936-999f-6d1e8a365fbc","local_time":"20190329132442","is_ascension_mode":true,"campfire_choices":[{"data":"Bash","floor":6,"key":"SMITH"},{"floor":8,"key":"REST"},{"data":"Feel No Pain","floor":11,"key":"SMITH"},{"data":"Juggernaut","floor":15,"key":"SMITH"},{"data":"Immolate","floor":24,"key":"SMITH"},{"floor":32,"key":"REST"}],"neow_cost":"TEN_PERCENT_HP_LOSS","seed_source_timestamp":18132077346330,"circlet_count":0,"master_deck":["AscendersBane","Strike_R","Strike_R","Strike_R","Defend_R","Defend_R","Defend_R","Defend_R","Bash+1","Reaper","Pommel Strike","Thunderclap","Feel No Pain+1","Battle Trance","Juggernaut+1","Immolate+1","Shame","Warcry+1","Ghostly","Ghostly","Ghostly","Disarm","Shrug It Off","Corruption+1"],"relics":["Burning Blood","PreservedInsect","Potion Belt","Omamori","Singing Bowl","Calling Bell","Orichalcum","Shuriken","Torii","Pantograph","Prayer Wheel","Frozen Egg 2","MawBank","Ancient Tea Set","Juzu Bracelet"],"potions_floor_usage":[13,29,29,31,33,33],"damage_taken":[{"damage":4,"enemies":"2 Louse","floor":1,"turns":3},{"damage":13,"enemies":"Small Slimes","floor":4,"turns":7},{"damage":7,"enemies":"Cultist","floor":5,"turns":4},{"damage":45,"enemies":"Lagavulin","floor":7,"turns":8},{"damage":29,"enemies":"3 Sentries","floor":10,"turns":9},{"damage":12,"enemies":"Blue Slaver","floor":12,"turns":6},{"damage":26,"enemies":"Lagavulin","floor":13,"turns":6},{"damage":84,"enemies":"The Guardian","floor":16,"turns":16},{"damage":14,"enemies":"Chosen","floor":18,"turns":4},{"damage":41,"enemies":"2 Thieves","floor":19,"turns":4},{"damage":0,"enemies":"Gremlin Leader","floor":23,"turns":6},{"damage":26,"enemies":"Slavers","floor":25,"turns":4},{"damage":13,"enemies":"Sentry and Sphere","floor":27,"turns":7},{"damage":12,"enemies":"Shelled Parasite and Fungi","floor":28,"turns":7},{"damage":30,"enemies":"Gremlin Leader","floor":29,"turns":8},{"damage":14,"enemies":"Snake Plant","floor":30,"turns":5},{"damage":7,"enemies":"Book of Stabbing","floor":31,"turns":5},{"damage":68,"enemies":"Champ","floor":33,"turns":14}],"seed_played":"4658393535651455002","potions_obtained":[{"floor":4,"key":"SteroidPotion"},{"floor":7,"key":"AttackPotion"},{"floor":12,"key":"Explosive Potion"},{"floor":13,"key":"Energy Potion"},{"floor":18,"key":"SpeedPotion"},{"floor":27,"key":"Block Potion"},{"floor":29,"key":"GamblersBrew"},{"floor":30,"key":"AttackPotion"}],"is_trial":false,"path_per_floor":["M","?","?","M","M","R","E","R","T","E","R","M","E","?","R","B",null,"M","M","?","?","$","E","R","E","T","M","M","E","M","E","R","B"],"character_chosen":"IRONCLAD","items_purchased":["Disarm","Shrug It Off"],"campfire_rested":2,"item_purchase_floors":[22,22],"current_hp_per_floor":[68,73,73,70,73,73,34,55,55,44,44,41,27,83,83,11,65,62,35,35,35,35,44,44,30,30,25,27,17,13,14,32,0],"gold":432,"neow_bonus":"THREE_RARE_CARDS","is_prod":false,"is_daily":false,"chose_seed":false,"campfire_upgraded":4,"win_rate":0,"timestamp":1553862282,"path_taken":["M","?","?","M","M","R","E","R","T","E","R","?","E","?","R","BOSS","M","?","?","?","$","E","R","E","T","M","M","E","M","E","R","BOSS"],"build_version":"2019-01-23","purchased_purges":1,"victory":false,"max_hp_per_floor":[68,73,73,73,73,73,73,73,73,73,73,73,73,83,83,83,83,85,85,85,42,42,44,44,46,46,48,52,54,58,60,60,60],"card_choices":[{"not_picked":["Impervious","Juggernaut"],"picked":"Reaper","floor":0},{"not_picked":["Searing Blow","Cleave"],"picked":"Pommel Strike","floor":1},{"not_picked":["Heavy Blade","Reckless Charge"],"picked":"Thunderclap","floor":4},{"not_picked":["True Grit","Cleave","Body Slam"],"picked":"SKIP","floor":5},{"not_picked":["Power Through","Hemokinesis"],"picked":"Feel No Pain","floor":7},{"not_picked":["Whirlwind","Combust"],"picked":"Battle Trance","floor":10},{"not_picked":["Second Wind","Wild Strike","Intimidate"],"picked":"SKIP","floor":12},{"not_picked":["Iron Wave","Sword Boomerang"],"picked":"Juggernaut","floor":13},{"not_picked":["Dark Embrace","Bludgeon"],"picked":"Immolate","floor":16},{"not_picked":["Perfected Strike","Cleave","Flex"],"picked":"Singing Bowl","floor":18},{"not_picked":["Blood for Blood","Pummel"],"picked":"Warcry+1","floor":19},{"not_picked":["Warcry","Second Wind","Whirlwind"],"picked":"Singing Bowl","floor":23},{"not_picked":["Anger","Carnage","Evolve"],"picked":"Singing Bowl","floor":25},{"not_picked":["Uppercut+1","Dropkick","Bloodletting"],"picked":"Singing Bowl","floor":27},{"not_picked":["Exhume","Sever Soul+1"],"picked":"Corruption+1","floor":27},{"not_picked":["Wild Strike","Perfected Strike+1","Headbutt"],"picked":"Singing Bowl","floor":28},{"not_picked":["Thunderclap","Burning Pact","Armaments"],"picked":"Singing Bowl","floor":28},{"not_picked":["Pommel Strike","Sword Boomerang","Flex"],"picked":"Singing Bowl","floor":29},{"not_picked":["Fire Breathing+1","Pummel","True Grit"],"picked":"Singing Bowl","floor":30},{"not_picked":["Headbutt","Iron Wave+1","Fiend Fire"],"picked":"Singing Bowl","floor":30},{"not_picked":["Flex","Pummel","Hemokinesis"],"picked":"Singing Bowl","floor":31}],"player_experience":1498012,"relics_obtained":[{"floor":7,"key":"PreservedInsect"},{"floor":9,"key":"Potion Belt"},{"floor":10,"key":"Omamori"},{"floor":13,"key":"Singing Bowl"},{"floor":17,"key":"Orichalcum"},{"floor":17,"key":"Shuriken"},{"floor":17,"key":"Torii"},{"floor":23,"key":"Prayer Wheel"},{"floor":25,"key":"Frozen Egg 2"},{"floor":26,"key":"MawBank"},{"floor":29,"key":"Ancient Tea Set"},{"floor":31,"key":"Juzu Bracelet"}],"event_choices":[{"damage_healed":0,"gold_gain":0,"player_choice":"Donut","damage_taken":0,"max_hp_gain":5,"max_hp_loss":0,"event_name":"Big Fish","floor":2,"gold_loss":0},{"damage_healed":0,"gold_gain":0,"cards_transformed":["Strike_R"],"player_choice":"Transformed","damage_taken":0,"max_hp_gain":0,"max_hp_loss":0,"event_name":"Transmorgrifier","floor":3,"gold_loss":0,"cards_obtained":["Impervious"]},{"cards_removed":["Impervious"],"damage_healed":46,"gold_gain":0,"player_choice":"Offered Rare","damage_taken":0,"max_hp_gain":10,"max_hp_loss":0,"event_name":"Bonfire Elementals","floor":14,"gold_loss":0},{"damage_healed":0,"gold_gain":0,"player_choice":"Obtained Relic","damage_taken":0,"relics_obtained":["Pantograph"],"max_hp_gain":0,"max_hp_loss":0,"event_name":"Addict","floor":20,"gold_loss":85},{"damage_healed":0,"gold_gain":0,"player_choice":"Became a Ghost","damage_taken":0,"max_hp_gain":0,"max_hp_loss":43,"event_name":"Ghosts","floor":21,"gold_loss":0,"cards_obtained":["Ghostly","Ghostly","Ghostly"]}],"is_beta":false,"boss_relics":[{"not_picked":["Ectoplasm","Runic Pyramid"],"picked":"Calling Bell"}],"items_purged_floors":[22],"is_endless":false,"potions_floor_spawned":[4,7,12,13,18,25,27,29,30],"killed_by":"Champ","ascension_level":20}