{"gold_per_floor":[116,130,130,190,240,269,319,319],"floor_reached":8,"playtime":206,"items_purged":[],"score":112,"play_id":"bba2f240-13aa-4e98-b5cc-f89ae0eb1652","local_time":"20190504213711","is_ascension_mode":true,"campfire_choices":[],"neow_cost":"NONE","seed_source_timestamp":45411201140227,"circlet_count":0,"master_deck":["AscendersBane","Defend_G","Defend_G","Defend_G","Defend_G","Defend_G","Strike_G","Strike_G","Strike_G","Strike_G","Strike_G","Survivor","Neutralize","PiercingWail","Poisoned Stab","Blade Dance","Poisoned Stab"],"relics":["Ring of the Snake","NeowsBlessing","SsserpentHead","Paper Crane","Golden Idol"],"potions_floor_usage":[6],"damage_taken":[{"damage":0,"enemies":"2 Louse","floor":1,"turns":1},{"damage":0,"enemies":"Cultist","floor":2,"turns":1},{"damage":0,"enemies":"Small Slimes","floor":4,"turns":1},{"damage":53,"enemies":"3 Sentries","floor":6,"turns":14},{"damage":6,"enemies":"2 Fungi Beasts","floor":8,"turns":2}],"seed_played":"425518797850424423","potions_obtained":[{"floor":2,"key":"GamblersBrew"}],"is_trial":false,"path_per_floor":["M","M","?","M","?","E","?","M"],"character_chosen":"THE_SILENT","items_purchased":[],"campfire_rested":0,"item_purchase_floors":[],"current_hp_per_floor":[59,59,59,59,59,6,6,0],"gold":319,"neow_bonus":"THREE_ENEMY_KILL","is_prod":false,"is_daily":false,"chose_seed":false,"campfire_upgraded":0,"win_rate":0,"timestamp":1556998631,"path_taken":["M","M","?","?","?","E","?","M"],"build_version":"2019-01-23","purchased_purges":0,"victory":false,"max_hp_per_floor":[66,66,66,66,66,66,60,60],"card_choices":[{"not_picked":["Cloak And Dagger","Prepared"],"picked":"PiercingWail","floor":1},{"not_picked":["Blade Dance","Riddle With Holes"],"picked":"Poisoned Stab","floor":2},{"not_picked":["Concentrate","Flying Knee"],"picked":"Blade Dance","floor":4},{"not_picked":["Dagger Throw","Skewer"],"picked":"Poisoned Stab","floor":6}],"player_experience":1647154,"relics_obtained":[{"floor":6,"key":"Paper Crane"}],"event_choices":[{"damage_healed":0,"gold_gain":0,"player_choice":"Trade","damage_taken":0,"relics_obtained":["SsserpentHead"],"max_hp_gain":0,"max_hp_loss":0,"event_name":"FaceTrader","floor":3,"gold_loss":0},{"damage_healed":0,"gold_gain":0,"player_choice":"Ignored","damage_taken":0,"max_hp_gain":0,"max_hp_loss":0,"event_name":"Liars Game","floor":5,"gold_loss":0},{"damage_healed":0,"gold_gain":0,"player_choice":"Lose Max HP","damage_taken":0,"relics_obtained":["Golden Idol"],"max_hp_gain":0,"max_hp_loss":6,"event_name":"Golden Idol","floor":7,"gold_loss":0}],"is_beta":false,"boss_relics":[],"items_purged_floors":[],"is_endless":false,"potions_floor_spawned":[2],"killed_by":"2 Fungi Beasts","ascension_level":20}