{"gold_per_floor":[119,46,46,221,221,247,265,265,265,284,299,299,98,98,98,200,200,213,228,128,128,145,145],"floor_reached":23,"playtime":1285,"items_purged":["Phantasmal Killer","Strike_G"],"score":188,"play_id":"235e1172-0f7e-456e-8b77-301f98f89c06","local_time":"20190625234218","is_ascension_mode":false,"campfire_choices":[{"floor":8,"key":"REST"},{"floor":12,"key":"REST"},{"floor":15,"key":"REST"}],"neow_cost":"NONE","seed_source_timestamp":782178702557305,"circlet_count":0,"master_deck":["Defend_G","Defend_G","Defend_G","Defend_G","Defend_G","Strike_G","Strike_G","Strike_G","Survivor","Neutralize+1","Dagger Throw","Noxious Fumes","Accuracy","Bouncing Flask","Blade Dance","Cloak And Dagger","Blade Dance","Noxious Fumes","Wraith Form v2","Blade Dance+1","Backflip","Riddle With Holes+1"],"relics":["Ring of the Snake","Spirit Poop","Vajra"],"potions_floor_usage":[11,11,23,23,23],"damage_taken":[{"damage":3,"enemies":"Small Slimes","floor":1,"turns":4},{"damage":49,"enemies":"3 Sentries","floor":6,"turns":11},{"damage":0,"enemies":"Cultist","floor":7,"turns":5},{"damage":6,"enemies":"Jaw Worm","floor":10,"turns":4},{"damage":21,"enemies":"Exordium Thugs","floor":11,"turns":7},{"damage":24,"enemies":"Slime Boss","floor":16,"turns":8},{"damage":11,"enemies":"Chosen","floor":18,"turns":5},{"damage":29,"enemies":"Spheric Guardian","floor":19,"turns":5},{"damage":24,"enemies":"Centurion and Healer","floor":22,"turns":8},{"damage":19,"enemies":"Slavers","floor":23,"turns":3}],"seed_played":"2632241249282521840","potions_obtained":[{"floor":7,"key":"SteroidPotion"},{"floor":10,"key":"Swift Potion"},{"floor":18,"key":"EntropicBrew"},{"floor":19,"key":"Explosive Potion"}],"is_trial":false,"path_per_floor":["M","$","?","?","?","E","M","R","T","M","M","R","$","?","R","B",null,"M","M","$","?","M","E"],"character_chosen":"THE_SILENT","items_purchased":["Noxious Fumes","Blade Dance","Noxious Fumes"],"campfire_rested":3,"item_purchase_floors":[2,13,13],"current_hp_per_floor":[67,67,60,60,60,11,11,32,32,26,5,26,26,26,47,23,70,59,30,30,30,6,0],"gold":145,"neow_bonus":"ONE_RANDOM_RARE_CARD","is_prod":false,"is_daily":false,"chose_seed":false,"campfire_upgraded":0,"win_rate":0,"timestamp":1561473738,"path_taken":["M","$","?","?","?","E","M","R","T","M","?","R","$","?","R","BOSS","M","M","$","?","M","E"],"build_version":"2019-01-23","purchased_purges":2,"victory":false,"max_hp_per_floor":[70,70,70,70,70,70,70,70,70,70,70,70,70,70,70,70,70,70,70,70,70,70,70],"card_choices":[{"not_picked":["Bane","PiercingWail"],"picked":"Dagger Throw","floor":1},{"not_picked":["All Out Attack","PiercingWail"],"picked":"Accuracy","floor":6},{"not_picked":["Flying Knee","Bane"],"picked":"Bouncing Flask","floor":7},{"not_picked":["Heel Hook","Outmaneuver"],"picked":"Blade Dance","floor":10},{"not_picked":["Leg Sweep","Escape Plan"],"picked":"Cloak And Dagger","floor":11},{"not_picked":["Night Terror","Malaise"],"picked":"Wraith Form v2","floor":16},{"not_picked":["Terror+1","Slice"],"picked":"Blade Dance+1","floor":18},{"not_picked":["Flechettes","Riddle With Holes"],"picked":"Backflip","floor":19},{"not_picked":["Acrobatics","Backflip"],"picked":"Riddle With Holes+1","floor":22}],"player_experience":201290,"relics_obtained":[{"floor":6,"key":"Vajra"}],"event_choices":[{"cards_removed":["Strike_G"],"damage_healed":0,"gold_gain":0,"player_choice":"Card Removal","damage_taken":7,"max_hp_gain":0,"max_hp_loss":0,"event_name":"Golden Wing","floor":3,"gold_loss":0},{"damage_healed":0,"gold_gain":175,"player_choice":"AGREE","damage_taken":0,"max_hp_gain":0,"max_hp_loss":0,"event_name":"Liars Game","floor":4,"gold_loss":0,"cards_obtained":["Doubt"]},{"cards_removed":["Doubt"],"damage_healed":0,"gold_gain":0,"player_choice":"Offered Curse","damage_taken":0,"relics_obtained":["Spirit Poop"],"max_hp_gain":0,"max_hp_loss":0,"event_name":"Bonfire Elementals","floor":5,"gold_loss":0},{"damage_healed":0,"gold_gain":0,"player_choice":"Grow","damage_taken":0,"max_hp_gain":0,"max_hp_loss":0,"event_name":"Living Wall","floor":14,"gold_loss":0,"cards_upgraded":["Neutralize"]},{"damage_healed":0,"gold_gain":0,"player_choice":"Ignored","damage_taken":0,"max_hp_gain":0,"max_hp_loss":0,"event_name":"Cursed Tome","floor":21,"gold_loss":0}],"is_beta":false,"boss_relics":[{"not_picked":["Astrolabe","Velvet Choker","Philosopher\u0027s Stone"]}],"items_purged_floors":[13,20],"is_endless":false,"potions_floor_spawned":[7,10,18,19],"killed_by":"Slavers","ascension_level":0}