{"gold_per_floor":[115,129,149,164,179,179,204,204,281,281,311,321,333,349,349,424,424,443,103,121,131,131,165,165,195,246,246,262,262,282,51,51,51],"floor_reached":33,"playtime":2709,"items_purged":["Strike_R"],"score":542,"play_id":"4513efe9-4c90-43ee-9e27-da6dc85fa455","local_time":"20181110150943","is_ascension_mode":true,"campfire_choices":[{"data":"Flex","floor":6,"key":"SMITH"},{"data":"Magnetism","floor":8,"key":"SMITH"},{"floor":10,"key":"REST"},{"data":"Uppercut","floor":15,"key":"SMITH"},{"data":"Armaments","floor":24,"key":"SMITH"},{"data":"Spot Weakness","floor":27,"key":"SMITH"},{"data":"True Grit","floor":29,"key":"SMITH"},{"data":"Discovery","floor":32,"key":"SMITH"}],"neow_cost":"TEN_PERCENT_HP_LOSS","seed_source_timestamp":25419371373182,"circlet_count":0,"master_deck":["AscendersBane","Strike_R","Strike_R","Strike_R","Strike_R","Defend_R","Defend_R","Defend_R","Defend_R","Bash","Magnetism+1","Hemokinesis","Impervious","Heavy Blade","Heavy Blade","Flex+1","Uppercut","Pommel Strike","Heavy Blade","Carnage","Uppercut+1","Fiend Fire","Armaments+1","Shrug It Off","Spot Weakness+1","Rage","Havoc+1","Feel No Pain","True Grit+1","Infernal Blade+1","Discovery+1"],"relics":["Burning Blood","Gambling Chip","Mercury Hourglass","Du-Vu Doll","Philosopher\u0027s Stone","Paper Frog","PreservedInsect","Pantograph","Red Skull"],"potions_floor_usage":[5,14,16,25],"damage_taken":[{"damage":24,"enemies":"Cultist","floor":1,"turns":5},{"damage":5,"enemies":"Jaw Worm","floor":2,"turns":3},{"damage":10,"enemies":"Small Slimes","floor":3,"turns":4},{"damage":13,"enemies":"Looter","floor":4,"turns":4},{"damage":19,"enemies":"Blue Slaver","floor":5,"turns":5},{"damage":28,"enemies":"3 Sentries","floor":7,"turns":10},{"damage":28,"enemies":"Lagavulin","floor":11,"turns":5},{"damage":0,"enemies":"Exordium Wildlife","floor":12,"turns":2},{"damage":9,"enemies":"2 Fungi Beasts","floor":13,"turns":2},{"damage":12,"enemies":"Large Slime","floor":14,"turns":4},{"damage":9,"enemies":"Hexaghost","floor":16,"turns":9},{"damage":23,"enemies":"2 Thieves","floor":18,"turns":3},{"damage":0,"enemies":"Spheric Guardian","floor":20,"turns":3},{"damage":15,"enemies":"3 Cultists","floor":21,"turns":3},{"damage":45,"enemies":"Slavers","floor":23,"turns":5},{"damage":19,"enemies":"Book of Stabbing","floor":25,"turns":2},{"damage":8,"enemies":"Snecko","floor":28,"turns":3},{"damage":14,"enemies":"Centurion and Healer","floor":30,"turns":4},{"damage":64,"enemies":"Champ","floor":33,"turns":6}],"seed_played":"-8655976942995231836","potions_obtained":[{"floor":2,"key":"SpeedPotion"},{"floor":3,"key":"GamblersBrew"},{"floor":4,"key":"BloodPotion"},{"floor":11,"key":"Regen Potion"},{"floor":20,"key":"SneckoOil"},{"floor":23,"key":"GamblersBrew"},{"floor":28,"key":"Ancient Potion"}],"is_trial":false,"path_per_floor":["M","M","M","M","M","R","E","R","T","R","E","M","M","M","R","B",null,"M","$","M","M","?","E","R","E","T","R","M","R","M","$","R","B"],"character_chosen":"IRONCLAD","items_purchased":["Paper Frog","Shrug It Off","Dexterity Potion","Discovery"],"campfire_rested":1,"item_purchase_floors":[19,19,31,31],"current_hp_per_floor":[50,51,47,40,33,33,11,11,11,31,9,15,12,18,18,15,55,38,38,44,35,78,39,39,26,26,26,24,24,16,16,16,0],"gold":51,"neow_bonus":"RANDOM_COLORLESS_2","is_prod":false,"is_daily":false,"chose_seed":false,"campfire_upgraded":7,"win_rate":0,"timestamp":1541858983,"path_taken":["M","?","M","M","M","R","E","R","T","R","E","M","M","M","R","BOSS","M","$","M","M","?","E","R","E","T","R","M","R","M","$","R","BOSS"],"build_version":"2018-11-08","purchased_purges":1,"victory":false,"max_hp_per_floor":[68,68,68,68,68,68,68,68,68,68,68,68,68,68,68,68,68,68,68,68,68,78,78,78,78,78,78,78,78,78,78,78,78],"card_choices":[{"not_picked":["Warcry","Pommel Strike"],"picked":"Hemokinesis","floor":1},{"not_picked":["Headbutt","Heavy Blade"],"picked":"Impervious","floor":2},{"not_picked":["Evolve","Flex"],"picked":"Heavy Blade","floor":3},{"not_picked":["Armaments","True Grit"],"picked":"Heavy Blade","floor":4},{"not_picked":["Iron Wave","Second Wind"],"picked":"Flex","floor":5},{"not_picked":["True Grit","Body Slam"],"picked":"Uppercut","floor":7},{"not_picked":["Perfected Strike","Wild Strike"],"picked":"Pommel Strike","floor":11},{"not_picked":["Body Slam","Iron Wave"],"picked":"Heavy Blade","floor":12},{"not_picked":["Searing Blow","Brutality"],"picked":"Carnage","floor":13},{"not_picked":["Pommel Strike","Clothesline"],"picked":"Uppercut","floor":14},{"not_picked":["Brutality","Berserk"],"picked":"Fiend Fire","floor":16},{"not_picked":["Sever Soul+1","Body Slam"],"picked":"Armaments","floor":18},{"not_picked":["Clash","Sever Soul"],"picked":"Spot Weakness","floor":20},{"not_picked":["Rupture","Body Slam"],"picked":"Rage","floor":21},{"not_picked":["True Grit","Clothesline"],"picked":"Havoc+1","floor":23},{"not_picked":["Anger","Corruption"],"picked":"Feel No Pain","floor":25},{"not_picked":["Heavy Blade","Cleave"],"picked":"True Grit","floor":28},{"not_picked":["Havoc","Iron Wave"],"picked":"Infernal Blade+1","floor":30}],"player_experience":783901,"relics_obtained":[{"floor":7,"key":"Gambling Chip"},{"floor":9,"key":"Mercury Hourglass"},{"floor":11,"key":"Du-Vu Doll"},{"floor":23,"key":"PreservedInsect"},{"floor":25,"key":"Pantograph"},{"floor":26,"key":"Red Skull"}],"event_choices":[{"cards_removed":["Panache"],"damage_healed":33,"gold_gain":0,"player_choice":"Offered Rare","damage_taken":0,"max_hp_gain":10,"max_hp_loss":0,"event_name":"Bonfire Elementals","floor":22,"gold_loss":0}],"is_beta":true,"boss_relics":[{"not_picked":["Astrolabe","Orrery"],"picked":"Philosopher\u0027s Stone"}],"items_purged_floors":[31],"is_endless":false,"potions_floor_spawned":[2,3,4,11,13,20,23,28],"killed_by":"Champ","ascension_level":16}