{"gold_per_floor":[119,137,156,156,179,179,222,222,222,222,248,248,272,46,46,137,137,156,170,95,108,108,108,133,7,7,7,7,7,21,56,56,56],"floor_reached":33,"playtime":1062,"items_purged":["Strike_G"],"score":493,"play_id":"2d7a11d2-7162-4079-9f4e-9730f7140586","local_time":"20181112100203","is_ascension_mode":true,"campfire_choices":[{"data":"Infinite Blades","floor":6,"key":"SMITH"},{"data":"Noxious Fumes","floor":10,"key":"SMITH"},{"data":"Skewer","floor":12,"key":"SMITH"},{"data":"Terror","floor":15,"key":"SMITH"},{"data":"Leg Sweep","floor":23,"key":"SMITH"},{"floor":29,"key":"REST"},{"data":"Noxious Fumes","floor":32,"key":"SMITH"}],"neow_cost":"NONE","seed_source_timestamp":3814124717544,"circlet_count":0,"master_deck":["AscendersBane","Defend_G","Defend_G","Defend_G","Defend_G","Defend_G","Strike_G+1","Strike_G","Strike_G","Survivor","Neutralize+1","Infinite Blades+1","Skewer+1","Noxious Fumes+1","Blur","Backflip","Terror+1","Corpse Explosion","Noxious Fumes+1","Leg Sweep+1","Flying Knee+1","Backstab"],"relics":["Ring of the Snake","Golden Idol","Mummified Hand","Happy Flower","TwistedFunnel","Snecko Eye","Regal Pillow","Dodecahedron","Nloth\u0027s Gift","Ancient Tea Set"],"potions_floor_usage":[7,7,21,33],"damage_taken":[{"damage":0,"enemies":"Cultist","floor":1,"turns":4},{"damage":1,"enemies":"2 Louse","floor":2,"turns":3},{"damage":0,"enemies":"Jaw Worm","floor":3,"turns":3},{"damage":7,"enemies":"3 Louse","floor":5,"turns":3},{"damage":0,"enemies":"Lagavulin","floor":7,"turns":7},{"damage":0,"enemies":"Looter","floor":13,"turns":4},{"damage":10,"enemies":"The Guardian","floor":16,"turns":9},{"damage":10,"enemies":"Shell Parasite","floor":18,"turns":4},{"damage":0,"enemies":"Chosen","floor":19,"turns":4},{"damage":23,"enemies":"Snake Plant","floor":21,"turns":3},{"damage":13,"enemies":"Colosseum Slavers","floor":22,"turns":3},{"damage":0,"enemies":"Centurion and Healer","floor":24,"turns":2},{"damage":1,"enemies":"Cultist and Chosen","floor":30,"turns":4},{"damage":16,"enemies":"Slavers","floor":31,"turns":3},{"damage":31,"enemies":"Automaton","floor":33,"turns":6}],"seed_played":"3894179531085533916","potions_obtained":[{"floor":1,"key":"SpeedPotion"},{"floor":5,"key":"AttackPotion"},{"floor":13,"key":"FearPotion"},{"floor":16,"key":"Strength Potion"},{"floor":24,"key":"Swift Potion"},{"floor":31,"key":"EssenceOfSteel"}],"is_trial":false,"path_per_floor":["M","M","M","?","M","R","E","?","T","R","T","R","M","$","R","B",null,"M","M","?","M","?","R","M","$","T","?","?","R","M","E","R","B"],"character_chosen":"THE_SILENT","items_purchased":["TwistedFunnel","Regal Pillow"],"campfire_rested":1,"item_purchase_floors":[14,25],"current_hp_per_floor":[65,64,64,64,57,57,57,44,44,44,44,44,44,44,44,34,59,49,49,49,26,13,13,13,13,13,13,13,48,47,31,31,0],"gold":56,"neow_bonus":"TEN_PERCENT_HP_BONUS","is_prod":false,"is_daily":false,"chose_seed":false,"campfire_upgraded":6,"win_rate":0,"timestamp":1542013323,"path_taken":["M","M","M","?","M","R","E","?","T","R","?","R","M","$","R","BOSS","M","M","?","M","?","R","M","$","T","?","?","R","M","E","R","BOSS"],"build_version":"2018-11-08","purchased_purges":1,"victory":false,"max_hp_per_floor":[72,72,72,67,67,67,67,67,67,67,67,67,67,67,67,67,67,67,67,67,67,67,67,67,67,67,67,67,67,67,67,67,67],"card_choices":[{"not_picked":["All Out Attack","Blade Dance"],"picked":"Infinite Blades","floor":1},{"not_picked":["PiercingWail","Dagger Spray"],"picked":"Skewer","floor":2},{"not_picked":["Expertise","Tactician"],"picked":"Noxious Fumes","floor":3},{"not_picked":["Calculated Gamble","Underhanded Strike"],"picked":"Blur","floor":5},{"not_picked":["Setup","Eviscerate"],"picked":"Backflip","floor":7},{"not_picked":["Cloak And Dagger","Backflip"],"picked":"Terror","floor":13},{"not_picked":["A Thousand Cuts","Burst"],"picked":"Corpse Explosion","floor":16},{"not_picked":["Quick Slash","Bane"],"picked":"Noxious Fumes","floor":18},{"not_picked":["Backflip+1","Finisher"],"picked":"Leg Sweep","floor":19},{"not_picked":["Deflect","Prepared"],"picked":"Flying Knee+1","floor":21},{"not_picked":["Accuracy","Slice"],"picked":"Backstab","floor":24},{"not_picked":["Prepared","Dodge and Roll","Escape Plan"],"picked":"SKIP","floor":30},{"not_picked":["Grand Finale","PiercingWail","Blade Dance"],"picked":"SKIP","floor":31}],"player_experience":790569,"relics_obtained":[{"floor":7,"key":"Mummified Hand"},{"floor":9,"key":"The Courier"},{"floor":11,"key":"Happy Flower"},{"floor":26,"key":"Dodecahedron"},{"floor":31,"key":"Ancient Tea Set"}],"event_choices":[{"damage_healed":0,"gold_gain":0,"player_choice":"Lose Max HP","damage_taken":0,"relics_obtained":["Golden Idol"],"max_hp_gain":0,"max_hp_loss":5,"event_name":"Golden Idol","floor":4,"gold_loss":0},{"damage_healed":0,"gold_gain":0,"player_choice":"Entered Light","damage_taken":13,"max_hp_gain":0,"max_hp_loss":0,"event_name":"Shining Light","floor":8,"gold_loss":0,"cards_upgraded":["Strike_G","Neutralize"]},{"cards_removed":["Strike_G"],"damage_healed":0,"gold_gain":0,"player_choice":"Gave Gold","damage_taken":0,"max_hp_gain":0,"max_hp_loss":0,"event_name":"Beggar","floor":20,"gold_loss":75},{"damage_healed":0,"gold_gain":0,"player_choice":"Fight","damage_taken":0,"max_hp_gain":0,"max_hp_loss":0,"event_name":"Colosseum","floor":22,"gold_loss":0},{"damage_healed":0,"gold_gain":0,"player_choice":"Fled From Nobs","damage_taken":0,"max_hp_gain":0,"max_hp_loss":0,"event_name":"Colosseum","floor":22,"gold_loss":0},{"damage_healed":0,"gold_gain":0,"player_choice":"Traded Relic","damage_taken":0,"relics_obtained":["Nloth\u0027s Gift"],"max_hp_gain":0,"max_hp_loss":0,"event_name":"N\u0027loth","floor":28,"relics_lost":["The Courier"],"gold_loss":0}],"is_beta":true,"boss_relics":[{"not_picked":["Ectoplasm","Astrolabe"],"picked":"Snecko Eye"}],"items_purged_floors":[14],"is_endless":false,"potions_floor_spawned":[1,5,13,16,19,24,31],"killed_by":"Automaton","ascension_level":14}