{"gold_per_floor":[4514,4528,4548,82,97,130,130,205,229,229,248,282,282,309,309,381,381,401,413,90,109,109,141,175,175,199,214,261,261,275,306,306,385,385,403,37,37,37,85,118,118,148,148,148,181,257,257,271,271,271,271,271,271,165,190,190],"floor_reached":57,"playtime":877,"items_purged":["Strike_R"],"score":4428,"play_id":"d8c7fd51-d7dc-42d5-9f4f-0ac81b0b6646","local_time":"20190929145711","is_ascension_mode":true,"campfire_choices":[{"floor":10,"key":"DIG"},{"floor":13,"key":"DIG"},{"data":"Mind Blast","floor":15,"key":"SMITH"},{"floor":25,"key":"DIG"},{"floor":29,"key":"DIG"},{"floor":32,"key":"DIG"},{"floor":41,"key":"DIG"},{"floor":44,"key":"RECALL"},{"floor":47,"key":"DIG"},{"floor":49,"key":"DIG"},{"floor":53,"key":"DIG"}],"neow_cost":"NONE","seed_source_timestamp":10767102653610,"circlet_count":2,"master_deck":["AscendersBane","Strike_R","Strike_R","Strike_R+1","Strike_R","Defend_R","Defend_R","Defend_R","Defend_R","Bash","Good Instincts","Mind Blast","Jack Of All Trades","PanicButton","Forethought","Purity+1","Dark Shackles","Purity","Swift Strike","Purity","Deep Breath","Panacea","Swift Strike","Dark Shackles","Discovery","Bandage Up","Finesse","Forethought","Blind","Dramatic Entrance","Forethought","Forethought","Madness","Bandage Up","Swift Strike","Swift Strike","Mind Blast","Discovery","Discovery","Deep Breath","Forethought","Panacea","Discovery","Finesse","Madness","Mind Blast","Panacea","Purity","Dark Shackles","Bandage Up","Dramatic Entrance","Deep Breath","Mind Blast","Blind","Good Instincts","Discovery","Deep Breath","Jack Of All Trades","Trip","Good Instincts","Blind","Finesse","Finesse","Deep Breath","Madness","Blind","Swift Strike","Jack Of All Trades","Good Instincts","PanicButton","Panacea","Jack Of All Trades","Impatience","Dark Shackles","Swift Strike","Enlightenment","Finesse","Trip","Bandage Up","Mind Blast","Bandage Up","PanicButton","Dramatic Entrance","Good Instincts","Madness","Swift Strike+1","Dark Shackles","Impatience","Dark Shackles","Impatience","Enlightenment","Blind","Deep Breath","Panacea","Purity","Impatience","Jack Of All Trades","Jack Of All Trades","Flash of Steel","Mind Blast","Flash of Steel","Jack Of All Trades","Blind","Mind Blast+1","Panacea+1","Good Instincts","Flash of Steel","Discovery","Panacea","Bandage Up","Good Instincts","Purity","Dramatic Entrance","Dramatic Entrance","Dramatic Entrance","Impatience","Jack Of All Trades","Swift Strike","PanicButton","Swift Strike","Purity","Trip","PanicButton","PanicButton","Blind","Corruption+1"],"relics":["Burning Blood","TungstenRod","Bloody Idol","CeramicFish","The Courier","Membership Card","Strange Spoon","Akabeko","Mango","Torii","Red Skull","Magic Flower","Girya","Prayer Wheel","StrikeDummy","Letter Opener","Nunchaku","Sundial","PreservedInsect","Bag of Marbles","Pen Nib","Meat on the Bone","Happy Flower","CloakClasp","Mercury Hourglass","Potion Belt","Frozen Egg 2","Juzu Bracelet","Tiny Chest","Bronze Scales","Boot","Regal Pillow","Orichalcum","Darkstone Periapt","Pear","Mummified Hand","Ancient Tea Set","Eternal Feather","Toy Ornithopter","Oddly Smooth Stone","War Paint","Anchor","Strawberry","Bag of Preparation","Omamori","Shovel","HornCleat","Thread and Needle","Whetstone","StoneCalendar","Centennial Puzzle","Lantern","Vajra","Blood Vial","Dream Catcher","Shuriken","MealTicket","Paper Frog","Molten Egg 2","CeramicFish","InkBottle","Blue Candle","Kunai","Toxic Egg 2","Bottled Flame","Busted Crown","Gremlin Horn","Dodecahedron","Question Card","Ornamental Fan","Red Mask","White Beast Statue","Pantograph","Ice Cream","The Courier","Singing Bowl","Self Forming Clay","SacredBark","Du-Vu Doll","Lizard Tail","Incense Burner","Turnip","Dead Branch","Unceasing Top","Gambling Chip","Ginger","Champion Belt","CaptainsWheel","Calipers","Circlet","Toolbox"],"potions_floor_usage":[56,56,56,56,56],"damage_taken":[{"damage":0,"enemies":"Jaw Worm","floor":1,"turns":1},{"damage":0,"enemies":"Cultist","floor":2,"turns":1},{"damage":0,"enemies":"Small Slimes","floor":3,"turns":1},{"damage":0,"enemies":"2 Fungi Beasts","floor":5,"turns":1},{"damage":0,"enemies":"Gremlin Nob","floor":6,"turns":1},{"damage":0,"enemies":"Gremlin Gang","floor":11,"turns":1},{"damage":0,"enemies":"3 Sentries","floor":12,"turns":1},{"damage":0,"enemies":"Gremlin Nob","floor":14,"turns":1},{"damage":0,"enemies":"The Guardian","floor":16,"turns":1},{"damage":0,"enemies":"3 Byrds","floor":18,"turns":1},{"damage":0,"enemies":"2 Thieves","floor":19,"turns":1},{"damage":0,"enemies":"Sentry and Sphere","floor":21,"turns":1},{"damage":0,"enemies":"Slavers","floor":23,"turns":1},{"damage":0,"enemies":"Masked Bandits","floor":24,"turns":1},{"damage":0,"enemies":"Shelled Parasite and Fungi","floor":27,"turns":1},{"damage":0,"enemies":"Gremlin Leader","floor":28,"turns":1},{"damage":0,"enemies":"Centurion and Healer","floor":30,"turns":1},{"damage":0,"enemies":"Book of Stabbing","floor":31,"turns":1},{"damage":0,"enemies":"Champ","floor":33,"turns":1},{"damage":0,"enemies":"3 Shapes","floor":35,"turns":1},{"damage":0,"enemies":"2 Orb Walkers","floor":39,"turns":1},{"damage":0,"enemies":"Giant Head","floor":40,"turns":1},{"damage":0,"enemies":"Nemesis","floor":42,"turns":1},{"damage":0,"enemies":"Giant Head","floor":45,"turns":1},{"damage":0,"enemies":"3 Darklings","floor":48,"turns":1},{"damage":0,"enemies":"Time Eater","floor":50,"turns":1},{"damage":0,"enemies":"Donu and Deca","floor":51,"turns":1},{"damage":0,"enemies":"Shield and Spear","floor":55,"turns":1},{"damage":9,"enemies":"The Heart","floor":56,"turns":6}],"seed_played":"7357235423019460856","potions_obtained":[{"floor":6,"key":"Strength Potion"},{"floor":11,"key":"DuplicationPotion"},{"floor":14,"key":"Dexterity Potion"},{"floor":23,"key":"Fire Potion"},{"floor":37,"key":"EntropicBrew"},{"floor":55,"key":"AttackPotion"}],"is_trial":false,"path_per_floor":["M","M","M","$","M","E","?","?","T","R","M","E","R","E","R","B",null,"M","M","$","M","?","E","?","R","T","M","E","R","M","E","R","B",null,"M","$","?","?","?","E","R","E","T","R","E","T","R","M","R","B","B",null,"R","$","E","B",null],"character_chosen":"IRONCLAD","items_purchased":["Strange Spoon","Akabeko","Mango","Torii","Red Skull","Magic Flower","Girya","Prayer Wheel","StrikeDummy","Letter Opener","Nunchaku","Sundial","PreservedInsect","Bag of Marbles","Pen Nib","Meat on the Bone","Happy Flower","CloakClasp","Mercury Hourglass","Potion Belt","Frozen Egg 2","Juzu Bracelet","Tiny Chest","Bronze Scales","Boot","Regal Pillow","Orichalcum","Darkstone Periapt","Pear","Mummified Hand","Ancient Tea Set","Eternal Feather","Toy Ornithopter","Oddly Smooth Stone","War Paint","Anchor","Strawberry","Bag of Preparation","Omamori","Shovel","HornCleat","Thread and Needle","Whetstone","StoneCalendar","Centennial Puzzle","Lantern","Vajra","Blood Vial","Dream Catcher","Shuriken","MealTicket","Paper Frog","Molten Egg 2","CeramicFish","Gremlin Horn","Dodecahedron","Question Card","Du-Vu Doll","Lizard Tail","Incense Burner","Toolbox"],"campfire_rested":0,"item_purchase_floors":[4,4,4,4,4,4,4,4,4,4,4,4,4,4,4,4,4,4,4,4,4,4,4,4,4,4,4,4,4,4,4,4,4,4,4,4,4,4,4,4,4,4,4,4,4,4,4,4,4,4,4,4,4,4,20,20,20,36,36,36,54],"current_hp_per_floor":[60,60,60,91,91,91,91,86,91,91,91,91,91,91,91,91,91,91,91,91,91,65,82,96,96,96,96,96,96,96,98,98,100,100,104,104,104,99,101,103,103,105,105,105,107,107,107,111,111,111,111,111,111,111,113,113],"gold":190,"neow_bonus":"TEN_PERCENT_HP_BONUS","is_prod":false,"is_daily":false,"chose_seed":false,"campfire_upgraded":1,"win_rate":0,"timestamp":1569761831,"path_taken":["M","M","M","$","M","E","?","?","T","R","M","E","R","E","R","BOSS","M","M","$","M","?","E","?","R","T","M","E","R","M","E","R","BOSS","M","$","?","?","?","E","R","E","T","R","E","?","R","M","R","BOSS","BOSS","R","$","E","BOSS"],"build_version":"2019-09-27","purchased_purges":1,"victory":true,"max_hp_per_floor":[60,60,60,91,91,91,91,91,91,91,91,91,91,91,91,91,91,91,91,91,91,96,96,96,96,96,96,96,96,96,98,98,100,100,104,104,104,99,101,103,103,105,105,105,107,107,107,111,111,111,111,111,111,111,113,113],"card_choices":[{"not_picked":["Heavy Blade","Sword Boomerang","Cleave"],"picked":"SKIP","floor":1},{"not_picked":["Warcry","Intimidate","Thunderclap"],"picked":"SKIP","floor":2},{"not_picked":["Perfected Strike","Body Slam","Whirlwind"],"picked":"SKIP","floor":3},{"not_picked":["Warcry","Spot Weakness","Thunderclap+1"],"picked":"SKIP","floor":5},{"not_picked":["Iron Wave+1","Body Slam+1","Pommel Strike+1"],"picked":"SKIP","floor":5},{"not_picked":["Shockwave","Exhume","Bludgeon+1"],"picked":"SKIP","floor":6},{"not_picked":["Thunderclap+1","Shrug It Off","Infernal Blade"],"picked":"SKIP","floor":11},{"not_picked":["Pommel Strike+1","Body Slam+1","Dropkick+1"],"picked":"SKIP","floor":11},{"not_picked":["Combust+1","Exhume","Anger+1"],"picked":"SKIP","floor":12},{"not_picked":["Shrug It Off+1","Dark Embrace+1","Havoc+1"],"picked":"SKIP","floor":14},{"not_picked":["Intimidate+1"],"picked":"SKIP","floor":18},{"not_picked":["Iron Wave+1"],"picked":"SKIP","floor":18},{"not_picked":["Metallicize+1"],"picked":"SKIP","floor":19},{"not_picked":["Rupture+1"],"picked":"SKIP","floor":19},{"not_picked":["Thunderclap+1","Disarm+1"],"picked":"SKIP","floor":21},{"not_picked":["Anger+1","Clash+1"],"picked":"SKIP","floor":21},{"not_picked":["Wild Strike+1","Sword Boomerang+1"],"picked":"SKIP","floor":23},{"not_picked":["Hemokinesis+1","Inflame+1"],"picked":"SKIP","floor":27},{"not_picked":["Perfected Strike+1","Anger+1"],"picked":"SKIP","floor":27},{"not_picked":["Rampage+1"],"picked":"Corruption+1","floor":28},{"not_picked":["True Grit+1","Wild Strike+1"],"picked":"SKIP","floor":30},{"not_picked":["Flex+1","Headbutt+1"],"picked":"SKIP","floor":30},{"not_picked":["Clothesline+1","Perfected Strike+1"],"picked":"Singing Bowl","floor":31},{"not_picked":["Reaper+1","Berserk+1"],"picked":"Singing Bowl","floor":33},{"not_picked":["Rage+1","Dual Wield+1"],"picked":"Singing Bowl","floor":35},{"not_picked":["Sever Soul+1","Havoc+1"],"picked":"Singing Bowl","floor":35},{"not_picked":["Clothesline+1","Reckless Charge+1"],"picked":"Singing Bowl","floor":39},{"not_picked":["Clothesline+1","Fire Breathing+1"],"picked":"Singing Bowl","floor":40},{"not_picked":["Burning Pact+1","Spot Weakness+1"],"picked":"Singing Bowl","floor":42},{"not_picked":["Entrench+1","Berserk+1"],"picked":"Singing Bowl","floor":45},{"not_picked":["Body Slam+1","Flame Barrier+1"],"picked":"Singing Bowl","floor":48},{"not_picked":["Metallicize+1","Searing Blow+1"],"picked":"Singing Bowl","floor":48},{"not_picked":["Iron Wave+1","Whirlwind+1"],"picked":"Singing Bowl","floor":55}],"player_experience":2124803,"relics_obtained":[{"floor":6,"key":"InkBottle"},{"floor":9,"key":"Blue Candle"},{"floor":12,"key":"Kunai"},{"floor":13,"key":"Toxic Egg 2"},{"floor":14,"key":"Bottled Flame"},{"floor":23,"key":"Ornamental Fan"},{"floor":24,"key":"Red Mask"},{"floor":25,"key":"White Beast Statue"},{"floor":26,"key":"Pantograph"},{"floor":28,"key":"Ice Cream"},{"floor":29,"key":"The Courier"},{"floor":31,"key":"Singing Bowl"},{"floor":32,"key":"Self Forming Clay"},{"floor":39,"key":"Turnip"},{"floor":40,"key":"Dead Branch"},{"floor":41,"key":"Unceasing Top"},{"floor":42,"key":"Gambling Chip"},{"floor":45,"key":"Ginger"},{"floor":46,"key":"Champion Belt"},{"floor":47,"key":"CaptainsWheel"},{"floor":49,"key":"Calipers"},{"floor":53,"key":"Circlet"},{"floor":55,"key":"Circlet"}],"event_choices":[{"damage_healed":0,"gold_gain":3600,"player_choice":"GOLD GOLD GOLD GOLD GOLD GOLD GOLD GOLD GOLD GOLD GOLD GOLD GOLD GOLD GOLD GOLD GOLD GOLD GOLD GOLD GOLD GOLD GOLD GOLD GOLD GOLD GOLD GOLD GOLD CARD CARD CARD CARD CARD CARD CARD CARD CARD CARD CARD CARD CARD CARD CARD CARD CARD CARD CARD CARD CARD CARD CARD CARD CARD CARD CARD CARD CARD CARD CARD CARD CARD CARD CARD CARD CARD CARD CARD CARD CARD CARD CARD CARD CARD CARD CARD CARD CARD CARD CARD CARD CARD CARD CARD CARD CARD CARD CARD CARD CARD CARD CARD CARD CARD CARD CARD CARD CARD CARD CARD CARD CARD CARD CARD CARD CARD CARD CARD CARD CARD CARD CARD CARD CARD CARD CARD CARD CARD GOLD GOLD GOLD GOLD GOLD GOLD GOLD GOLD GOLD GOLD GOLD CARD CARD CARD CARD CARD CARD CARD CARD CARD CARD CARD CARD CARD CARD CARD CARD CARD CARD CARD CARD CARD CARD CARD CARD CARD CARD ","damage_taken":936,"max_hp_gain":0,"max_hp_loss":0,"event_name":"Knowing Skull","floor":0,"potions_obtained":[],"gold_loss":0,"cards_obtained":["Good Instincts","Mind Blast","Jack Of All Trades","PanicButton","Forethought","Purity","Dark Shackles","Purity","Swift Strike","Purity","Deep Breath","Panacea","Swift Strike","Dark Shackles","Discovery","Bandage Up","Finesse","Forethought","Blind","Dramatic Entrance","Forethought","Forethought","Madness","Bandage Up","Swift Strike","Swift Strike","Mind Blast","Discovery","Discovery","Deep Breath","Forethought","Panacea","Discovery","Finesse","Madness","Mind Blast","Panacea","Purity","Dark Shackles","Bandage Up","Dramatic Entrance","Deep Breath","Mind Blast","Blind","Good Instincts","Discovery","Deep Breath","Jack Of All Trades","Trip","Good Instincts","Blind","Finesse","Finesse","Deep Breath","Madness","Blind","Swift Strike","Jack Of All Trades","Good Instincts","PanicButton","Panacea","Jack Of All Trades","Impatience","Dark Shackles","Swift Strike","Enlightenment","Finesse","Trip","Bandage Up","Mind Blast","Bandage Up","PanicButton","Dramatic Entrance","Good Instincts","Madness","Swift Strike","Dark Shackles","Impatience","Dark Shackles","Impatience","Enlightenment","Blind","Deep Breath","Panacea","Purity","Impatience","Jack Of All Trades","Jack Of All Trades","Flash of Steel","Mind Blast","Flash of Steel","Jack Of All Trades","Blind","Mind Blast","Panacea","Good Instincts","Flash of Steel","Discovery","Panacea","Bandage Up","Good Instincts","Purity","Dramatic Entrance","Dramatic Entrance","Dramatic Entrance","Impatience","Jack Of All Trades","Swift Strike","PanicButton","Swift Strike","Purity","Trip","PanicButton","PanicButton","Blind"]},{"damage_healed":0,"gold_gain":0,"player_choice":"0 cards matched","damage_taken":0,"max_hp_gain":0,"max_hp_loss":0,"event_name":"Match and Keep!","floor":7,"gold_loss":0,"cards_obtained":[]},{"damage_healed":0,"gold_gain":75,"player_choice":"Gather Gold","damage_taken":11,"max_hp_gain":0,"max_hp_loss":0,"event_name":"World of Goop","floor":8,"gold_loss":0},{"damage_healed":0,"gold_gain":0,"player_choice":"Shed Blood","damage_taken":32,"max_hp_gain":5,"max_hp_loss":0,"event_name":"Forgotten Altar","floor":22,"gold_loss":0},{"damage_healed":0,"gold_gain":0,"player_choice":"Fought Bandits","damage_taken":0,"max_hp_gain":0,"max_hp_loss":0,"event_name":"Masked Bandits","floor":24,"gold_loss":0},{"damage_healed":0,"gold_gain":0,"player_choice":"Got Potions","damage_taken":0,"max_hp_gain":0,"max_hp_loss":0,"event_name":"Lab","floor":37,"gold_loss":0},{"damage_healed":0,"gold_gain":0,"player_choice":"Max HP","damage_taken":0,"max_hp_gain":0,"max_hp_loss":5,"event_name":"Winding Halls","floor":38,"gold_loss":0},{"damage_healed":0,"gold_gain":0,"player_choice":"Fight","damage_taken":0,"max_hp_gain":0,"max_hp_loss":0,"event_name":"Mysterious Sphere","floor":39,"gold_loss":0}],"is_beta":true,"boss_relics":[{"not_picked":["Snecko Eye","Runic Dome"],"picked":"Busted Crown"},{"not_picked":["Sozu","Calling Bell"],"picked":"SacredBark"}],"items_purged_floors":[54],"is_endless":false,"potions_floor_spawned":[6,11,14,23,27,28,30,31,33,35,39,40,42,45,48,55],"ascension_level":20}