{"gold_per_floor":[20,20,30,105,116,116,150,150,173,185,185,203,218,253,253,327,327,344,269,285,302,313,313,344,358,382,393,411,411,440,459,459,536,536,553,564,583,593,604,633,127,127,127,127,160,178,178,178,178,178],"floor_reached":50,"playtime":3061,"items_purged":["Strike_R"],"score":1445,"play_id":"dbde7f5a-3914-4421-90ea-e4bfbc0a830b","local_time":"20190201222655","is_ascension_mode":true,"campfire_choices":[{"data":"Inflame","floor":6.0,"key":"SMITH"},{"data":"Bash","floor":11.0,"key":"SMITH"},{"data":"Shockwave","floor":15.0,"key":"SMITH"},{"data":"Corruption","floor":23,"key":"SMITH"},{"data":"infinitespire:OneForAll","floor":29,"key":"SMITH"},{"data":"Limit Break","floor":32,"key":"SMITH"},{"floor":42,"key":"REST"},{"data":"hubris:InfiniteBlow+11","floor":44,"key":"SMITH"},{"data":"hubris:InfiniteBlow+12","floor":47,"key":"SMITH"},{"floor":49,"key":"REST"}],"neow_cost":"NO_GOLD","seed_source_timestamp":0,"circlet_count":0,"master_deck":["AscendersBane","Strike_R+1","Strike_R","Strike_R","Strike_R","Defend_R","Defend_R","Defend_R+1","Defend_R","Bash+1","Inflame+1","Sword Boomerang+1","Pummel","Armaments+1","Corruption+1","Shockwave+1","Immolate","Shrug It Off","Limit Break+1","infinitespire:OneForAll+1","Disarm","Havoc","Sentinel","Fiend Fire","Havoc+1","Havoc","Barricade","Body Slam","Shrug It Off+1","Parasite","Armaments+1","hubris:InfiniteBlow+13","infinitespire:Virus","Metallicize+1","Master of Strategy","Finesse","Apotheosis"],"special_seed":0,"relics":["Burning Blood","StoneCalendar","Whetstone","Oddly Smooth Stone","Orichalcum","hubris:Backtick","Dead Branch","Bronze Scales","hubris:ToyBattleship","Centennial Puzzle","War Paint","Snecko Eye","Lantern","Mercury Hourglass","Sundial","infinitespire:Joker Card"],"potions_floor_usage":[50],"damage_taken":[{"damage":2.0,"enemies":"Cultist","floor":1.0,"turns":4.0},{"damage":0.0,"enemies":"2 Louse","floor":3.0,"turns":4.0},{"damage":5.0,"enemies":"Small Slimes","floor":5.0,"turns":4.0},{"damage":8.0,"enemies":"Gremlin Nob","floor":7.0,"turns":3.0},{"damage":22.0,"enemies":"Exordium Thugs","floor":10.0,"turns":4.0},{"damage":18.0,"enemies":"Lots of Slimes","floor":12.0,"turns":3.0},{"damage":2.0,"enemies":"Looter","floor":13.0,"turns":5.0},{"damage":6.0,"enemies":"Lagavulin","floor":14.0,"turns":5.0},{"damage":30.0,"enemies":"The Guardian","floor":16.0,"turns":10.0},{"damage":0,"enemies":"Spheric Guardian","floor":18,"turns":3},{"damage":21,"enemies":"2 Thieves","floor":20,"turns":4},{"damage":8,"enemies":"3 Cultists","floor":21,"turns":4},{"damage":12,"enemies":"Snecko","floor":22,"turns":2},{"damage":0,"enemies":"Nightmare","floor":24,"turns":7},{"damage":9,"enemies":"Centurion and Healer","floor":25,"turns":5},{"damage":18,"enemies":"Snake Plant","floor":27,"turns":2},{"damage":6,"enemies":"Shelled Parasite and Fungi","floor":28,"turns":3},{"damage":0,"enemies":"Book of Stabbing","floor":30,"turns":3},{"damage":2,"enemies":"Sentry and Sphere","floor":31,"turns":3},{"damage":26,"enemies":"Champ","floor":33,"turns":8},{"damage":22,"enemies":"Orb Walker","floor":35,"turns":4},{"damage":30,"enemies":"3 Shapes","floor":36,"turns":1},{"damage":27,"enemies":"Transient","floor":37,"turns":5},{"damage":0,"enemies":"Writhing Mass","floor":38,"turns":7},{"damage":7,"enemies":"3 Darklings","floor":39,"turns":3},{"damage":0,"enemies":"Nightmare","floor":40,"turns":5},{"damage":0,"enemies":"Nemesis","floor":45,"turns":3},{"damage":22,"enemies":"Spire Growth","floor":46,"turns":3},{"damage":45,"enemies":"infinitespire:MassOfShapes","floor":50,"turns":1}],"seed_played":"7568272116526795027","potions_obtained":[{"floor":3.0,"key":"PowerPotion"},{"floor":7.0,"key":"Weak Potion"},{"floor":10.0,"key":"Block Potion"},{"floor":13.0,"key":"FairyPotion"},{"floor":24,"key":"infinitespire:BlackPotion"},{"floor":39,"key":"SpeedPotion"}],"is_trial":false,"path_per_floor":["M","?","M","?","M","R","E","?","T","M","R","M","M","E","R","B",null,"M","$","M","M","M","R","NM","M","T","M","M","R","E","M","R","B",null,"M","M","M","M","M","NM","?","R","T","R","E","M","R","?","R","B"],"character_chosen":"IRONCLAD","items_purchased":[],"campfire_rested":2,"item_purchase_floors":[],"current_hp_per_floor":[72,72,75,64,65,65,63,63,63,47,47,35,39,39,39,15,60,66,66,51,49,43,43,49,46,46,34,34,34,40,44,44,24,62,46,22,10,16,15,21,21,43,43,43,49,33,33,23,45,0],"gold":178,"neow_bonus":"ONE_RARE_RELIC","is_prod":false,"is_daily":false,"chose_seed":false,"campfire_upgraded":8,"win_rate":0,"timestamp":1549056415,"path_taken":["M","?","M","?","M","R","E","?","T","M","R","M","?","E","R","BOSS","BOSS","M","$","M","M","M","R","NM","M","T","M","?","R","E","M","R","BOSS","M","M","M","M","M","NM","?","R","T","R","E","?","R","?","R","BOSS"],"build_version":"2019-01-23","purchased_purges":1,"victory":false,"max_hp_per_floor":[75,75,75,75,75,75,75,75,75,75,75,75,75,75,75,75,75,75,75,75,75,75,75,75,75,75,75,75,75,75,75,75,75,75,75,75,75,75,75,75,75,75,75,75,75,75,75,75,75,75],"card_choices":[{"not_picked":["Power Through","Flex"],"picked":"Inflame","floor":1.0},{"not_picked":["Rupture","Twin Strike"],"picked":"Sword Boomerang","floor":3.0},{"not_picked":["Entrench","Second Wind"],"picked":"Pummel","floor":5.0},{"not_picked":["Pommel Strike","Dropkick"],"picked":"Armaments","floor":7.0},{"not_picked":["True Grit","Fire Breathing"],"picked":"Corruption","floor":10.0},{"not_picked":["Pommel Strike","Cleave"],"picked":"Shockwave","floor":12.0},{"not_picked":["True Grit","Blood for Blood"],"picked":"Immolate","floor":13.0},{"not_picked":["Infernal Blade","Intimidate"],"picked":"Shrug It Off","floor":14.0},{"not_picked":["Brutality","Exhume"],"picked":"Limit Break","floor":16},{"not_picked":["hubris:ReadiedAction+1","Warcry"],"picked":"infinitespire:OneForAll","floor":18},{"not_picked":["Twin Strike","Second Wind"],"picked":"Disarm","floor":20},{"not_picked":["Heavy Blade","Clothesline"],"picked":"Havoc","floor":21},{"not_picked":["Warcry","Sword Boomerang+1","Uppercut"],"picked":"SKIP","floor":22},{"not_picked":["Headbutt","Sword Boomerang"],"picked":"Sentinel","floor":24},{"not_picked":["Blood for Blood","Warcry"],"picked":"Fiend Fire","floor":25},{"not_picked":["Warcry","Clash+1"],"picked":"Havoc","floor":27},{"not_picked":["Bloodletting","Clash","Havoc"],"picked":"SKIP","floor":28},{"not_picked":["Flex","True Grit","Immolate"],"picked":"SKIP","floor":30},{"not_picked":["Perfected Strike","Fire Breathing"],"picked":"Havoc","floor":31},{"not_picked":["Immolate","Juggernaut"],"picked":"Barricade","floor":33},{"not_picked":["Heavy Blade","Iron Wave","Sword Boomerang"],"picked":"SKIP","floor":35},{"not_picked":["Headbutt+1","hubris:SharpeningStone+1"],"picked":"Body Slam","floor":36},{"not_picked":["Flame Barrier","Ghostly Armor"],"picked":"Shrug It Off+1","floor":37},{"not_picked":["Anger","Perfected Strike+1"],"picked":"Armaments+1","floor":38},{"not_picked":["hubris:CleavingFinish","Rupture+1","Pommel Strike"],"picked":"SKIP","floor":39},{"not_picked":["hubris:Rewind","infinitespire:Collect"],"picked":"hubris:InfiniteBlow+11","floor":40},{"not_picked":["Heavy Blade+1","Anger","Havoc"],"picked":"SKIP","floor":40},{"not_picked":["infinitespire:NeuralNetwork","infinitespire:Execution"],"picked":"infinitespire:Virus","floor":41},{"not_picked":["Heavy Blade","Body Slam"],"picked":"Metallicize+1","floor":45},{"not_picked":["Heavy Blade+1","Flame Barrier","Ghostly Armor"],"picked":"SKIP","floor":46},{"not_picked":["Impatience","Apotheosis"],"picked":"Master of Strategy","floor":48},{"not_picked":["Deep Breath","Flash of Steel"],"picked":"Finesse","floor":48},{"not_picked":["Metamorphosis","Blind"],"picked":"Apotheosis","floor":48}],"player_experience":1215730,"relics_obtained":[{"floor":7.0,"key":"Whetstone"},{"floor":9.0,"key":"Oddly Smooth Stone"},{"floor":14.0,"key":"Orichalcum"},{"floor":24,"key":"hubris:ToyBattleship"},{"floor":26,"key":"Centennial Puzzle"},{"floor":30,"key":"War Paint"},{"floor":40,"key":"Lantern"},{"floor":43,"key":"Mercury Hourglass"},{"floor":45,"key":"infinitespire:Joker Card"}],"event_choices":[{"damage_healed":0.0,"max_hp_gain":0.0,"max_hp_loss":0.0,"gold_gain":0.0,"event_name":"The Cleric","player_choice":"Leave","floor":2.0,"gold_loss":0.0,"damage_taken":0.0},{"damage_healed":0.0,"max_hp_gain":0.0,"max_hp_loss":0.0,"gold_gain":75.0,"event_name":"World of Goop","player_choice":"Gather Gold","floor":4.0,"gold_loss":0.0,"damage_taken":11.0},{"damage_healed":0,"gold_gain":0,"player_choice":"Memory 3","damage_taken":10,"max_hp_gain":0,"max_hp_loss":0,"event_name":"SensoryStone","floor":48,"gold_loss":0}],"is_beta":false,"boss_relics":[{"not_picked":["Coffee Dripper","Lizard Tail"],"picked":"hubris:Backtick"},{"not_picked":["infinitespire:Burning Sword","Runic Cube"],"picked":"Snecko Eye"}],"items_purged_floors":[19],"is_endless":true,"potions_floor_spawned":[3,7,10,13,14,18,21,22,24,30,31,39,40,46],"killed_by":"infinitespire:MassOfShapes","ascension_level":20}