{"gold_per_floor":[115,65,78,97,114,114,82,100,126,126,137,65,65,77,77,77],"floor_reached":16,"playtime":2457,"items_purged":[],"score":155,"play_id":"42814e81-8b61-43e7-8a1a-ff8f8f3a4d9a","local_time":"20181023212827","is_ascension_mode":true,"campfire_choices":[{"data":"Neutralize","floor":6,"key":"SMITH"},{"data":"Terror","floor":10,"key":"SMITH"},{"data":"Envenom","floor":13,"key":"SMITH"},{"floor":15,"key":"REST"}],"neow_cost":"TEN_PERCENT_HP_LOSS","seed_source_timestamp":38177543901902,"circlet_count":0,"master_deck":["Defend_G","Defend_G","Defend_G","Defend_G","Defend_G","Strike_G","Strike_G","Strike_G","Strike_G","Survivor","Neutralize+1","AscendersBane","Good Instincts","Purity","Bane","Cloak And Dagger","Cloak And Dagger","Flying Knee","Terror+1","Envenom+1","Dash","Flying Knee"],"relics":["Ring of the Snake","Omamori"],"potions_floor_usage":[11,16,16],"damage_taken":[{"damage":2,"enemies":"Jaw Worm","floor":1,"turns":6},{"damage":0,"enemies":"2 Louse","floor":3,"turns":3},{"damage":0,"enemies":"Cultist","floor":4,"turns":5},{"damage":4,"enemies":"2 Fungi Beasts","floor":5,"turns":5},{"damage":28,"enemies":"Exordium Wildlife","floor":8,"turns":10},{"damage":8,"enemies":"3 Louse","floor":11,"turns":4},{"damage":0,"enemies":"2 Fungi Beasts","floor":14,"turns":3},{"damage":48,"enemies":"Slime Boss","floor":16,"turns":7}],"seed_played":"-9133298524668428227","potions_obtained":[{"floor":5,"key":"LiquidBronze"},{"floor":8,"key":"PowerPotion"},{"floor":11,"key":"EssenceOfSteel"}],"is_trial":false,"path_per_floor":["M","?","M","M","M","R","?","M","T","R","M","$","R","M","R"],"character_chosen":"THE_SILENT","items_purchased":["Dash"],"campfire_rested":1,"item_purchase_floors":[12],"current_hp_per_floor":[61,61,61,61,57,57,57,29,29,29,21,21,21,21,39,0],"gold":77,"neow_bonus":"RANDOM_COLORLESS_2","is_prod":false,"is_daily":false,"chose_seed":false,"campfire_upgraded":3,"win_rate":0,"timestamp":1540322907,"path_taken":["M","?","M","?","M","R","?","M","T","R","M","$","R","M","R","BOSS"],"build_version":"2018-10-22","purchased_purges":0,"victory":false,"max_hp_per_floor":[63,63,63,63,63,63,63,63,63,63,63,63,63,63,63,63],"card_choices":[{"not_picked":["Deflect","Riddle With Holes"],"picked":"Bane","floor":1},{"not_picked":["Calculated Gamble","Underhanded Strike"],"picked":"Cloak And Dagger","floor":3},{"not_picked":["Dagger Spray","Acrobatics"],"picked":"Cloak And Dagger","floor":4},{"not_picked":["Cloak And Dagger","Prepared"],"picked":"Flying Knee","floor":5},{"not_picked":["Acrobatics","Well Laid Plans"],"picked":"Terror","floor":8},{"not_picked":["Dagger Throw","Slice"],"picked":"Envenom","floor":11},{"not_picked":["Outmaneuver","Prepared"],"picked":"Flying Knee","floor":14}],"player_experience":664337,"relics_obtained":[{"floor":9,"key":"Omamori"}],"event_choices":[{"cards_removed":["Strike_G"],"damage_healed":0,"gold_gain":0,"player_choice":"Card Removal","damage_taken":0,"max_hp_gain":0,"max_hp_loss":0,"event_name":"The Cleric","floor":2,"gold_loss":50},{"damage_healed":0,"gold_gain":0,"player_choice":"Left Gold","damage_taken":0,"max_hp_gain":0,"max_hp_loss":0,"event_name":"World of Goop","floor":7,"gold_loss":32}],"is_beta":true,"boss_relics":[],"items_purged_floors":[],"is_endless":false,"potions_floor_spawned":[5,8,11],"killed_by":"Slime Boss","ascension_level":13}