{"gold_per_floor":[111,111,130,130,141,169,169,179,179,194,212,238,265,265,265,342,342,342,262,18,18,18,18,18,18,18,18,18,18,18],"floor_reached":30,"playtime":1360,"items_purged":["Strike_G"],"score":545,"play_id":"2c903b6d-a8bc-4cdf-b4fc-3d8c6f20e5e4","local_time":"20190403165307","is_ascension_mode":true,"campfire_choices":[{"data":"Catalyst","floor":7,"key":"SMITH"},{"data":"Poisoned Stab","floor":15,"key":"SMITH"},{"data":"A Thousand Cuts","floor":23,"key":"SMITH"},{"data":"Malaise","floor":25,"key":"SMITH"}],"neow_cost":"NONE","seed_source_timestamp":24778422821484,"circlet_count":0,"master_deck":["AscendersBane","Defend_G","Defend_G","Defend_G","Defend_G","Defend_G","Strike_G","Strike_G","Survivor","Neutralize+1","Endless Agony","Deadly Poison+1","Cloak And Dagger","Catalyst+1","Poisoned Stab+1","Dodge and Roll","Well Laid Plans","A Thousand Cuts+1","Acrobatics","Skewer","Terror","Tools of the Trade","Malaise+1","PiercingWail","Acrobatics"],"relics":["Ring of the Snake","Thread and Needle","Unceasing Top","Mango","Odd Mushroom","Ectoplasm","Oddly Smooth Stone","FossilizedHelix","Bag of Marbles"],"potions_floor_usage":[16],"damage_taken":[{"damage":0,"enemies":"2 Louse","floor":1,"turns":6},{"damage":10,"enemies":"Small Slimes","floor":3,"turns":4},{"damage":2,"enemies":"Cultist","floor":5,"turns":4},{"damage":35,"enemies":"3 Sentries","floor":6,"turns":13},{"damage":0,"enemies":"Blue Slaver","floor":8,"turns":3},{"damage":0,"enemies":"2 Fungi Beasts","floor":10,"turns":3},{"damage":0,"enemies":"Exordium Wildlife","floor":11,"turns":4},{"damage":1,"enemies":"Lagavulin","floor":12,"turns":5},{"damage":5,"enemies":"The Mushroom Lair","floor":13,"turns":5},{"damage":6,"enemies":"Hexaghost","floor":16,"turns":5},{"damage":12,"enemies":"Spheric Guardian","floor":18,"turns":5},{"damage":18,"enemies":"2 Thieves","floor":19,"turns":4},{"damage":8,"enemies":"Snake Plant","floor":24,"turns":4},{"damage":4,"enemies":"Book of Stabbing","floor":27,"turns":6},{"damage":1,"enemies":"Shelled Parasite and Fungi","floor":29,"turns":7},{"damage":32,"enemies":"Gremlin Leader","floor":30,"turns":4}],"seed_played":"2788713476086291190","potions_obtained":[{"floor":1,"key":"GhostInAJar"},{"floor":10,"key":"Poison Potion"},{"floor":19,"key":"EntropicBrew"}],"is_trial":false,"path_per_floor":["M","?","M","?","M","E","R","M","T","M","M","E","?","?","R","B",null,"M","M","$","?","?","R","M","R","T","E","$","M","E"],"character_chosen":"THE_SILENT","items_purchased":["Oddly Smooth Stone"],"campfire_rested":0,"item_purchase_floors":[20],"current_hp_per_floor":[65,70,60,60,58,23,23,23,23,23,23,36,31,31,31,25,75,63,45,45,45,45,45,37,37,37,33,33,32,0],"gold":18,"neow_bonus":"TEN_PERCENT_HP_BONUS","is_prod":false,"is_daily":false,"chose_seed":false,"campfire_upgraded":4,"win_rate":0,"timestamp":1554303187,"path_taken":["M","?","M","?","M","E","R","M","T","M","?","E","?","?","R","BOSS","M","M","$","?","?","R","M","R","T","E","$","M","E"],"build_version":"2019-01-23","purchased_purges":1,"victory":false,"max_hp_per_floor":[72,77,77,77,77,77,77,77,77,77,77,91,91,91,91,91,91,91,91,91,91,91,91,91,91,91,91,91,91,91],"card_choices":[{"not_picked":["Blade Dance","Dodge and Roll"],"picked":"Endless Agony","floor":1},{"not_picked":["Backflip","Blade Dance"],"picked":"Deadly Poison","floor":3},{"not_picked":["Outmaneuver","Bane"],"picked":"Cloak And Dagger","floor":5},{"not_picked":["Deadly Poison","Underhanded Strike"],"picked":"Catalyst","floor":6},{"not_picked":["Backflip","Doppelganger"],"picked":"Poisoned Stab","floor":8},{"not_picked":["Bane","Quick Slash"],"picked":"Dodge and Roll","floor":10},{"not_picked":["Distraction","Caltrops"],"picked":"Well Laid Plans","floor":11},{"not_picked":["Dagger Spray","Storm of Steel","Bane"],"picked":"SKIP","floor":12},{"not_picked":["Glass Knife","Doppelganger"],"picked":"A Thousand Cuts","floor":16},{"not_picked":["Distraction","Heel Hook"],"picked":"Acrobatics","floor":18},{"not_picked":["Underhanded Strike","Skewer","Sucker Punch"],"picked":"SKIP","floor":19},{"not_picked":["Underhanded Strike","Sucker Punch"],"picked":"Skewer","floor":19},{"not_picked":["Prepared","Crippling Poison"],"picked":"Malaise","floor":24},{"not_picked":["Accuracy","Sucker Punch"],"picked":"PiercingWail","floor":27},{"not_picked":["Outmaneuver","Dagger Throw"],"picked":"Acrobatics","floor":29}],"player_experience":1533112,"relics_obtained":[{"floor":6,"key":"Thread and Needle"},{"floor":9,"key":"Unceasing Top"},{"floor":12,"key":"Mango"},{"floor":13,"key":"Odd Mushroom"},{"floor":26,"key":"FossilizedHelix"},{"floor":27,"key":"Bag of Marbles"}],"event_choices":[{"damage_healed":0,"gold_gain":0,"player_choice":"Donut","damage_taken":0,"max_hp_gain":5,"max_hp_loss":0,"event_name":"Big Fish","floor":2,"gold_loss":0},{"damage_healed":0,"gold_gain":0,"player_choice":"Forge","damage_taken":0,"max_hp_gain":0,"max_hp_loss":0,"event_name":"Accursed Blacksmith","floor":4,"gold_loss":0,"cards_upgraded":["Deadly Poison"]},{"damage_healed":0,"gold_gain":0,"player_choice":"Fought Mushrooms","damage_taken":0,"max_hp_gain":0,"max_hp_loss":0,"event_name":"Mushrooms","floor":13,"gold_loss":0},{"damage_healed":0,"gold_gain":0,"player_choice":"Grow","damage_taken":0,"max_hp_gain":0,"max_hp_loss":0,"event_name":"Living Wall","floor":14,"gold_loss":0,"cards_upgraded":["Neutralize"]},{"damage_healed":0,"gold_gain":0,"cards_transformed":["Strike_G","Strike_G"],"player_choice":"Became Test Subject","damage_taken":0,"max_hp_gain":0,"max_hp_loss":0,"event_name":"Drug Dealer","floor":21,"gold_loss":0,"cards_obtained":["Terror","Tools of the Trade"]},{"damage_healed":0,"gold_gain":0,"player_choice":"Ignored","damage_taken":0,"max_hp_gain":0,"max_hp_loss":0,"event_name":"Vampires","floor":22,"gold_loss":0}],"is_beta":false,"boss_relics":[{"not_picked":["Philosopher\u0027s Stone","Astrolabe"],"picked":"Ectoplasm"}],"items_purged_floors":[20],"is_endless":false,"potions_floor_spawned":[1,10,11,19,24,27,29],"killed_by":"Gremlin Leader","ascension_level":20}