{"gold_per_floor":[118,137,152,152,77,77,94,104,174,209,224,224,242,273,273,273],"floor_reached":16,"playtime":629,"items_purged":["Doubt"],"score":228,"play_id":"79c12262-3d35-4908-b8cc-6558766de319","local_time":"20190120133614","is_ascension_mode":true,"campfire_choices":[{"data":"Rampage","floor":6,"key":"SMITH"},{"data":"Fiend Fire","floor":15,"key":"SMITH"}],"neow_cost":"CURSE","seed_source_timestamp":14106258630311,"circlet_count":0,"master_deck":["AscendersBane","Strike_R","Strike_R","Strike_R","Strike_R","Defend_R","Defend_R","Defend_R","Defend_R","Bash+1","Sword Boomerang","Rampage+1","Rage","Cleave","Fiend Fire+1","Evolve","Shrug It Off"],"relics":["Burning Blood","Mango","hubris:TinFlute","Pocketwatch","Ice Cream"],"potions_floor_usage":[10,10,14],"damage_taken":[{"damage":18,"enemies":"Jaw Worm","floor":1,"turns":8},{"damage":8,"enemies":"Cultist","floor":2,"turns":5},{"damage":15,"enemies":"Small Slimes","floor":3,"turns":4},{"damage":8,"enemies":"Red Slaver","floor":7,"turns":2},{"damage":9,"enemies":"3 Louse","floor":8,"turns":5},{"damage":49,"enemies":"3 Sentries","floor":10,"turns":8},{"damage":1,"enemies":"Exordium Thugs","floor":11,"turns":2},{"damage":8,"enemies":"Gremlin Gang","floor":13,"turns":3},{"damage":5,"enemies":"Gremlin Nob","floor":14,"turns":4},{"damage":30,"enemies":"Slime Boss","floor":16,"turns":6}],"seed_played":"-6413750791339016601","potions_obtained":[{"floor":3,"key":"Explosive Potion"},{"floor":7,"key":"Regen Potion"},{"floor":10,"key":"SpeedPotion"},{"floor":13,"key":"AttackPotion"}],"is_trial":false,"path_per_floor":["M","M","M","?","$","R","M","M","T","E","M","?","M","E","R","B"],"character_chosen":"IRONCLAD","items_purchased":[],"campfire_rested":0,"item_purchase_floors":[],"current_hp_per_floor":[70,68,59,59,59,59,57,54,54,26,31,31,29,30,30,0],"gold":273,"neow_bonus":"ONE_RARE_RELIC","is_prod":false,"is_daily":false,"chose_seed":false,"campfire_upgraded":2,"win_rate":0,"timestamp":1547987774,"path_taken":["M","M","M","?","$","R","M","M","T","E","?","?","?","E","R","BOSS"],"build_version":"2019-01-17v2","purchased_purges":1,"victory":false,"max_hp_per_floor":[89,89,89,89,89,89,89,89,89,89,89,89,89,89,89,89],"card_choices":[{"not_picked":["Shrug It Off","Clothesline"],"picked":"Sword Boomerang","floor":1},{"not_picked":["Evolve","Feel No Pain"],"picked":"Rampage","floor":2},{"not_picked":["Thunderclap","Hemokinesis"],"picked":"Rage","floor":3},{"not_picked":["Iron Wave","Wild Strike","hubris:ReadiedAction"],"picked":"SKIP","floor":7},{"not_picked":["Rupture","Perfected Strike"],"picked":"Cleave","floor":8},{"not_picked":["Infernal Blade","Blood for Blood"],"picked":"Fiend Fire","floor":10},{"not_picked":["Sever Soul","Disarm"],"picked":"Evolve","floor":11},{"not_picked":["Flex","Power Through"],"picked":"Shrug It Off","floor":13},{"not_picked":["Brutality","Headbutt","Clash"],"picked":"SKIP","floor":14}],"player_experience":1140267,"relics_obtained":[{"floor":9,"key":"hubris:TinFlute"},{"floor":10,"key":"Pocketwatch"},{"floor":14,"key":"Ice Cream"}],"event_choices":[{"damage_healed":0,"gold_gain":0,"player_choice":"Forge","damage_taken":0,"max_hp_gain":0,"max_hp_loss":0,"event_name":"Accursed Blacksmith","floor":4,"gold_loss":0,"cards_upgraded":["Bash"]},{"cards_removed":["Strike_R"],"damage_healed":0,"gold_gain":0,"player_choice":"Offered Basic","damage_taken":0,"max_hp_gain":0,"max_hp_loss":0,"event_name":"Bonfire Elementals","floor":12,"gold_loss":0}],"is_beta":false,"boss_relics":[],"items_purged_floors":[5],"is_endless":false,"potions_floor_spawned":[3,7,10,13],"killed_by":"Slime Boss","ascension_level":20}