{"gold_per_floor":[119,269,269,288,44,44,76,76,128,53,82,94,125,142,142,220,220,220,220,220,12,12,12,12,12,12,12,12,12,12,12,12,12],"floor_reached":33,"playtime":1043,"items_purged":["Doubt"],"score":746,"play_id":"0b3aa06a-e629-41aa-977d-b96922cbe470","local_time":"20190424123653","is_ascension_mode":true,"campfire_choices":[{"data":"Crippling Poison","floor":6,"key":"SMITH"},{"data":"Deadly Poison","floor":8,"key":"SMITH"},{"data":"1","floor":15,"key":"LIFT"},{"data":"Footwork","floor":29,"key":"SMITH"},{"data":"Footwork","floor":32,"key":"SMITH"}],"neow_cost":"NONE","seed_source_timestamp":9119291691964,"circlet_count":0,"master_deck":["AscendersBane","Defend_G+1","Defend_G+1","Defend_G+1","Defend_G+1","Defend_G+1","Strike_G+1","Strike_G+1","Strike_G+1","Strike_G+1","Survivor","Neutralize","Skewer+1","Quick Slash","Crippling Poison+1","Deadly Poison+1","Footwork+1","PiercingWail","PiercingWail","Leg Sweep","Die Die Die","Acrobatics","Footwork+1","Backstab","Blur","Acrobatics","Burst","Caltrops"],"relics":["Ring of the Snake","NeowsBlessing","Omamori","Lantern","Bag of Marbles","Girya","Ectoplasm","MawBank","Anchor","Question Card","The Specimen","Blood Vial","Shovel"],"potions_floor_usage":[],"damage_taken":[{"damage":0,"enemies":"Cultist","floor":1,"turns":1},{"damage":0,"enemies":"Small Slimes","floor":4,"turns":1},{"damage":0,"enemies":"3 Sentries","floor":7,"turns":1},{"damage":31,"enemies":"Lagavulin","floor":11,"turns":9},{"damage":0,"enemies":"Jaw Worm","floor":12,"turns":2},{"damage":8,"enemies":"Gremlin Nob","floor":13,"turns":3},{"damage":0,"enemies":"Exordium Thugs","floor":14,"turns":3},{"damage":7,"enemies":"Hexaghost","floor":16,"turns":11},{"damage":0,"enemies":"Spheric Guardian","floor":18,"turns":4},{"damage":4,"enemies":"Shell Parasite","floor":19,"turns":7},{"damage":7,"enemies":"Slavers","floor":23,"turns":5},{"damage":0,"enemies":"Centurion and Healer","floor":24,"turns":8},{"damage":0,"enemies":"Gremlin Leader","floor":25,"turns":6},{"damage":0,"enemies":"Cultist and Chosen","floor":28,"turns":3},{"damage":2,"enemies":"Slavers","floor":30,"turns":5},{"damage":0,"enemies":"Snecko","floor":31,"turns":2},{"damage":74,"enemies":"Champ","floor":33,"turns":16}],"seed_played":"2868807571176478714","potions_obtained":[{"floor":12,"key":"Block Potion"},{"floor":13,"key":"FearPotion"},{"floor":18,"key":"Fire Potion"}],"is_trial":false,"path_per_floor":["M","?","?","M","$","R","E","R","T","?","E","M","E","M","R","B",null,"M","M","?","$","?","E","M","E","T","$","M","R","E","M","R","B"],"character_chosen":"THE_SILENT","items_purchased":["Crippling Poison","Deadly Poison","Footwork","Footwork","Anchor"],"campfire_rested":0,"item_purchase_floors":[5,5,5,21,21],"current_hp_per_floor":[59,59,59,59,59,59,59,59,59,59,28,28,20,20,20,13,53,53,49,49,49,49,42,42,42,42,42,44,44,44,46,46,0],"gold":12,"neow_bonus":"THREE_ENEMY_KILL","is_prod":false,"is_daily":false,"chose_seed":false,"campfire_upgraded":4,"win_rate":0,"timestamp":1556102213,"path_taken":["M","?","?","?","$","R","E","R","T","?","E","M","E","M","R","BOSS","M","M","?","$","?","E","M","E","T","$","?","R","E","M","R","BOSS"],"build_version":"2019-01-23","purchased_purges":1,"victory":false,"max_hp_per_floor":[66,66,66,66,66,66,66,66,66,66,66,66,66,66,66,66,66,66,66,66,66,66,66,66,66,66,66,66,66,66,66,66,66],"card_choices":[{"not_picked":["Outmaneuver","Catalyst"],"picked":"Skewer","floor":1},{"not_picked":["Cloak And Dagger","Prepared"],"picked":"Quick Slash","floor":4},{"not_picked":["Predator","Bane","Distraction"],"picked":"SKIP","floor":7},{"not_picked":["All Out Attack","Slice","Dagger Throw"],"picked":"SKIP","floor":11},{"not_picked":["Choke","Tactician"],"picked":"PiercingWail","floor":12},{"not_picked":["Infinite Blades","Outmaneuver"],"picked":"PiercingWail","floor":13},{"not_picked":["PiercingWail","Dash"],"picked":"Leg Sweep","floor":14},{"not_picked":["Grand Finale","Tools of the Trade"],"picked":"Die Die Die","floor":16},{"not_picked":["Dash","Sucker Punch"],"picked":"Acrobatics","floor":18},{"not_picked":["Reflex","Setup","Terror"],"picked":"SKIP","floor":19},{"not_picked":["Outmaneuver","Accuracy","Flechettes"],"picked":"SKIP","floor":23},{"not_picked":["Cloak And Dagger","Infinite Blades","Deflect"],"picked":"Backstab","floor":24},{"not_picked":["Riddle With Holes","PiercingWail+1","Cloak And Dagger"],"picked":"Blur","floor":25},{"not_picked":["Deflect","Flying Knee","Heel Hook"],"picked":"Acrobatics","floor":28},{"not_picked":["Outmaneuver","Blade Dance+1","Dagger Throw+1"],"picked":"Burst","floor":30},{"not_picked":["Dodge and Roll","Deflect","Bane"],"picked":"Caltrops","floor":31}],"player_experience":1620250,"relics_obtained":[{"floor":7,"key":"Omamori"},{"floor":9,"key":"Lantern"},{"floor":11,"key":"Bag of Marbles"},{"floor":13,"key":"Girya"},{"floor":23,"key":"Question Card"},{"floor":25,"key":"The Specimen"},{"floor":26,"key":"Blood Vial"},{"floor":30,"key":"Shovel"}],"event_choices":[{"damage_healed":0,"gold_gain":150,"player_choice":"AGREE","damage_taken":0,"max_hp_gain":0,"max_hp_loss":0,"event_name":"Liars Game","floor":2,"gold_loss":0,"cards_obtained":["Doubt"]},{"damage_healed":0,"gold_gain":0,"player_choice":"Upgraded","damage_taken":0,"max_hp_gain":0,"max_hp_loss":0,"event_name":"Upgrade Shrine","floor":3,"gold_loss":0,"cards_upgraded":["Skewer"]},{"cards_removed":["Strike_G"],"damage_healed":0,"gold_gain":0,"player_choice":"Card Removal","damage_taken":0,"max_hp_gain":0,"max_hp_loss":0,"event_name":"The Cleric","floor":10,"gold_loss":75},{"damage_healed":0,"gold_gain":0,"player_choice":"Stole Relic","damage_taken":0,"relics_obtained":["MawBank"],"max_hp_gain":0,"max_hp_loss":0,"event_name":"Addict","floor":20,"gold_loss":0,"cards_obtained":["Shame"]},{"damage_healed":0,"gold_gain":0,"player_choice":"Simplicity","damage_taken":0,"max_hp_gain":0,"max_hp_loss":0,"event_name":"Back to Basics","floor":22,"gold_loss":0,"cards_upgraded":["Defend_G","Defend_G","Defend_G","Defend_G","Defend_G","Strike_G","Strike_G","Strike_G","Strike_G"]}],"is_beta":false,"boss_relics":[{"not_picked":["Busted Crown","WristBlade"],"picked":"Ectoplasm"}],"items_purged_floors":[5],"is_endless":false,"potions_floor_spawned":[12,13,16,18,24,30],"killed_by":"Champ","ascension_level":20}