{"gold_per_floor":[114,124,299,374,374,403,403,434,434,158,101,121,155,170,170,271,271,288,306,322,322,337,368,368,399,399,410,59,77,77,107,119,233,245,273,303,327,352,374,420,432,444],"floor_reached":42,"playtime":1229,"items_purged":["Doubt"],"score":689,"play_id":"d2f4345f-6561-4994-92e6-a03ed14441a6","local_time":"20190321145530","is_ascension_mode":true,"campfire_choices":[{"floor":7.0,"key":"REST"},{"data":"Perfected Strike","floor":15.0,"key":"SMITH"},{"data":"Perfected Strike","floor":24,"key":"SMITH"},{"data":"Perfected Strike","floor":30,"key":"SMITH"},{"data":"Perfected Strike","floor":32,"key":"SMITH"},{"data":"Pommel Strike","floor":41,"key":"SMITH"}],"neow_cost":"NONE","seed_source_timestamp":15523844262026,"circlet_count":0,"master_deck":["Strike_R+1","Strike_R","Strike_R","Strike_R","Strike_R","Defend_R","Defend_R+1","Defend_R","Defend_R","Bash+1","Pommel Strike","Anger","Perfected Strike+1","True Grit","Perfected Strike+1","Shrug It Off","Twin Strike","Clothesline","Pommel Strike","Anger","Thunderclap","Perfected Strike+1","Perfected Strike+1","Twin Strike","Perfected Strike+1","Pommel Strike+1","Twin Strike+1","Twin Strike"],"special_seed":0,"relics":["Burning Blood","Unceasing Top","Letter Opener","Torii","Happy Flower","Sundial","Ornamental Fan","Coffee Dripper","Regal Pillow","Calipers","Toxic Egg 2","ClockworkSouvenir","Lantern","MawBank","Orrery","Anchor"],"potions_floor_usage":[31],"damage_taken":[{"damage":1.0,"enemies":"Cultist","floor":1.0,"turns":3.0},{"damage":8.0,"enemies":"Small Slimes","floor":2.0,"turns":3.0},{"damage":33.0,"enemies":"3 Sentries","floor":6.0,"turns":13.0},{"damage":19.0,"enemies":"Gremlin Nob","floor":8.0,"turns":4.0},{"damage":0.0,"enemies":"2 Louse","floor":12.0,"turns":2.0},{"damage":3.0,"enemies":"3 Sentries","floor":13.0,"turns":7.0},{"damage":1.0,"enemies":"Looter","floor":14.0,"turns":3.0},{"damage":0.0,"enemies":"Slime Boss","floor":16.0,"turns":5.0},{"damage":1.0,"enemies":"3 Byrds","floor":18.0,"turns":5.0},{"damage":1.0,"enemies":"Spheric Guardian","floor":19.0,"turns":3.0},{"damage":10.0,"enemies":"Shelled Parasite and Fungi","floor":20.0,"turns":5.0},{"damage":1,"enemies":"Cultist and Chosen","floor":22,"turns":5},{"damage":10,"enemies":"Gremlin Leader","floor":23,"turns":4},{"damage":22,"enemies":"Slavers","floor":25,"turns":4},{"damage":15,"enemies":"Snake Plant","floor":27,"turns":3},{"damage":0,"enemies":"Centurion and Healer","floor":29,"turns":3},{"damage":13,"enemies":"Gremlin Leader","floor":31,"turns":4},{"damage":33,"enemies":"Collector","floor":33,"turns":4},{"damage":0,"enemies":"Orb Walker","floor":35,"turns":2},{"damage":0,"enemies":"3 Darklings","floor":36,"turns":2},{"damage":21,"enemies":"4 Shapes","floor":37,"turns":4},{"damage":6,"enemies":"Sphere and 2 Shapes","floor":38,"turns":3},{"damage":10,"enemies":"Transient","floor":39,"turns":5},{"damage":32,"enemies":"Nemesis","floor":40,"turns":5},{"damage":40,"enemies":"Giant Head","floor":42,"turns":6}],"seed_played":"-3960540545988317416","potions_obtained":[{"floor":6.0,"key":"SteroidPotion"},{"floor":12.0,"key":"Weak Potion"},{"floor":14.0,"key":"EssenceOfSteel"},{"floor":33,"key":"Poison Potion"},{"floor":35,"key":"Poison Potion"}],"is_trial":false,"path_per_floor":["M","M","?","?","?","E","R","E","T","$","?","M","E","M","R","B",null,"M","M","M","?","M","E","R","E","T","M","$","M","R","E","R","B",null,"M","M","M","M","M","E","R","E"],"character_chosen":"IRONCLAD","items_purchased":["True Grit","Happy Flower","ClockworkSouvenir","Lantern"],"campfire_rested":1,"item_purchase_floors":[10,10,28,28],"current_hp_per_floor":[80,78,78,67,51,24,48,35,35,35,35,41,44,49,49,55,80,80,80,76,76,80,76,76,60,60,51,51,57,57,50,50,23,80,80,80,65,65,61,35,35,0],"gold":444,"neow_bonus":"UPGRADE_CARD","is_prod":false,"is_daily":false,"chose_seed":false,"campfire_upgraded":5,"win_rate":0,"timestamp":1553176530,"path_taken":["M","M","?","?","?","E","R","E","T","$","?","M","E","M","R","BOSS","M","?","?","?","M","E","R","E","T","M","$","M","R","E","R","BOSS","M","M","?","M","M","E","R","E"],"build_version":"2019-01-23","purchased_purges":1,"victory":false,"max_hp_per_floor":[80,80,80,80,80,80,80,80,80,80,80,80,80,80,80,80,80,80,80,80,80,80,80,80,80,80,80,80,80,80,80,80,80,80,80,80,80,80,80,80,80,80],"card_choices":[{"not_picked":["Infernal Blade","Clothesline"],"picked":"Pommel Strike","floor":1.0},{"not_picked":["Evolve","Feel No Pain","Rupture"],"picked":"SKIP","floor":2.0},{"not_picked":["Body Slam","Thunderclap"],"picked":"Anger","floor":6.0},{"not_picked":["Dual Wield","Bloodletting"],"picked":"Perfected Strike","floor":8.0},{"not_picked":["Ghostly Armor","Metallicize"],"picked":"Perfected Strike","floor":12.0},{"not_picked":["Seeing Red","Corruption"],"picked":"Shrug It Off","floor":13.0},{"not_picked":["Searing Blow","Blood for Blood"],"picked":"Twin Strike","floor":14.0},{"not_picked":["True Grit","Sword Boomerang"],"picked":"Clothesline","floor":18.0},{"not_picked":["Wild Strike+1","Twin Strike"],"picked":"Pommel Strike","floor":19.0},{"not_picked":["Disarm","Shockwave+1","Sword Boomerang"],"picked":"SKIP","floor":20.0},{"not_picked":["Body Slam","Metallicize"],"picked":"Anger","floor":22},{"not_picked":["Cleave","Anger"],"picked":"Thunderclap","floor":23},{"not_picked":["Metallicize+1","Entrench","Juggernaut"],"picked":"SKIP","floor":25},{"not_picked":["True Grit+1","Sentinel+1"],"picked":"Perfected Strike","floor":27},{"not_picked":["Rampage","Twin Strike"],"picked":"Perfected Strike","floor":29},{"not_picked":["Iron Wave+1","Reckless Charge"],"picked":"Twin Strike","floor":31},{"not_picked":["Iron Wave","Warcry+1"],"picked":"Perfected Strike+1","floor":34},{"not_picked":["Iron Wave","Shrug It Off+1"],"picked":"Pommel Strike","floor":34},{"not_picked":["Iron Wave+1","Anger"],"picked":"Twin Strike+1","floor":34},{"not_picked":["Rage+1","Havoc+1","Sever Soul+1"],"picked":"SKIP","floor":35},{"not_picked":["Combust","Heavy Blade+1"],"picked":"Twin Strike","floor":36},{"not_picked":["Pummel","Uppercut+1","Ghostly Armor+1"],"picked":"SKIP","floor":37},{"not_picked":["Intimidate+1","Clothesline","Dual Wield+1"],"picked":"SKIP","floor":38},{"not_picked":["Bloodletting+1","Combust","Headbutt+1"],"picked":"SKIP","floor":39},{"not_picked":["Clash","Blood for Blood","Juggernaut"],"picked":"SKIP","floor":40}],"player_experience":1461716,"relics_obtained":[{"floor":6.0,"key":"Unceasing Top"},{"floor":8.0,"key":"Letter Opener"},{"floor":9.0,"key":"Torii"},{"floor":13.0,"key":"Ornamental Fan"},{"floor":23,"key":"Regal Pillow"},{"floor":25,"key":"Calipers"},{"floor":26,"key":"Toxic Egg 2"},{"floor":31,"key":"MawBank"},{"floor":40,"key":"Anchor"}],"event_choices":[{"damage_healed":0.0,"max_hp_gain":0.0,"max_hp_loss":0.0,"gold_gain":175.0,"event_name":"Liars Game","player_choice":"AGREE","floor":3.0,"gold_loss":0.0,"damage_taken":0.0,"cards_obtained":["Doubt"]},{"damage_healed":0.0,"max_hp_gain":0.0,"max_hp_loss":0.0,"gold_gain":75.0,"event_name":"World of Goop","player_choice":"Gather Gold","floor":4.0,"gold_loss":0.0,"damage_taken":11.0},{"damage_healed":0.0,"max_hp_gain":0.0,"max_hp_loss":0.0,"gold_gain":0.0,"event_name":"Shining Light","player_choice":"Entered Light","floor":5.0,"gold_loss":0.0,"damage_taken":16.0,"cards_upgraded":["Strike_R","Defend_R"]},{"damage_healed":0.0,"max_hp_gain":0.0,"max_hp_loss":0.0,"gold_gain":0.0,"event_name":"WeMeetAgain","player_choice":"Paid Gold","floor":11.0,"gold_loss":57.0,"damage_taken":0.0,"relics_obtained":["Sundial"]},{"damage_healed":0,"gold_gain":0,"player_choice":"Ignored","damage_taken":0,"max_hp_gain":0,"max_hp_loss":0,"event_name":"Transmorgrifier","floor":21,"gold_loss":0}],"is_beta":false,"boss_relics":[{"not_picked":["White Beast Statue","Eternal Feather"],"picked":"Coffee Dripper"},{"not_picked":["Cursed Key","Astrolabe"],"picked":"Orrery"}],"items_purged_floors":[10],"is_endless":false,"potions_floor_spawned":[6,12,14,16,18,19,23,29,33,35,38],"killed_by":"Giant Head","ascension_level":1}