{"gold_per_floor":[109,109,109,109,126,156,169,169,169,186,220,220,278,278,278,354,354,354,22,22,22,22,22,22,22,22,22,22],"floor_reached":28,"playtime":1299,"items_purged":[],"score":538,"play_id":"4ede3443-4e91-4234-9462-15b20c413aed","local_time":"20190329135007","is_ascension_mode":true,"campfire_choices":[{"data":"Deadly Poison","floor":8.0,"key":"SMITH"},{"floor":12.0,"key":"REST"},{"floor":15.0,"key":"REST"},{"floor":23,"key":"REST"},{"data":"Footwork","floor":25,"key":"SMITH"}],"neow_cost":"NONE","seed_source_timestamp":19976755513218,"circlet_count":0,"master_deck":["AscendersBane","Defend_G","Defend_G","Defend_G","Defend_G","Defend_G","Strike_G","Strike_G","Strike_G","Strike_G","Survivor","Neutralize","Skewer+1","Deadly Poison+1","All Out Attack","Deflect","PiercingWail","Escape Plan","Footwork+1","After Image","Dodge and Roll","Noxious Fumes","Catalyst","Leg Sweep","Deflect"],"special_seed":0,"relics":["Ring of the Snake","NeowsBlessing","Question Card","Boot","Calipers","Blue Candle","Incense Burner","Ectoplasm","Bottled Tornado","Paper Crane"],"potions_floor_usage":[27,28],"damage_taken":[{"damage":0.0,"enemies":"Small Slimes","floor":1.0,"turns":1.0},{"damage":0.0,"enemies":"Jaw Worm","floor":5.0,"turns":1.0},{"damage":0.0,"enemies":"3 Sentries","floor":6.0,"turns":2.0},{"damage":1.0,"enemies":"2 Louse","floor":7.0,"turns":3.0},{"damage":2.0,"enemies":"2 Fungi Beasts","floor":10.0,"turns":3.0},{"damage":37.0,"enemies":"Lagavulin","floor":11.0,"turns":7.0},{"damage":25.0,"enemies":"Lagavulin Event","floor":13.0,"turns":6.0},{"damage":17.0,"enemies":"The Guardian","floor":16.0,"turns":13.0},{"damage":2.0,"enemies":"Chosen","floor":18.0,"turns":5.0},{"damage":11.0,"enemies":"Shell Parasite","floor":21.0,"turns":7.0},{"damage":16,"enemies":"Book of Stabbing","floor":24,"turns":7},{"damage":22,"enemies":"3 Cultists","floor":27,"turns":7},{"damage":36,"enemies":"Slavers","floor":28,"turns":6}],"seed_played":"-8500355375910732134","potions_obtained":[{"floor":1.0,"key":"Energy Potion"},{"floor":5.0,"key":"GhostInAJar"},{"floor":13.0,"key":"GamblersBrew"},{"floor":16.0,"key":"Regen Potion"},{"floor":27,"key":"FairyPotion"}],"is_trial":false,"path_per_floor":["M","?","T","?","M","E","M","R","T","M","E","R","?","?","R","B",null,"M","$","?","M","?","R","E","R","T","M","E"],"character_chosen":"THE_SILENT","items_purchased":["Noxious Fumes","Bottled Tornado"],"campfire_rested":3,"item_purchase_floors":[19,19],"current_hp_per_floor":[59,52,52,52,52,52,51,51,51,49,12,31,6,6,25,8,52,50,50,32,21,21,42,26,26,26,4,0],"gold":22,"neow_bonus":"THREE_ENEMY_KILL","is_prod":false,"is_daily":false,"chose_seed":false,"campfire_upgraded":2,"win_rate":0,"timestamp":1553863807,"path_taken":["M","?","?","?","M","E","M","R","T","M","E","R","?","?","R","BOSS","M","$","?","M","?","R","E","R","T","M","E"],"build_version":"2019-01-23","purchased_purges":0,"victory":false,"max_hp_per_floor":[66,66,66,66,66,66,66,66,66,66,66,66,66,66,66,66,66,66,66,71,71,71,71,71,71,71,71,71],"card_choices":[{"not_picked":["Backflip","Finisher"],"picked":"Skewer","floor":1.0},{"not_picked":["PiercingWail","Tactician","Flying Knee"],"picked":"Deadly Poison","floor":5.0},{"not_picked":["Blade Dance","Dagger Spray","Unload"],"picked":"All Out Attack","floor":6.0},{"not_picked":["Dagger Spray","Acrobatics","Distraction"],"picked":"Deflect","floor":7.0},{"not_picked":["Prepared","Poisoned Stab","Outmaneuver"],"picked":"PiercingWail","floor":10.0},{"not_picked":["Acrobatics","Sucker Punch","Underhanded Strike"],"picked":"Escape Plan","floor":11.0},{"not_picked":["Bouncing Flask","Dash","Caltrops"],"picked":"Footwork","floor":13.0},{"not_picked":["Doppelganger","Die Die Die","Unload"],"picked":"After Image","floor":16.0},{"not_picked":["Setup","Bane","Dagger Spray"],"picked":"Dodge and Roll","floor":18.0},{"not_picked":["Underhanded Strike","Bane","Prepared"],"picked":"Catalyst","floor":21},{"not_picked":["Sucker Punch","PiercingWail","All Out Attack"],"picked":"Leg Sweep","floor":24},{"not_picked":["Cloak And Dagger","Prepared","Flying Knee"],"picked":"Deflect","floor":27}],"player_experience":1499642,"relics_obtained":[{"floor":3.0,"key":"Question Card"},{"floor":6.0,"key":"Boot"},{"floor":9.0,"key":"Calipers"},{"floor":11.0,"key":"Blue Candle"},{"floor":13.0,"key":"Incense Burner"},{"floor":26,"key":"Paper Crane"}],"event_choices":[{"cards_removed":["Strike_G"],"damage_healed":0.0,"max_hp_gain":0.0,"max_hp_loss":0.0,"gold_gain":0.0,"event_name":"Golden Wing","player_choice":"Card Removal","floor":2.0,"gold_loss":0.0,"damage_taken":7.0},{"damage_healed":0.0,"max_hp_gain":0.0,"max_hp_loss":0.0,"gold_gain":0.0,"event_name":"Living Wall","player_choice":"Grow","floor":4.0,"gold_loss":0.0,"damage_taken":0.0,"cards_upgraded":["Skewer"]},{"damage_healed":0.0,"max_hp_gain":0.0,"max_hp_loss":0.0,"gold_gain":0.0,"event_name":"Dead Adventurer","player_choice":"Searched \u00271\u0027 times","floor":13.0,"gold_loss":0.0,"damage_taken":0.0},{"damage_healed":0.0,"max_hp_gain":0.0,"max_hp_loss":0.0,"gold_gain":0.0,"event_name":"Scrap Ooze","player_choice":"Fled","floor":14.0,"gold_loss":0.0,"damage_taken":0.0},{"damage_healed":0.0,"max_hp_gain":5.0,"max_hp_loss":0.0,"gold_gain":0.0,"event_name":"Forgotten Altar","player_choice":"Shed Blood","floor":20.0,"gold_loss":0.0,"damage_taken":23.0},{"damage_healed":0,"gold_gain":0,"player_choice":"Ignored","damage_taken":0,"max_hp_gain":0,"max_hp_loss":0,"event_name":"The Mausoleum","floor":22,"gold_loss":0}],"is_beta":false,"boss_relics":[{"not_picked":["White Beast Statue","Philosopher\u0027s Stone"],"picked":"Ectoplasm"}],"items_purged_floors":[],"is_endless":false,"potions_floor_spawned":[1,5,13,16,27],"killed_by":"Slavers","ascension_level":20}