{"gold_per_floor":[115,64,78,129,129,161,161,174,198,226,226,245,245,271,271,347,347,366,366,381,381,398,430,272,272],"floor_reached":25,"playtime":873,"items_purged":["Perfected Strike+1"],"score":528,"play_id":"16e8c9aa-add8-4e23-8a48-5d9c2a2d9f3a","local_time":"20190914174246","is_ascension_mode":true,"campfire_choices":[{"data":"Flame Barrier","floor":13.0,"key":"SMITH"},{"data":"Juggernaut","floor":15.0,"key":"SMITH"}],"neow_cost":"NONE","seed_source_timestamp":0,"circlet_count":0,"master_deck":["AscendersBane","Strike_R+1","Strike_R+1","Strike_R+1","Defend_R+1","Defend_R+1","Defend_R+1","Defend_R+1","Bash+1","Pommel Strike+1","Battle Trance","Reaper","Flame Barrier+1","Rampage","Juggernaut+1","Feed","Disarm","Exhume","Iron Wave","Inflame+1","Armaments+1","Pummel","Spot Weakness"],"special_seed":0,"relics":["Burning Blood","NeowsBlessing","Whetstone","Calipers","Ancient Tea Set","Eternal Feather","Ornamental Fan","Strawberry","Mark of Pain","Omamori"],"potions_floor_usage":[25],"damage_taken":[{"damage":0.0,"enemies":"Cultist","floor":1.0,"turns":1.0},{"damage":0.0,"enemies":"Jaw Worm","floor":3.0,"turns":1.0},{"damage":0.0,"enemies":"Lagavulin","floor":6.0,"turns":1.0},{"damage":4.0,"enemies":"Small Slimes","floor":8.0,"turns":3.0},{"damage":8.0,"enemies":"Gremlin Nob","floor":10.0,"turns":3.0},{"damage":11.0,"enemies":"Looter","floor":12.0,"turns":4.0},{"damage":16.0,"enemies":"Lagavulin","floor":14.0,"turns":3.0},{"damage":21.0,"enemies":"The Guardian","floor":16.0,"turns":11.0},{"damage":38.0,"enemies":"Shell Parasite","floor":18.0,"turns":5.0},{"damage":12.0,"enemies":"3 Byrds","floor":20.0,"turns":3.0},{"damage":18.0,"enemies":"Cultist and Chosen","floor":22.0,"turns":7.0},{"damage":81.0,"enemies":"Gremlin Leader","floor":23.0,"turns":9.0},{"damage":32,"enemies":"Snecko","floor":25,"turns":4}],"seed_played":"-8807207515803453421","potions_obtained":[{"floor":1.0,"key":"SkillPotion"},{"floor":10.0,"key":"Swift Potion"},{"floor":12.0,"key":"SpeedPotion"},{"floor":16.0,"key":"EntropicBrew"},{"floor":23.0,"key":"DuplicationPotion"}],"is_trial":false,"path_per_floor":["M","$","M","T","?","E","?","M","T","E","T","M","R","E","R","B",null,"M","?","M","?","M","E","$","M"],"character_chosen":"IRONCLAD","items_purchased":["Perfected Strike","Spot Weakness"],"campfire_rested":0,"item_purchase_floors":[2,24],"current_hp_per_floor":[74,74,75,75,52,58,58,68,68,66,66,61,70,67,76,61,77,49,49,49,49,48,9,9,0],"gold":272,"neow_bonus":"THREE_ENEMY_KILL","is_prod":false,"is_daily":false,"chose_seed":false,"campfire_upgraded":2,"win_rate":0,"timestamp":1568475766,"path_taken":["M","$","?","?","?","E","?","M","T","E","?","M","R","E","R","BOSS","M","?","M","?","M","E","$","M"],"build_version":"2019-09-12","purchased_purges":1,"victory":false,"max_hp_per_floor":[75,75,75,75,75,75,75,75,75,75,75,75,75,82,82,82,82,82,82,82,82,85,85,85,85],"card_choices":[{"not_picked":["Clash","Shockwave"],"picked":"Pommel Strike","floor":1.0},{"not_picked":["Flex","Evolve"],"picked":"Battle Trance","floor":3.0},{"not_picked":["Evolve","Clothesline"],"picked":"Reaper","floor":6.0},{"not_picked":["Sever Soul","Cleave"],"picked":"Flame Barrier","floor":8.0},{"not_picked":["Body Slam","Infernal Blade"],"picked":"Rampage","floor":10.0},{"not_picked":["Wild Strike","Hemokinesis","Sentinel"],"picked":"SKIP","floor":12.0},{"not_picked":["Body Slam","Warcry"],"picked":"Juggernaut","floor":14.0},{"not_picked":["Juggernaut","Impervious"],"picked":"Feed","floor":16.0},{"not_picked":["Rage","Wild Strike"],"picked":"Disarm","floor":18.0},{"not_picked":["True Grit","Heavy Blade"],"picked":"Inflame+1","floor":20.0},{"not_picked":["Thunderclap","True Grit+1"],"picked":"Armaments+1","floor":22.0},{"not_picked":["Flame Barrier+1","Havoc"],"picked":"Pummel","floor":23.0}],"player_experience":2045475,"relics_obtained":[{"floor":4.0,"key":"Whetstone"},{"floor":6.0,"key":"Calipers"},{"floor":9.0,"key":"Ancient Tea Set"},{"floor":10.0,"key":"Eternal Feather"},{"floor":11.0,"key":"Ornamental Fan"},{"floor":14.0,"key":"Strawberry"},{"floor":23.0,"key":"Omamori"}],"event_choices":[{"damage_healed":0.0,"max_hp_gain":0.0,"max_hp_loss":0.0,"gold_gain":0.0,"event_name":"Shining Light","player_choice":"Entered Light","floor":5.0,"gold_loss":0.0,"damage_taken":23.0,"cards_upgraded":["Perfected Strike","Pommel Strike"]},{"damage_healed":0.0,"max_hp_gain":0.0,"max_hp_loss":0.0,"gold_gain":0.0,"event_name":"Living Wall","player_choice":"Grow","floor":7.0,"gold_loss":0.0,"damage_taken":0.0,"cards_upgraded":["Bash"]},{"damage_healed":0.0,"max_hp_gain":0.0,"max_hp_loss":0.0,"gold_gain":0.0,"cards_transformed":["Strike_R","Strike_R"],"event_name":"Drug Dealer","player_choice":"Became Test Subject","floor":19.0,"gold_loss":0.0,"damage_taken":0.0,"cards_obtained":["Exhume","Iron Wave"]},{"damage_healed":0.0,"max_hp_gain":0.0,"max_hp_loss":0.0,"gold_gain":0.0,"event_name":"Back to Basics","player_choice":"Simplicity","floor":21.0,"gold_loss":0.0,"damage_taken":0.0,"cards_upgraded":["Strike_R","Defend_R","Defend_R","Defend_R","Defend_R"]}],"is_beta":true,"boss_relics":[{"not_picked":["Tiny House","Runic Pyramid"],"picked":"Mark of Pain"}],"items_purged_floors":[24],"is_endless":false,"potions_floor_spawned":[1,10,12,16,20,23],"killed_by":"Snecko","ascension_level":20}