{"gold_per_floor":[111,186,186,151,168,193,193,228,228,262,272,272,291,307,307,307],"floor_reached":16,"playtime":896,"items_purged":[],"score":298,"play_id":"696e9e94-137e-443f-9c55-2be6e72c4f8a","local_time":"20181128180444","is_ascension_mode":true,"campfire_choices":[{"data":"PiercingWail","floor":7,"key":"SMITH"},{"data":"After Image","floor":12,"key":"SMITH"},{"data":"Blur","floor":15,"key":"SMITH"}],"neow_cost":"NONE","seed_source_timestamp":36679945427056,"circlet_count":0,"master_deck":["AscendersBane","Defend_G","Defend_G","Defend_G","Defend_G","Defend_G","Strike_G","Strike_G","Strike_G","Strike_G","Strike_G","Survivor","Neutralize+1","Deadly Poison+1","PiercingWail+1","Blur+1","Cloak And Dagger","After Image+1"],"relics":["Ring of the Snake","NeowsBlessing","Gremlin Horn","Ornamental Fan","Bottled Flame","Bag of Preparation"],"potions_floor_usage":[8,10,16],"damage_taken":[{"damage":0,"enemies":"Jaw Worm","floor":1,"turns":1},{"damage":0,"enemies":"Cultist","floor":5,"turns":1},{"damage":0,"enemies":"Lagavulin","floor":6,"turns":2},{"damage":29,"enemies":"3 Sentries","floor":8,"turns":14},{"damage":0,"enemies":"Gremlin Nob","floor":10,"turns":5},{"damage":0,"enemies":"Small Slimes","floor":11,"turns":3},{"damage":0,"enemies":"2 Fungi Beasts","floor":13,"turns":5},{"damage":0,"enemies":"Blue Slaver","floor":14,"turns":4},{"damage":17,"enemies":"Hexaghost","floor":16,"turns":16}],"seed_played":"3556413243195655802","potions_obtained":[{"floor":1,"key":"Swift Potion"},{"floor":8,"key":"SkillPotion"},{"floor":11,"key":"SkillPotion"},{"floor":14,"key":"SteroidPotion"}],"is_trial":false,"path_per_floor":["M","?","?","?","M","E","R","E","T","E","M","R","M","M","R","B"],"character_chosen":"THE_SILENT","items_purchased":[],"campfire_rested":0,"item_purchase_floors":[],"current_hp_per_floor":[59,48,28,44,44,44,44,15,15,15,15,15,15,15,15,0],"gold":307,"neow_bonus":"THREE_ENEMY_KILL","is_prod":false,"is_daily":false,"chose_seed":false,"campfire_upgraded":3,"win_rate":0,"timestamp":1543424684,"path_taken":["M","?","?","?","M","E","R","E","T","E","M","R","M","?","R","BOSS"],"build_version":"2018-11-15","purchased_purges":0,"victory":false,"max_hp_per_floor":[66,66,66,66,66,66,66,66,66,66,66,66,66,66,66,66],"card_choices":[{"not_picked":["Predator","Flying Knee"],"picked":"Deadly Poison","floor":1},{"not_picked":["Deflect","Acrobatics"],"picked":"PiercingWail","floor":5},{"not_picked":["Backstab","Accuracy"],"picked":"Blur","floor":6},{"not_picked":["Dagger Spray","Expertise","Sucker Punch"],"picked":"SKIP","floor":8},{"not_picked":["Slice","PiercingWail"],"picked":"Cloak And Dagger","floor":10},{"not_picked":["Backflip","Cloak And Dagger"],"picked":"After Image","floor":11},{"not_picked":["Tactician","Skewer","Underhanded Strike"],"picked":"SKIP","floor":13},{"not_picked":["Deflect","PiercingWail","Slice"],"picked":"SKIP","floor":14},{"not_picked":["Deflect","PiercingWail","Slice"],"picked":"SKIP","floor":14}],"player_experience":910183,"relics_obtained":[{"floor":6,"key":"Gremlin Horn"},{"floor":8,"key":"Ornamental Fan"},{"floor":9,"key":"Bottled Flame"},{"floor":10,"key":"Bag of Preparation"}],"event_choices":[{"damage_healed":0,"gold_gain":75,"player_choice":"Gather Gold","damage_taken":11,"max_hp_gain":0,"max_hp_loss":0,"event_name":"World of Goop","floor":2,"gold_loss":0},{"damage_healed":0,"gold_gain":0,"player_choice":"Entered Light","damage_taken":20,"max_hp_gain":0,"max_hp_loss":0,"event_name":"Shining Light","floor":3,"gold_loss":0,"cards_upgraded":["Neutralize","Deadly Poison"]},{"damage_healed":16,"gold_gain":0,"player_choice":"Healed","damage_taken":0,"max_hp_gain":0,"max_hp_loss":0,"event_name":"The Cleric","floor":4,"gold_loss":35}],"is_beta":true,"boss_relics":[],"items_purged_floors":[],"is_endless":false,"potions_floor_spawned":[1,8,11,14],"killed_by":"Hexaghost","ascension_level":15}