{"gold_per_floor":[368,0,20,20,39,39,72,72,72,105,122,102,113,142,142,221,221,240,13,31,42,4,4,19,45,45,45],"floor_reached":27,"playtime":1253,"items_purged":["Strike_B"],"score":556,"play_id":"26aa9248-b250-4bf4-af16-61871362d94f","local_time":"20190515122401","is_ascension_mode":true,"campfire_choices":[{"data":"Biased Cognition","floor":6.0,"key":"SMITH"},{"data":"Darkness","floor":8.0,"key":"SMITH"},{"data":"Darkness","floor":15.0,"key":"SMITH"},{"data":"Coolheaded","floor":23.0,"key":"SMITH"}],"neow_cost":"PERCENT_DAMAGE","seed_source_timestamp":0,"circlet_count":0,"master_deck":["AscendersBane","Strike_B","Strike_B","Strike_B","Defend_B","Defend_B","Defend_B+1","Defend_B+1","Zap","Dualcast","Coolheaded","Ball Lightning","Darkness+1","Biased Cognition+1","Gash","Glacier","Genetic Algorithm","Darkness+1","Skim","Coolheaded+1","Biased Cognition","Doom and Gloom","Core Surge"],"special_seed":0,"relics":["Cracked Core","Meat on the Bone","Calipers","Girya","Velvet Choker","Membership Card","Gremlin Horn","War Paint"],"potions_floor_usage":[],"damage_taken":[{"damage":2.0,"enemies":"2 Louse","floor":1.0,"turns":3.0},{"damage":14.0,"enemies":"Small Slimes","floor":3.0,"turns":3.0},{"damage":0.0,"enemies":"Cultist","floor":5.0,"turns":4.0},{"damage":15.0,"enemies":"3 Sentries","floor":7.0,"turns":11.0},{"damage":0.0,"enemies":"Lagavulin","floor":10.0,"turns":5.0},{"damage":0.0,"enemies":"Large Slime","floor":11.0,"turns":3.0},{"damage":0.0,"enemies":"Blue Slaver","floor":13.0,"turns":5.0},{"damage":1.0,"enemies":"Gremlin Nob","floor":14.0,"turns":3.0},{"damage":8.0,"enemies":"The Guardian","floor":16.0,"turns":14.0},{"damage":0.0,"enemies":"Spheric Guardian","floor":18.0,"turns":4.0},{"damage":11.0,"enemies":"Shell Parasite","floor":20.0,"turns":5.0},{"damage":10.0,"enemies":"Cultist and Chosen","floor":21.0,"turns":5.0},{"damage":0.0,"enemies":"Snake Plant","floor":24.0,"turns":4.0},{"damage":31.0,"enemies":"Book of Stabbing","floor":25.0,"turns":4.0},{"damage":0,"enemies":"Slavers","floor":27,"turns":1}],"seed_played":"-1195747514306699975","potions_obtained":[{"floor":5.0,"key":"Poison Potion"},{"floor":10.0,"key":"Energy Potion"},{"floor":12.0,"key":"SkillPotion"},{"floor":14.0,"key":"Ancient Potion"},{"floor":18.0,"key":"Fire Potion"}],"is_trial":false,"path_per_floor":["M","$","M","?","M","R","E","R","T","E","M","?","M","E","R","B",null,"M","$","M","M","$","R","M","E","T","E"],"character_chosen":"DEFECT","items_purchased":["Ball Lightning","Darkness","Biased Cognition","Gash","Membership Card"],"campfire_rested":0,"item_purchase_floors":[2,2,2,2,19],"current_hp_per_floor":[44,44,30,35,35,35,20,20,20,32,44,44,44,43,43,47,69,69,69,58,48,48,48,48,29,29,29],"gold":45,"neow_bonus":"TWO_FIFTY_GOLD","is_prod":false,"is_daily":false,"chose_seed":false,"campfire_upgraded":4,"win_rate":0,"timestamp":1557915841,"path_taken":["M","$","M","?","M","R","E","R","T","E","M","?","M","E","R","BOSS","M","?","M","M","$","R","M","E","T","E"],"build_version":"2019-01-23","purchased_purges":1,"victory":false,"max_hp_per_floor":[71,71,71,76,76,76,76,76,76,76,76,76,76,76,76,76,76,76,76,76,76,76,76,76,76,76,76],"card_choices":[{"not_picked":["Hologram","Barrage"],"picked":"Coolheaded","floor":1.0},{"not_picked":["Heatsinks","Sweeping Beam"],"picked":"Glacier","floor":3.0},{"not_picked":["Conserve Battery","Lockon"],"picked":"Genetic Algorithm","floor":5.0},{"not_picked":["Turbo","Skim"],"picked":"Darkness","floor":7.0},{"not_picked":["Stack","Steam"],"picked":"Skim","floor":10.0},{"not_picked":["Sunder","Ball Lightning"],"picked":"Coolheaded","floor":11.0},{"not_picked":["Heatsinks","Reprogram","Chill"],"picked":"SKIP","floor":13.0},{"not_picked":["Barrage","Auto Shields","Meteor Strike"],"picked":"SKIP","floor":14.0},{"not_picked":["Buffer","Machine Learning"],"picked":"Biased Cognition","floor":16.0},{"not_picked":["Steam","Sweeping Beam","Gash"],"picked":"SKIP","floor":18.0},{"not_picked":["BootSequence","Leap","Turbo"],"picked":"SKIP","floor":20.0},{"not_picked":["Sunder","Auto Shields"],"picked":"Doom and Gloom","floor":21.0},{"not_picked":["Cold Snap","Barrage"],"picked":"Core Surge","floor":24.0},{"not_picked":["Doom and Gloom+1","White Noise","Leap"],"picked":"SKIP","floor":25.0}],"player_experience":1689749,"relics_obtained":[{"floor":7.0,"key":"Meat on the Bone"},{"floor":10.0,"key":"Calipers"},{"floor":14.0,"key":"Girya"},{"floor":25.0,"key":"Gremlin Horn"},{"floor":26.0,"key":"War Paint"}],"event_choices":[{"damage_healed":0.0,"max_hp_gain":5.0,"max_hp_loss":0.0,"gold_gain":0.0,"event_name":"Big Fish","player_choice":"Donut","floor":4.0,"gold_loss":0.0,"damage_taken":0.0},{"damage_healed":0.0,"max_hp_gain":0.0,"max_hp_loss":0.0,"gold_gain":0.0,"event_name":"The Woman in Blue","player_choice":"Bought 1 Potion","floor":12.0,"gold_loss":0.0,"damage_taken":0.0}],"is_beta":false,"boss_relics":[{"not_picked":["Sozu","Cursed Key"],"picked":"Velvet Choker"}],"items_purged_floors":[22],"is_endless":false,"potions_floor_spawned":[5,10,11,14,18,21],"killed_by":"Slavers","ascension_level":20}