{"gold_per_floor":[114,14,14,14,89,123,123,149,149,149,149,177,188,216,228,338,350,378,410,440,452,464,476,523,549,641,653],"floor_reached":27,"playtime":1076,"items_purged":["Strike_R"],"score":399,"play_id":"080feda7-7a5d-4052-b1f0-ccef8d3cce09","local_time":"20181124194825","is_ascension_mode":true,"campfire_choices":[{"data":"Twin Strike","floor":7.0,"key":"SMITH"},{"data":"Shrug It Off","floor":10.0,"key":"SMITH"},{"floor":15.0,"key":"REST"},{"data":"Heavy Blade","floor":23.0,"key":"SMITH"}],"neow_cost":"NONE","seed_source_timestamp":0,"circlet_count":0,"master_deck":["Strike_R+1","Strike_R","Defend_R","Defend_R","Defend_R","Defend_R","Bash+1","Twin Strike+1","Shrug It Off+1","Heavy Blade+1","Inflame","Sword Boomerang","Limit Break"],"special_seed":0,"relics":["Burning Blood","NeowsBlessing","Darkstone Periapt","Sundial","Omamori","Boot","MawBank","Busted Crown","Blue Candle","Tiny Chest"],"potions_floor_usage":[24],"damage_taken":[{"damage":0.0,"enemies":"Cultist","floor":1.0,"turns":1.0},{"damage":0.0,"enemies":"3 Sentries","floor":6.0,"turns":2.0},{"damage":0.0,"enemies":"Gremlin Nob","floor":8.0,"turns":1.0},{"damage":34.0,"enemies":"3 Sentries","floor":12.0,"turns":10.0},{"damage":0.0,"enemies":"2 Louse","floor":13.0,"turns":1.0},{"damage":30.0,"enemies":"Lagavulin","floor":14.0,"turns":6.0},{"damage":25.0,"enemies":"Hexaghost","floor":16.0,"turns":9.0},{"damage":14.0,"enemies":"Shell Parasite","floor":18.0,"turns":4.0},{"damage":2.0,"enemies":"Chosen","floor":19.0,"turns":4.0},{"damage":22.0,"enemies":"Shelled Parasite and Fungi","floor":20.0,"turns":4.0},{"damage":27,"enemies":"Book of Stabbing","floor":24,"turns":4},{"damage":13,"enemies":"Centurion and Healer","floor":25,"turns":5},{"damage":16,"enemies":"Sentry and Sphere","floor":27,"turns":3}],"seed_played":"-1444680876109278021","potions_obtained":[{"floor":6.0,"key":"Strength Potion"},{"floor":13.0,"key":"Poison Potion"},{"floor":16.0,"key":"LiquidBronze"},{"floor":19.0,"key":"Strength Potion"}],"is_trial":false,"path_per_floor":["M","$","?","$","?","E","R","E","T","R","?","E","M","E","R","B",null,"M","M","M","?","?","R","E","M","T","M"],"character_chosen":"IRONCLAD","items_purchased":["Twin Strike"],"campfire_rested":1,"item_purchase_floors":[2],"current_hp_per_floor":[78,78,62,62,51,57,57,63,63,63,56,28,34,10,34,15,64,56,60,44,44,44,44,23,16,16,0],"gold":653,"neow_bonus":"THREE_ENEMY_KILL","is_prod":false,"is_daily":false,"chose_seed":false,"campfire_upgraded":3,"win_rate":0,"timestamp":1543060105,"path_taken":["M","$","?","$","?","E","R","E","T","R","?","E","M","E","R","BOSS","M","M","M","?","?","R","E","M","T","M"],"build_version":"2018-11-15","purchased_purges":1,"victory":false,"max_hp_per_floor":[80,80,80,80,80,80,80,80,80,80,80,80,80,80,80,80,80,80,80,80,80,80,80,80,80,80,80],"card_choices":[{"not_picked":["Flex","Clash","Clothesline"],"picked":"SKIP","floor":1.0},{"not_picked":["Armaments","Iron Wave"],"picked":"Shrug It Off","floor":6.0},{"not_picked":["Warcry","Thunderclap"],"picked":"Heavy Blade","floor":8.0},{"not_picked":["Combust","Wild Strike"],"picked":"Inflame","floor":12.0},{"not_picked":["Exhume","Reckless Charge","Warcry"],"picked":"SKIP","floor":13.0},{"not_picked":["Second Wind","Sever Soul"],"picked":"Sword Boomerang","floor":14.0},{"not_picked":["Double Tap","Dark Embrace"],"picked":"Limit Break","floor":16.0},{"not_picked":["Headbutt"],"picked":"SKIP","floor":18.0},{"not_picked":["Dual Wield"],"picked":"SKIP","floor":19.0},{"not_picked":["Perfected Strike"],"picked":"SKIP","floor":20.0},{"not_picked":["Wild Strike"],"picked":"SKIP","floor":24},{"not_picked":["Wild Strike+1"],"picked":"SKIP","floor":25}],"player_experience":267743,"relics_obtained":[{"floor":6.0,"key":"Darkstone Periapt"},{"floor":8.0,"key":"Sundial"},{"floor":9.0,"key":"Omamori"},{"floor":12.0,"key":"Boot"},{"floor":14.0,"key":"MawBank"},{"floor":24,"key":"Blue Candle"},{"floor":26,"key":"Tiny Chest"}],"event_choices":[{"damage_healed":0.0,"max_hp_gain":0.0,"max_hp_loss":0.0,"gold_gain":0.0,"event_name":"Shining Light","player_choice":"Entered Light","floor":3.0,"gold_loss":0.0,"damage_taken":16.0,"cards_upgraded":["Bash","Strike_R"]},{"damage_healed":0.0,"max_hp_gain":0.0,"max_hp_loss":0.0,"gold_gain":75.0,"event_name":"World of Goop","player_choice":"Gather Gold","floor":5.0,"gold_loss":0.0,"damage_taken":11.0},{"cards_removed":["Strike_R"],"damage_healed":0.0,"max_hp_gain":0.0,"max_hp_loss":0.0,"gold_gain":0.0,"event_name":"Golden Wing","player_choice":"Card Removal","floor":11.0,"gold_loss":0.0,"damage_taken":7.0},{"damage_healed":0.0,"max_hp_gain":0.0,"max_hp_loss":0.0,"gold_gain":0.0,"event_name":"Vampires","player_choice":"Ignored","floor":21.0,"gold_loss":0.0,"damage_taken":0.0},{"cards_removed":["Strike_R"],"damage_healed":0.0,"max_hp_gain":0.0,"max_hp_loss":0.0,"gold_gain":0.0,"event_name":"Back to Basics","player_choice":"Elegance","floor":22.0,"gold_loss":0.0,"damage_taken":0.0}],"is_beta":false,"boss_relics":[{"not_picked":["Black Blood","Philosopher\u0027s Stone"],"picked":"Busted Crown"}],"items_purged_floors":[2],"is_endless":false,"potions_floor_spawned":[6,13,16,19],"killed_by":"Sentry and Sphere","ascension_level":6}