{"gold_per_floor":[111,127,127,127,49,49,49,49,95,129,129,149,149],"floor_reached":13,"playtime":246,"items_purged":[],"score":162,"play_id":"83c61fcf-a12e-4520-a667-c27b2e618fe3","local_time":"20190812223930","is_ascension_mode":true,"campfire_choices":[{"data":"Die Die Die","floor":6,"key":"SMITH"},{"data":"After Image","floor":8,"key":"SMITH"}],"neow_cost":"PERCENT_DAMAGE","seed_source_timestamp":47766210213136,"circlet_count":0,"master_deck":["AscendersBane","Strike_G","Strike_G","Strike_G","Strike_G","Strike_G","Defend_G","Defend_G","Defend_G","Defend_G","Defend_G","Survivor","Neutralize+1","Die Die Die+1","Cloak And Dagger","After Image+1","Backstab","PiercingWail","Poisoned Stab"],"relics":["Ring of the Snake","Bronze Scales","Shuriken","Ancient Tea Set","Boot"],"potions_floor_usage":[13,13],"damage_taken":[{"damage":0,"enemies":"Jaw Worm","floor":1,"turns":3},{"damage":0,"enemies":"2 Louse","floor":2,"turns":2},{"damage":23,"enemies":"Lagavulin","floor":10,"turns":9},{"damage":0,"enemies":"Cultist","floor":12,"turns":3},{"damage":3,"enemies":"Gremlin Nob","floor":13,"turns":3}],"seed_played":"6162797546213302395","potions_obtained":[{"floor":1,"key":"Ancient Potion"},{"floor":2,"key":"Energy Potion"}],"is_trial":false,"path_per_floor":["M","M","?","T","$","R","$","R","T","E","?","M","E"],"character_chosen":"THE_SILENT","items_purchased":["Backstab"],"campfire_rested":0,"item_purchase_floors":[5],"current_hp_per_floor":[44,44,26,26,26,26,26,26,26,3,3,3,0],"gold":149,"neow_bonus":"THREE_RARE_CARDS","is_prod":false,"is_daily":false,"chose_seed":false,"campfire_upgraded":2,"win_rate":0,"timestamp":1565642370,"path_taken":["M","M","?","?","$","R","$","R","T","E","?","?","E"],"build_version":"2019-07-17","purchased_purges":0,"victory":false,"max_hp_per_floor":[66,66,66,66,66,66,66,66,66,66,66,66,66],"card_choices":[{"not_picked":["Grand Finale","Storm of Steel"],"picked":"Die Die Die","floor":0},{"not_picked":["Accuracy","Outmaneuver"],"picked":"Cloak And Dagger","floor":1},{"not_picked":["Cloak And Dagger","Heel Hook"],"picked":"After Image","floor":2},{"not_picked":["Bullet Time","Cloak And Dagger"],"picked":"PiercingWail","floor":10},{"not_picked":["Prepared","Distraction"],"picked":"Poisoned Stab","floor":12}],"player_experience":1906860,"relics_obtained":[{"floor":4,"key":"Shuriken"},{"floor":9,"key":"Ancient Tea Set"},{"floor":10,"key":"Boot"}],"event_choices":[{"damage_healed":0,"gold_gain":0,"player_choice":"Success","damage_taken":18,"relics_obtained":["Bronze Scales"],"max_hp_gain":0,"max_hp_loss":0,"event_name":"Scrap Ooze","floor":3,"gold_loss":0},{"damage_healed":0,"gold_gain":0,"player_choice":"Upgraded","damage_taken":0,"max_hp_gain":0,"max_hp_loss":0,"event_name":"Upgrade Shrine","floor":11,"gold_loss":0,"cards_upgraded":["Neutralize"]}],"is_beta":false,"boss_relics":[],"items_purged_floors":[],"is_endless":false,"potions_floor_spawned":[1,2,10],"killed_by":"Gremlin Nob","ascension_level":20}