{"gold_per_floor":[117,267,96,171,69,69,100,123,123,52,85,85,105,136,136,210,210,228,41,57,57,71,101,101,130,175,42,53,67,79,104,104,175,175,185,203,303,316,196,196,231,231,231,231,244,279,279,298,298,298,298,298,298,24,24],"floor_reached":55,"playtime":3561,"items_purged":["Doubt","Strike_R","Pain","Strike_R"],"score":2052,"play_id":"76f65312-f3a1-4465-8491-59a338621986","local_time":"20190714230451","is_ascension_mode":true,"campfire_choices":[{"data":"Bash","floor":6.0,"key":"SMITH"},{"data":"Inflame","floor":12.0,"key":"SMITH"},{"data":"Disarm","floor":15.0,"key":"SMITH"},{"floor":24.0,"key":"REST"},{"data":"Limit Break","floor":32.0,"key":"SMITH"},{"data":"1","floor":40.0,"key":"LIFT"},{"data":"2","floor":42.0,"key":"LIFT"},{"data":"3","floor":47.0,"key":"LIFT"},{"floor":49.0,"key":"RECALL"},{"data":"Heavy Blade","floor":53.0,"key":"SMITH"}],"neow_cost":"NONE","seed_source_timestamp":0,"circlet_count":0,"master_deck":["AscendersBane","Strike_R","Strike_R","Strike_R","Defend_R","Defend_R","Defend_R","Defend_R","Bash+1","Sword Boomerang","Combust","Twin Strike","Inflame+1","Shrug It Off","Disarm+1","Disarm","Sword Boomerang","Impervious","Offering","Battle Trance","Thunderclap","Pommel Strike+1","Heavy Blade+1","Anger","Shrug It Off","Demon Form+1","Reaper","Feel No Pain+1","Spot Weakness","Exhume","Shrug It Off","Shockwave","Limit Break+1","Juggernaut+1","Armaments+1","Bloodletting+1","Armaments+1","Seeing Red+1","Berserk+1","Decay","Exhume","Disarm"],"special_seed":0,"relics":["Burning Blood","NeowsBlessing","The Courier","Odd Mushroom","Letter Opener","Dodecahedron","Prayer Wheel","Cursed Key","Tiny Chest","Frozen Egg 2","Question Card","Potion Belt","Girya","Runic Pyramid","Incense Burner","Blood Vial","Pantograph","Bronze Scales","Bag of Preparation"],"potions_floor_usage":[55],"damage_taken":[{"damage":0.0,"enemies":"2 Louse","floor":1.0,"turns":2.0},{"damage":0.0,"enemies":"Gremlin Nob","floor":7.0,"turns":1.0},{"damage":0.0,"enemies":"The Mushroom Lair","floor":8.0,"turns":1.0},{"damage":20.0,"enemies":"Lagavulin","floor":11.0,"turns":7.0},{"damage":12.0,"enemies":"Small Slimes","floor":13.0,"turns":2.0},{"damage":34.0,"enemies":"3 Sentries","floor":14.0,"turns":7.0},{"damage":16.0,"enemies":"Hexaghost","floor":16.0,"turns":11.0},{"damage":17.0,"enemies":"3 Byrds","floor":18.0,"turns":4.0},{"damage":24.0,"enemies":"2 Thieves","floor":20.0,"turns":4.0},{"damage":12.0,"enemies":"Centurion and Healer","floor":22.0,"turns":5.0},{"damage":11.0,"enemies":"Book of Stabbing","floor":23.0,"turns":5.0},{"damage":28.0,"enemies":"Slavers","floor":25.0,"turns":4.0},{"damage":15.0,"enemies":"Cultist and Chosen","floor":28.0,"turns":5.0},{"damage":22.0,"enemies":"Sentry and Sphere","floor":29.0,"turns":4.0},{"damage":0.0,"enemies":"Snake Plant","floor":30.0,"turns":24.0},{"damage":30.0,"enemies":"Book of Stabbing","floor":31.0,"turns":6.0},{"damage":24.0,"enemies":"Collector","floor":33.0,"turns":6.0},{"damage":14.0,"enemies":"Orb Walker","floor":35.0,"turns":3.0},{"damage":31.0,"enemies":"3 Darklings","floor":36.0,"turns":6.0},{"damage":0.0,"enemies":"Mind Bloom Boss Battle","floor":37.0,"turns":4.0},{"damage":35.0,"enemies":"Spire Growth","floor":38.0,"turns":7.0},{"damage":66.0,"enemies":"Nemesis","floor":41.0,"turns":7.0},{"damage":36.0,"enemies":"4 Shapes","floor":45.0,"turns":10.0},{"damage":27.0,"enemies":"Reptomancer","floor":46.0,"turns":8.0},{"damage":35.0,"enemies":"Writhing Mass","floor":48.0,"turns":6.0},{"damage":38.0,"enemies":"Donu and Deca","floor":50.0,"turns":7.0},{"damage":63.0,"enemies":"Time Eater","floor":51.0,"turns":10.0},{"damage":77,"enemies":"Shield and Spear","floor":55,"turns":3}],"seed_played":"705545554806857470","potions_obtained":[{"floor":11.0,"key":"FearPotion"},{"floor":13.0,"key":"PowerPotion"},{"floor":29.0,"key":"Strength Potion"},{"floor":31.0,"key":"AttackPotion"},{"floor":36.0,"key":"Energy Potion"},{"floor":46.0,"key":"SteroidPotion"},{"floor":48.0,"key":"Poison Potion"}],"is_trial":false,"path_per_floor":["M","?","$","?","$","R","E","?","T","$","E","R","M","E","R","B",null,"M","$","M","?","M","E","R","E","T","$","M","M","M","E","R","B",null,"M","M","?","M","$","R","E","R","T","?","M","E","R","M","R","B","B",null,"R","$","E"],"character_chosen":"IRONCLAD","items_purchased":["Combust","Twin Strike","Inflame","Shrug It Off","Disarm","Tiny Chest","Feel No Pain+1","Bronze Scales","Bag of Preparation"],"campfire_rested":1,"item_purchase_floors":[3,3,5,5,10,19,27,54,54],"current_hp_per_floor":[74,74,74,63,63,63,69,75,75,75,61,61,55,27,27,17,61,50,50,32,32,26,21,43,21,21,21,32,16,75,51,51,72,74,73,75,75,75,75,75,39,39,39,39,30,75,75,75,75,74,52,69,69,69,0],"gold":24,"neow_bonus":"THREE_ENEMY_KILL","is_prod":false,"is_daily":false,"chose_seed":false,"campfire_upgraded":5,"win_rate":0,"timestamp":1563138291,"path_taken":["M","?","$","?","?","R","E","?","T","$","E","R","M","E","R","BOSS","M","$","M","?","?","E","R","E","T","$","M","M","M","E","R","BOSS","M","M","?","M","$","R","E","R","T","?","M","E","R","M","R","BOSS","BOSS","R","$","E"],"build_version":"2019-07-05","purchased_purges":4,"victory":false,"max_hp_per_floor":[75,75,75,75,75,75,75,75,75,75,75,75,75,75,75,75,75,75,75,75,75,75,75,75,75,75,75,75,75,75,75,75,75,75,75,75,75,75,75,75,75,75,75,75,75,75,75,75,75,75,75,75,75,75,75],"card_choices":[{"not_picked":["Rupture","Ghostly Armor"],"picked":"Sword Boomerang","floor":1.0},{"not_picked":["Corruption","Dark Embrace"],"picked":"Disarm","floor":7.0},{"not_picked":["True Grit","Sword Boomerang"],"picked":"Shrug It Off","floor":8.0},{"not_picked":["Power Through","Iron Wave"],"picked":"Sword Boomerang","floor":11.0},{"not_picked":["Iron Wave","Clash","Body Slam"],"picked":"SKIP","floor":13.0},{"not_picked":["Iron Wave","Feel No Pain"],"picked":"Impervious","floor":14.0},{"not_picked":["Demon Form","Fiend Fire"],"picked":"Offering","floor":16.0},{"not_picked":["Clothesline","Flame Barrier"],"picked":"Battle Trance","floor":18.0},{"not_picked":["Wild Strike","Iron Wave"],"picked":"Thunderclap","floor":18.0},{"not_picked":["Cleave","Burning Pact"],"picked":"Pommel Strike+1","floor":20.0},{"not_picked":["Body Slam","Twin Strike"],"picked":"Heavy Blade","floor":20.0},{"not_picked":["Shrug It Off","Armaments"],"picked":"Anger","floor":22.0},{"not_picked":["Clothesline","Thunderclap"],"picked":"Shrug It Off","floor":22.0},{"not_picked":["Wild Strike","Searing Blow"],"picked":"Demon Form","floor":23.0},{"not_picked":["Second Wind","Twin Strike"],"picked":"Reaper","floor":25.0},{"not_picked":["Headbutt","Hemokinesis","Iron Wave"],"picked":"Spot Weakness","floor":28.0},{"not_picked":["Warcry","Havoc","Blood for Blood","Flex+1"],"picked":"SKIP","floor":28.0},{"not_picked":["Ghostly Armor","Sentinel","Uppercut"],"picked":"Exhume","floor":29.0},{"not_picked":["Clash","Perfected Strike","Dropkick","Intimidate"],"picked":"SKIP","floor":29.0},{"not_picked":["Inflame+1","Combust+1","Blood for Blood"],"picked":"Shrug It Off","floor":30.0},{"not_picked":["Perfected Strike","Pommel Strike","Disarm"],"picked":"Shockwave","floor":30.0},{"not_picked":["Thunderclap","Heavy Blade","Cleave"],"picked":"Limit Break","floor":31.0},{"not_picked":["Bludgeon","Berserk+1","Double Tap"],"picked":"Juggernaut+1","floor":33.0},{"not_picked":["Twin Strike+1","Carnage+1","Inflame+1"],"picked":"Armaments+1","floor":35.0},{"not_picked":["Pommel Strike+1","Combust+1","Havoc"],"picked":"Bloodletting+1","floor":35.0},{"not_picked":["Second Wind+1","Cleave","Twin Strike"],"picked":"Armaments+1","floor":36.0},{"not_picked":["Rampage+1","Warcry","Wild Strike","Cleave+1"],"picked":"SKIP","floor":36.0},{"not_picked":["Heavy Blade+1","Headbutt","Evolve+1"],"picked":"Seeing Red+1","floor":37.0},{"not_picked":["Thunderclap+1","Warcry","Shrug It Off"],"picked":"Berserk+1","floor":38.0},{"not_picked":["Clothesline","Body Slam+1","Pummel","Reckless Charge+1"],"picked":"SKIP","floor":38.0},{"not_picked":["Wild Strike","Body Slam","Twin Strike","Dual Wield"],"picked":"SKIP","floor":41.0},{"not_picked":["Wild Strike","Body Slam","Twin Strike","Dual Wield"],"picked":"SKIP","floor":41.0},{"not_picked":["Clothesline","Armaments","Disarm"],"picked":"Exhume","floor":45.0},{"not_picked":["Iron Wave","Uppercut","Ghostly Armor","Pommel Strike"],"picked":"SKIP","floor":45.0},{"not_picked":["Flex","Shrug It Off","Armaments","Dual Wield"],"picked":"SKIP","floor":46.0},{"not_picked":["Cleave","Reckless Charge","Twin Strike"],"picked":"Disarm","floor":48.0},{"not_picked":["Shockwave+1","Wild Strike","Havoc+1","Intimidate"],"picked":"SKIP","floor":48.0}],"player_experience":1803535,"relics_obtained":[{"floor":7.0,"key":"The Courier"},{"floor":8.0,"key":"Odd Mushroom"},{"floor":9.0,"key":"Letter Opener"},{"floor":11.0,"key":"Dodecahedron"},{"floor":14.0,"key":"Prayer Wheel"},{"floor":23.0,"key":"Frozen Egg 2"},{"floor":25.0,"key":"Question Card"},{"floor":26.0,"key":"Potion Belt"},{"floor":31.0,"key":"Girya"},{"floor":37.0,"key":"Incense Burner"},{"floor":41.0,"key":"Blood Vial"},{"floor":46.0,"key":"Pantograph"}],"event_choices":[{"damage_healed":0.0,"max_hp_gain":0.0,"max_hp_loss":0.0,"gold_gain":150.0,"event_name":"Liars Game","player_choice":"AGREE","floor":2.0,"gold_loss":0.0,"damage_taken":0.0,"cards_obtained":["Doubt"]},{"damage_healed":0.0,"max_hp_gain":0.0,"max_hp_loss":0.0,"gold_gain":75.0,"event_name":"World of Goop","player_choice":"Gather Gold","floor":4.0,"gold_loss":0.0,"damage_taken":11.0},{"damage_healed":0.0,"max_hp_gain":0.0,"max_hp_loss":0.0,"gold_gain":0.0,"event_name":"Mushrooms","player_choice":"Fought Mushrooms","floor":8.0,"gold_loss":0.0,"damage_taken":0.0},{"damage_healed":0.0,"max_hp_gain":0.0,"max_hp_loss":0.0,"gold_gain":0.0,"event_name":"Lab","player_choice":"Got Potions","floor":21.0,"gold_loss":0.0,"damage_taken":0.0},{"damage_healed":0.0,"max_hp_gain":0.0,"max_hp_loss":0.0,"gold_gain":0.0,"event_name":"MindBloom","player_choice":"Fight","floor":37.0,"gold_loss":0.0,"damage_taken":0.0},{"cards_removed":["Shrug It Off"],"damage_healed":0.0,"max_hp_gain":0.0,"max_hp_loss":0.0,"gold_gain":0.0,"event_name":"Falling","player_choice":"Removed Skill","floor":44.0,"gold_loss":0.0,"damage_taken":0.0}],"is_beta":false,"boss_relics":[{"not_picked":["White Beast Statue","Mark of Pain"],"picked":"Cursed Key"},{"not_picked":["Philosopher\u0027s Stone","Coffee Dripper"],"picked":"Runic Pyramid"}],"items_purged_floors":[3,19,27,39],"is_endless":false,"potions_floor_spawned":[11,13,16,20,22,29,31,36,46,48],"killed_by":"Shield and Spear","ascension_level":20}