{"gold_per_floor":[116,116,127,127,144,177,16,27,81,115,115,149,149,162,162,239,239,249,249,609,73,87,87,122,122,122,147,147,147,181,181,181,252,252,271,371,371,371,385,385,411,149,149,149,174,174,174,205,205,205],"floor_reached":50,"playtime":3170,"items_purged":["Strike_R","Strike_R"],"score":1259,"play_id":"e0b074dd-71c3-4dcd-9a3f-a840feb18c9b","local_time":"20181208215904","is_ascension_mode":true,"campfire_choices":[{"data":"Limit Break","floor":11.0,"key":"SMITH"},{"data":"Heavy Blade","floor":13.0,"key":"SMITH"},{"floor":15.0,"key":"REST"},{"floor":23.0,"key":"REST"},{"floor":25.0,"key":"REST"},{"data":"Spot Weakness","floor":32.0,"key":"SMITH"},{"data":"Offering","floor":40.0,"key":"SMITH"},{"data":"Spot Weakness","floor":44,"key":"SMITH"},{"floor":49,"key":"RECALL"}],"neow_cost":"PERCENT_DAMAGE","seed_source_timestamp":0,"circlet_count":0,"master_deck":["AscendersBane","Strike_R","Strike_R","Defend_R","Defend_R+1","Defend_R","Defend_R+1","Bash","Pommel Strike","Anger","True Grit","Shockwave","Limit Break+1","Heavy Blade+1","Pummel","Headbutt","Pommel Strike","Offering+1","Disarm","Rage","Sword Boomerang","Power Through","Power Through","Spot Weakness+1","Feed","Heavy Blade","Sword Boomerang+1","Spot Weakness+1","Metallicize+1","Armaments","Discovery+1","Dark Shackles","Jack Of All Trades"],"special_seed":0,"relics":["Burning Blood","Du-Vu Doll","Matryoshka","War Paint","Tiny Chest","Omamori","Happy Flower","Regal Pillow","Runic Cube","Juzu Bracelet","ClockworkSouvenir","Pen Nib","Paper Frog","Lantern","Bottled Lightning","Vajra","Smiling Mask","Letter Opener","Lizard Tail","StoneCalendar","Kunai","PreservedInsect","Strange Spoon","Turnip","Pantograph"],"potions_floor_usage":[50,50],"damage_taken":[{"damage":7.0,"enemies":"Small Slimes","floor":1.0,"turns":3.0},{"damage":1.0,"enemies":"Cultist","floor":3.0,"turns":3.0},{"damage":9.0,"enemies":"Jaw Worm","floor":5.0,"turns":4.0},{"damage":23.0,"enemies":"Lagavulin","floor":6.0,"turns":7.0},{"damage":10.0,"enemies":"Large Slime","floor":8.0,"turns":4.0},{"damage":6.0,"enemies":"Gremlin Nob","floor":10.0,"turns":3.0},{"damage":15.0,"enemies":"3 Sentries","floor":12.0,"turns":6.0},{"damage":10.0,"enemies":"Lots of Slimes","floor":14.0,"turns":5.0},{"damage":42.0,"enemies":"The Guardian","floor":16.0,"turns":10.0},{"damage":16.0,"enemies":"Chosen","floor":18.0,"turns":5.0},{"damage":12.0,"enemies":"3 Byrds","floor":22.0,"turns":6.0},{"damage":48.0,"enemies":"Slavers","floor":24.0,"turns":6.0},{"damage":15.0,"enemies":"Gremlin Leader","floor":27.0,"turns":4.0},{"damage":8.0,"enemies":"Book of Stabbing","floor":30.0,"turns":3.0},{"damage":32.0,"enemies":"Champ","floor":33.0,"turns":12.0},{"damage":8.0,"enemies":"Orb Walker","floor":35.0,"turns":3.0},{"damage":0.0,"enemies":"Mind Bloom Boss Battle","floor":36.0,"turns":3.0},{"damage":38.0,"enemies":"3 Darklings","floor":39.0,"turns":6.0},{"damage":73.0,"enemies":"Giant Head","floor":41.0,"turns":6.0},{"damage":8,"enemies":"Nemesis","floor":45,"turns":3},{"damage":33,"enemies":"Giant Head","floor":48,"turns":6},{"damage":49,"enemies":"Donu and Deca","floor":50,"turns":2}],"seed_played":"-234209322450658115","potions_obtained":[{"floor":6.0,"key":"Fruit Juice"},{"floor":8.0,"key":"EntropicBrew"},{"floor":10.0,"key":"EssenceOfSteel"},{"floor":27.0,"key":"EssenceOfSteel"},{"floor":30.0,"key":"Fruit Juice"},{"floor":33.0,"key":"Block Potion"},{"floor":35.0,"key":"Strength Potion"},{"floor":45,"key":"SkillPotion"},{"floor":48,"key":"AttackPotion"}],"is_trial":false,"path_per_floor":["M","?","M","T","M","E","$","M","T","E","R","E","R","M","R","B",null,"M","?","?","$","M","R","E","R","T","E","?","?","E","T","R","B",null,"M","?","T","?","M","R","E","$","T","R","E","?","?","E","R","B"],"character_chosen":"IRONCLAD","items_purchased":["Limit Break","ClockworkSouvenir","Pen Nib","Rage","Strange Spoon"],"campfire_rested":3,"item_purchase_floors":[7,21,21,21,42],"current_hp_per_floor":[49,49,54,54,51,34,34,30,30,35,35,26,26,22,61,25,66,56,56,16,16,10,49,7,46,46,37,37,37,35,35,35,9,62,65,74,74,74,42,42,53,53,53,53,51,41,41,17,17,0],"gold":205,"neow_bonus":"ONE_RARE_RELIC","is_prod":false,"is_daily":false,"chose_seed":false,"campfire_upgraded":5,"win_rate":0,"timestamp":1544302744,"path_taken":["M","?","?","?","M","E","$","M","T","E","R","E","R","M","R","BOSS","M","?","?","$","M","R","E","R","T","E","?","?","E","?","R","BOSS","M","?","?","?","M","R","E","$","T","R","E","?","?","E","R","BOSS"],"build_version":"2018-12-06","purchased_purges":2,"victory":false,"max_hp_per_floor":[75,75,75,75,75,75,75,75,75,80,80,80,80,80,80,80,80,80,80,80,80,80,80,80,80,80,80,80,80,80,80,80,80,80,85,88,88,88,88,88,91,91,91,91,91,91,91,94,94,94],"card_choices":[{"not_picked":["Flex","Cleave"],"picked":"Pommel Strike","floor":1.0},{"not_picked":["Intimidate","Armaments"],"picked":"Anger","floor":3.0},{"not_picked":["Heavy Blade","Evolve"],"picked":"True Grit","floor":5.0},{"not_picked":["Fire Breathing","Clothesline"],"picked":"Shockwave","floor":6.0},{"not_picked":["Twin Strike","Rampage"],"picked":"Heavy Blade","floor":8.0},{"not_picked":["Body Slam","Dual Wield"],"picked":"Pummel","floor":10.0},{"not_picked":["Body Slam","Brutality"],"picked":"Headbutt","floor":12.0},{"not_picked":["Twin Strike","Reckless Charge"],"picked":"Pommel Strike","floor":14.0},{"not_picked":["Juggernaut","Exhume"],"picked":"Offering","floor":16.0},{"not_picked":["Havoc+1","Clash+1"],"picked":"Disarm","floor":18.0},{"not_picked":["Thunderclap+1","Body Slam"],"picked":"Sword Boomerang","floor":22.0},{"not_picked":["True Grit","Wild Strike"],"picked":"Power Through","floor":24.0},{"not_picked":["Cleave","Fire Breathing"],"picked":"Power Through","floor":27.0},{"not_picked":["Infernal Blade","Second Wind"],"picked":"Spot Weakness","floor":30.0},{"not_picked":["Dark Embrace","Brutality"],"picked":"Feed","floor":33.0},{"not_picked":["Thunderclap","Bloodletting"],"picked":"Heavy Blade","floor":35.0},{"not_picked":["Metallicize","Power Through"],"picked":"Sword Boomerang+1","floor":36.0},{"not_picked":["Anger+1","Sever Soul+1"],"picked":"Spot Weakness","floor":39.0},{"not_picked":["Power Through","Juggernaut"],"picked":"Metallicize+1","floor":41.0},{"not_picked":["Dropkick+1","Reckless Charge+1"],"picked":"Armaments","floor":45},{"not_picked":["Mayhem","Good Instincts"],"picked":"Discovery","floor":46},{"not_picked":["Transmutation","Swift Strike"],"picked":"Dark Shackles","floor":46},{"not_picked":["Forethought","Dark Shackles"],"picked":"Jack Of All Trades","floor":46},{"not_picked":["Heavy Blade","Feed","Thunderclap"],"picked":"SKIP","floor":48}],"player_experience":983459,"relics_obtained":[{"floor":4.0,"key":"Matryoshka"},{"floor":6.0,"key":"War Paint"},{"floor":9.0,"key":"Tiny Chest"},{"floor":9.0,"key":"Omamori"},{"floor":10.0,"key":"Happy Flower"},{"floor":12.0,"key":"Regal Pillow"},{"floor":24.0,"key":"Paper Frog"},{"floor":26.0,"key":"Lantern"},{"floor":26.0,"key":"Bottled Lightning"},{"floor":27.0,"key":"Vajra"},{"floor":30.0,"key":"Smiling Mask"},{"floor":31.0,"key":"Letter Opener"},{"floor":36.0,"key":"StoneCalendar"},{"floor":37.0,"key":"Kunai"},{"floor":41.0,"key":"PreservedInsect"},{"floor":45,"key":"Turnip"},{"floor":48,"key":"Pantograph"}],"event_choices":[{"cards_removed":["Strike_R"],"damage_healed":0.0,"max_hp_gain":0.0,"max_hp_loss":0.0,"gold_gain":0.0,"event_name":"Purifier","player_choice":"Purged","floor":2.0,"gold_loss":0.0,"damage_taken":0.0},{"damage_healed":0.0,"max_hp_gain":0.0,"max_hp_loss":0.0,"gold_gain":0.0,"event_name":"The Mausoleum","player_choice":"Opened","floor":19.0,"gold_loss":0.0,"damage_taken":0.0,"relics_obtained":["Juzu Bracelet"],"cards_obtained":["Writhe"]},{"damage_healed":0.0,"max_hp_gain":0.0,"max_hp_loss":0.0,"gold_gain":360.0,"event_name":"Knowing Skull","player_choice":"GOLD GOLD GOLD GOLD ","floor":20.0,"potions_obtained":[],"gold_loss":0.0,"damage_taken":40.0,"cards_obtained":[]},{"damage_healed":0.0,"max_hp_gain":0.0,"max_hp_loss":0.0,"gold_gain":0.0,"event_name":"Vampires","player_choice":"Ignored","floor":28.0,"gold_loss":0.0,"damage_taken":0.0},{"damage_healed":0.0,"max_hp_gain":0.0,"max_hp_loss":0.0,"gold_gain":0.0,"event_name":"Ghosts","player_choice":"Ignored","floor":29.0,"gold_loss":0.0,"damage_taken":0.0},{"damage_healed":0.0,"max_hp_gain":0.0,"max_hp_loss":0.0,"gold_gain":0.0,"event_name":"MindBloom","player_choice":"Fight","floor":36.0,"gold_loss":0.0,"damage_taken":0.0},{"damage_healed":0.0,"max_hp_gain":0.0,"max_hp_loss":0.0,"gold_gain":0.0,"event_name":"Tomb of Lord Red Mask","player_choice":"Ignored","floor":38.0,"gold_loss":0.0,"damage_taken":0.0},{"damage_healed":0,"gold_gain":0,"player_choice":"Memory 3","damage_taken":10,"max_hp_gain":0,"max_hp_loss":0,"event_name":"SensoryStone","floor":46,"gold_loss":0},{"damage_healed":0,"gold_gain":0,"player_choice":"Upgraded","damage_taken":0,"max_hp_gain":0,"max_hp_loss":0,"event_name":"Upgrade Shrine","floor":47,"gold_loss":0,"cards_upgraded":["Discovery"]}],"is_beta":true,"boss_relics":[{"not_picked":["White Beast Statue","Eternal Feather"],"picked":"Runic Cube"},{"not_picked":["Runic Dome","Runic Pyramid"],"picked":"Lizard Tail"}],"items_purged_floors":[21,42],"is_endless":false,"potions_floor_spawned":[6,8,10,27,30,33,35,45,48],"killed_by":"Donu and Deca","ascension_level":18}