{"gold_per_floor":[115,30,30,30,105,138,138,182,182,206,245,245,259,56,56,149,149,167,217,231,231,156,156,156],"floor_reached":24,"playtime":682,"items_purged":["Strike_G+1"],"score":520,"play_id":"0ed468bc-80d1-4081-98ef-ed06d3126c2e","local_time":"20190915200357","is_ascension_mode":true,"campfire_choices":[{"data":"Bouncing Flask","floor":7.0,"key":"SMITH"},{"data":"Caltrops","floor":15,"key":"SMITH"},{"floor":23,"key":"REST"}],"neow_cost":"NONE","seed_source_timestamp":12146713712636,"circlet_count":0,"master_deck":["AscendersBane","Strike_G+1","Strike_G+1","Strike_G+1","Strike_G+1","Defend_G+1","Defend_G+1","Defend_G+1","Defend_G+1","Defend_G+1","Survivor","Neutralize","Flying Knee","Bouncing Flask+1","Well Laid Plans","Night Terror","Deadly Poison+1","Predator","Caltrops+1","A Thousand Cuts","Dagger Spray","Deflect+1"],"special_seed":0,"relics":["Ring of the Snake","NeowsBlessing","Omamori","Golden Idol","InkBottle","Art of War","Mummified Hand","Whetstone","ClockworkSouvenir","Cursed Key"],"potions_floor_usage":[24],"damage_taken":[{"damage":0.0,"enemies":"Small Slimes","floor":1.0,"turns":1.0},{"damage":0.0,"enemies":"Lagavulin","floor":6.0,"turns":1.0},{"damage":0.0,"enemies":"3 Sentries","floor":8.0,"turns":2.0},{"damage":4.0,"enemies":"Jaw Worm","floor":10.0,"turns":2.0},{"damage":6.0,"enemies":"Gremlin Nob","floor":11.0,"turns":3.0},{"damage":1,"enemies":"2 Louse","floor":13,"turns":3},{"damage":18,"enemies":"Hexaghost","floor":16,"turns":8},{"damage":8,"enemies":"Shell Parasite","floor":18,"turns":5},{"damage":36,"enemies":"2 Thieves","floor":20,"turns":4},{"damage":24,"enemies":"Book of Stabbing","floor":24,"turns":3}],"seed_played":"8131376752581401253","potions_obtained":[{"floor":6.0,"key":"Fire Potion"},{"floor":8.0,"key":"Block Potion"}],"is_trial":false,"path_per_floor":["M","$","?","?","?","E","R","E","T","M","E","?","M","$","R","B",null,"M","?","M","?","$","R","E"],"character_chosen":"THE_SILENT","items_purchased":["Bouncing Flask","ClockworkSouvenir","Caltrops"],"campfire_rested":1,"item_purchase_floors":[2,14,14],"current_hp_per_floor":[59,59,54,54,43,43,43,43,43,39,33,33,32,32,32,14,49,41,41,5,5,5,23,0],"gold":156,"neow_bonus":"THREE_ENEMY_KILL","is_prod":false,"is_daily":false,"chose_seed":false,"campfire_upgraded":2,"win_rate":0,"timestamp":1568570637,"path_taken":["M","$","?","?","?","E","R","E","T","M","E","?","M","$","R","BOSS","M","?","M","?","?","R","E"],"build_version":"2019-09-12","purchased_purges":1,"victory":false,"max_hp_per_floor":[66,66,66,60,60,60,60,60,60,60,60,60,60,60,60,60,60,60,60,60,60,60,60,60],"card_choices":[{"not_picked":["Blade Dance","Terror"],"picked":"Flying Knee","floor":1.0},{"not_picked":["Cloak And Dagger","Expertise"],"picked":"Well Laid Plans","floor":6.0},{"not_picked":["Acrobatics","Calculated Gamble"],"picked":"Night Terror","floor":8.0},{"not_picked":["Cloak And Dagger","Slice"],"picked":"Deadly Poison","floor":10.0},{"not_picked":["Night Terror","Infinite Blades"],"picked":"Predator","floor":11},{"not_picked":["Bane","Prepared","Reflex"],"picked":"SKIP","floor":13},{"not_picked":["Venomology","Unload"],"picked":"A Thousand Cuts","floor":16},{"not_picked":["Sucker Punch","Caltrops"],"picked":"Dagger Spray","floor":18},{"not_picked":["Dodge and Roll","Infinite Blades"],"picked":"Deflect+1","floor":20}],"player_experience":2052657,"relics_obtained":[{"floor":6.0,"key":"InkBottle"},{"floor":8.0,"key":"Art of War"},{"floor":9.0,"key":"Mummified Hand"},{"floor":11,"key":"Whetstone"}],"event_choices":[{"damage_healed":0.0,"max_hp_gain":0.0,"max_hp_loss":0.0,"gold_gain":0.0,"event_name":"Scrap Ooze","player_choice":"Success","floor":3.0,"gold_loss":0.0,"damage_taken":5.0,"relics_obtained":["Omamori"]},{"damage_healed":0.0,"max_hp_gain":0.0,"max_hp_loss":6.0,"gold_gain":0.0,"event_name":"Golden Idol","player_choice":"Lose Max HP","floor":4.0,"gold_loss":0.0,"damage_taken":0.0,"relics_obtained":["Golden Idol"]},{"damage_healed":0.0,"max_hp_gain":0.0,"max_hp_loss":0.0,"gold_gain":75.0,"event_name":"World of Goop","player_choice":"Gather Gold","floor":5.0,"gold_loss":0.0,"damage_taken":11.0},{"damage_healed":0,"gold_gain":0,"player_choice":"Grow","damage_taken":0,"max_hp_gain":0,"max_hp_loss":0,"event_name":"Living Wall","floor":12,"gold_loss":0,"cards_upgraded":["Deadly Poison"]},{"damage_healed":0,"gold_gain":50,"player_choice":"Stole From Cult","damage_taken":0,"max_hp_gain":0,"max_hp_loss":0,"event_name":"Nest","floor":19,"gold_loss":0},{"damage_healed":0,"gold_gain":0,"player_choice":"Simplicity","damage_taken":0,"max_hp_gain":0,"max_hp_loss":0,"event_name":"Back to Basics","floor":21,"gold_loss":0,"cards_upgraded":["Strike_G","Strike_G","Strike_G","Defend_G","Defend_G","Defend_G","Defend_G","Defend_G"]}],"is_beta":true,"boss_relics":[{"not_picked":["Empty Cage","Ectoplasm"],"picked":"Cursed Key"}],"items_purged_floors":[22],"is_endless":false,"potions_floor_spawned":[6,8,10],"killed_by":"Book of Stabbing","ascension_level":20}