{"path_per_floor":["M","M","?","M","M","R","E","M","T","M","$","R","E","M","R","B",null,"M","?","M","M","$","R","E","R","T","E","?","?","R","M","R","B",null,"M","M","?","?","?","E","R","?","T","M","R","M","?","E","R"],"character_chosen":"THE_SILENT","items_purchased":["Bird Faced Urn","Vajra"],"gold_per_floor":[110,122,122,138,155,155,187,200,227,246,8,8,39,52,52,154,154,136,136,154,172,48,48,78,78,78,111,111,34,34,46,46,145,145,162,178,178,178,0,33,33,33,59,70,70,83,83,117,117,117],"floor_reached":50,"campfire_rested":2,"playtime":4113,"current_hp_per_floor":[70,69,66,66,66,66,58,58,58,56,56,56,41,38,38,24,70,60,60,66,53,53,53,30,30,30,22,22,22,43,47,47,22,70,67,69,69,59,59,57,57,57,57,52,52,36,36,7,28,0],"items_purged":[],"gold":117,"score":603,"play_id":"75193696-3326-4c28-a431-8c6bb5ffc0af","local_time":"20180514214915","is_prod":false,"is_daily":false,"chose_seed":false,"is_ascension_mode":true,"campfire_upgraded":8,"timestamp":1526327355,"path_taken":["M","?","?","M","?","R","E","?","T","?","$","R","E","M","R","BOSS","M","?","M","M","$","R","E","R","T","E","?","?","R","M","R","BOSS","M","M","?","?","?","E","R","?","T","M","R","M","?","E","R","BOSS"],"build_version":"2018-05-10","seed_source_timestamp":33585096702495,"purchased_purges":0,"victory":false,"master_deck":["Defend_G+1","Defend_G+1","Defend_G+1","Defend_G+1","Strike_G+1","Strike_G+1","Strike_G+1","Strike_G+1","Strike_G+1","Survivor","Neutralize","Glass Knife+1","Noxious Fumes+1","Bane+1","Catalyst","Skewer+1","Envenom+1","Choke+1","Dagger Throw","Flechettes","Bane","Corpse Explosion","Dagger Spray+1","Noxious Fumes","Prepared+1","Adrenaline+1","Leg Sweep+1","Malaise+1","Poisoned Stab","J.A.X.","Dagger Throw+1","After Image+1","Outmaneuver+1","Heel Hook","Panache+1","Dramatic Entrance","Dramatic Entrance","Dagger Throw+1","Deflect+1","Bouncing Flask+1","Night Terror","Flying Knee+1"],"max_hp_per_floor":[70,70,70,70,70,70,70,70,70,70,70,70,70,70,70,70,70,70,70,70,70,70,70,70,70,70,70,70,70,70,70,70,70,70,70,70,70,70,70,70,70,70,70,70,70,70,70,70,70,70],"relics":["Ring of the Snake","The Courier","Whetstone","Prayer Wheel","Bird Faced Urn","Juzu Bracelet","Sozu","Vajra","Peace Pipe","Bronze Scales","Tingsha","Lizard Tail","Red Mask","Question Card","Happy Flower","Art of War"],"card_choices":[{"not_picked":["Backflip","Underhanded Strike"],"picked":"Noxious Fumes","floor":1},{"not_picked":["Outmaneuver","Riddle With Holes"],"picked":"Bane","floor":2},{"not_picked":["Prepared","Acrobatics"],"picked":"Catalyst","floor":4},{"not_picked":["Cloak And Dagger","Blade Dance"],"picked":"Skewer","floor":5},{"not_picked":["Escape Plan","PiercingWail"],"picked":"Envenom","floor":7},{"not_picked":["Dodge and Roll","Reflex"],"picked":"Choke","floor":8},{"not_picked":["Prepared","Slice"],"picked":"Dagger Throw","floor":10},{"not_picked":["Acrobatics","Infinite Blades"],"picked":"Flechettes","floor":13},{"not_picked":["Quick Slash","Sucker Punch"],"picked":"Bane","floor":14},{"not_picked":["Bullet Time","Wraith Form v2"],"picked":"Corpse Explosion","floor":16},{"not_picked":["Bane","Backflip"],"picked":"Dagger Spray","floor":18},{"not_picked":["Sucker Punch","Underhanded Strike"],"picked":"Prepared","floor":20},{"not_picked":["Bane","PiercingWail"],"picked":"Adrenaline","floor":21},{"not_picked":["Deflect","Deadly Poison"],"picked":"Leg Sweep","floor":24},{"not_picked":["Sucker Punch","Cloak And Dagger"],"picked":"Malaise","floor":26},{"not_picked":["Blur","Bane"],"picked":"Poisoned Stab","floor":27},{"not_picked":["Backflip","Sucker Punch"],"picked":"Dagger Throw","floor":31},{"not_picked":["Unload","Wraith Form v2"],"picked":"After Image","floor":33},{"not_picked":["Sucker Punch","Prepared"],"picked":"Outmaneuver","floor":35},{"not_picked":["Slice","Malaise"],"picked":"Heel Hook","floor":36},{"not_picked":["Dark Shackles","Thinking Ahead"],"picked":"Panache","floor":38},{"not_picked":["Panacea","Madness"],"picked":"Dramatic Entrance","floor":38},{"not_picked":["Swift Strike","Thinking Ahead"],"picked":"Dramatic Entrance","floor":38},{"not_picked":["Deadly Poison","Corpse Explosion"],"picked":"Dagger Throw","floor":40},{"not_picked":["Flying Knee","Bane","Dagger Spray"],"picked":"Deflect","floor":43},{"not_picked":["Blade Dance","Footwork","Deflect"],"picked":"Bouncing Flask","floor":44},{"not_picked":["Infinite Blades","Heel Hook","Dagger Throw"],"picked":"Night Terror","floor":46},{"not_picked":["Prepared","Dagger Throw","Calculated Gamble"],"picked":"Flying Knee","floor":48}],"player_experience":71627,"potions_floor_usage":[7,8,16,16],"damage_taken":[{"damage":0,"enemies":"Cultist","floor":1,"turns":3},{"damage":1,"enemies":"2 Louse","floor":2,"turns":3},{"damage":0,"enemies":"Jaw Worm","floor":4,"turns":3},{"damage":0,"enemies":"3 Louse","floor":5,"turns":3},{"damage":8,"enemies":"Lagavulin","floor":7,"turns":4},{"damage":12,"enemies":"Lots of Slimes","floor":8,"turns":4},{"damage":2,"enemies":"Blue Slaver","floor":10,"turns":3},{"damage":19,"enemies":"3 Sentries","floor":13,"turns":6},{"damage":5,"enemies":"3 Louse","floor":14,"turns":3},{"damage":18,"enemies":"The Guardian","floor":16,"turns":7},{"damage":14,"enemies":"2 Thieves","floor":18,"turns":4},{"damage":0,"enemies":"Chosen","floor":20,"turns":4},{"damage":19,"enemies":"Centurion and Healer","floor":21,"turns":4},{"damage":29,"enemies":"Book of Stabbing","floor":24,"turns":4},{"damage":12,"enemies":"Slavers","floor":27,"turns":4},{"damage":0,"enemies":"Snecko","floor":31,"turns":3},{"damage":31,"enemies":"Champ","floor":33,"turns":10},{"damage":5,"enemies":"Orb Walker","floor":35,"turns":3},{"damage":1,"enemies":"3 Shapes","floor":36,"turns":3},{"damage":8,"enemies":"2 Orb Walkers","floor":40,"turns":3},{"damage":7,"enemies":"3 Darklings","floor":44,"turns":3},{"damage":26,"enemies":"Maw","floor":46,"turns":5},{"damage":37,"enemies":"Nemesis","floor":48,"turns":5},{"damage":94,"enemies":"Awakened One","floor":50,"turns":8}],"event_choices":[{"event_name":"Scrap Ooze","player_choice":"success","floor":3,"damage_taken":3},{"event_name":"The Library","player_choice":"Read","floor":19,"damage_taken":0},{"event_name":"Back to Basics","player_choice":"Simplicity","floor":28,"damage_taken":0},{"event_name":"Drug Dealer","player_choice":"Got JAXXED","floor":29,"damage_taken":0},{"event_name":"SensoryStone","player_choice":"Memory 3","floor":38,"damage_taken":0},{"event_name":"Tomb of Lord Red Mask","player_choice":"Paid","floor":39,"damage_taken":0},{"event_name":"Upgrade Shrine","player_choice":"Upgraded","floor":42,"damage_taken":0},{"event_name":"The Lab","player_choice":"Got Potions","floor":47,"damage_taken":0}],"boss_relics":[{"not_picked":["Tiny House","Astrolabe"],"picked":"Sozu"},{"not_picked":["White Beast Statue","Cursed Key"],"picked":"Lizard Tail"}],"potions_floor_spawned":[4,5,13,14,18,21,24,40,46,48],"seed_played":"6898243704594142146","killed_by":"Awakened One","ascension_level":1,"is_trial":false}