{"gold_per_floor":[113,113,113,125,125,125,158,158,158,172,172,184,203,223,223,296,296,296,296,152,152,152,152,152,152,152,152,152,152,152,152,152,152,152,152,152,152,152,118,118,118,118,118,118,118,46,46,46,46,46],"floor_reached":50,"playtime":4730,"items_purged":[],"score":885,"play_id":"46b2fb24-05f6-4526-a2b4-c6ab654f09c8","local_time":"20181017145025","is_ascension_mode":true,"campfire_choices":[{"data":"Infinite Blades","floor":6,"key":"SMITH"},{"data":"Blind","floor":8,"key":"SMITH"},{"data":"Neutralize","floor":11,"key":"SMITH"},{"data":"Dash","floor":15,"key":"SMITH"},{"data":"Blade Dance","floor":23,"key":"SMITH"},{"data":"Accuracy","floor":25,"key":"SMITH"},{"data":"Blade Dance","floor":29,"key":"SMITH"},{"data":"Choke","floor":32,"key":"SMITH"},{"data":"Adrenaline","floor":40,"key":"SMITH"},{"data":"RitualDagger","floor":42,"key":"SMITH"},{"data":"Noxious Fumes","floor":44,"key":"SMITH"},{"floor":49,"key":"REST"}],"neow_cost":"NONE","seed_source_timestamp":17969566965124,"circlet_count":0,"master_deck":["Defend_G","Defend_G","Defend_G","Defend_G","Survivor","Neutralize+1","AscendersBane","Blind+1","Infinite Blades+1","Blur","Quick Slash","Blade Dance+1","Blade Dance","Dash+1","Bullet Time","Accuracy+1","Backflip","Bite","Bite","Bite","Bite","Bite","Blade Dance+1","Quick Slash","RitualDagger+1","Choke+1","Heel Hook","Adrenaline+1","Flying Knee","Dagger Spray+1","Noxious Fumes+1","Cloak And Dagger+1","Finisher"],"relics":["Ring of the Snake","Potion Belt","Ornamental Fan","Thread and Needle","Ectoplasm","Bag of Marbles","Pear","Paper Crane","Busted Crown","Old Coin","Question Card","MawBank"],"potions_floor_usage":[7,16,28,33,36,36,38,48,50],"damage_taken":[{"damage":1,"enemies":"2 Louse","floor":1,"turns":5},{"damage":2,"enemies":"Cultist","floor":4,"turns":4},{"damage":26,"enemies":"Lagavulin","floor":7,"turns":9},{"damage":0,"enemies":"Small Slimes","floor":10,"turns":4},{"damage":0,"enemies":"Blue Slaver","floor":12,"turns":4},{"damage":7,"enemies":"3 Louse","floor":13,"turns":4},{"damage":0,"enemies":"2 Fungi Beasts","floor":14,"turns":4},{"damage":5,"enemies":"Hexaghost","floor":16,"turns":15},{"damage":3,"enemies":"Spheric Guardian","floor":18,"turns":6},{"damage":0,"enemies":"Shell Parasite","floor":19,"turns":5},{"damage":0,"enemies":"Centurion and Healer","floor":22,"turns":5},{"damage":22,"enemies":"Book of Stabbing","floor":24,"turns":6},{"damage":0,"enemies":"Shelled Parasite and Fungi","floor":28,"turns":5},{"damage":3,"enemies":"Snake Plant","floor":30,"turns":5},{"damage":0,"enemies":"Cultist and Chosen","floor":31,"turns":4},{"damage":65,"enemies":"Champ","floor":33,"turns":11},{"damage":0,"enemies":"Orb Walker","floor":35,"turns":3},{"damage":20,"enemies":"Mysterious Sphere","floor":36,"turns":5},{"damage":0,"enemies":"3 Darklings","floor":37,"turns":7},{"damage":0,"enemies":"Jaw Worm Horde","floor":38,"turns":3},{"damage":0,"enemies":"Sphere and 2 Shapes","floor":41,"turns":3},{"damage":0,"enemies":"Reptomancer","floor":45,"turns":2},{"damage":1,"enemies":"3 Darklings","floor":47,"turns":4},{"damage":25,"enemies":"4 Shapes","floor":48,"turns":9},{"damage":73,"enemies":"Donu and Deca","floor":50,"turns":8}],"seed_played":"-28766336569792775","potions_obtained":[{"floor":1,"key":"SkillPotion"},{"floor":10,"key":"AttackPotion"},{"floor":13,"key":"Energy Potion"},{"floor":18,"key":"Block Potion"},{"floor":19,"key":"SteroidPotion"},{"floor":31,"key":"Explosive Potion"},{"floor":35,"key":"AttackPotion"},{"floor":47,"key":"Swift Potion"},{"floor":48,"key":"AttackPotion"}],"is_trial":false,"path_per_floor":["M","?","?","M","?","R","E","R","T","M","R","M","M","M","R","B",null,"M","M","$","?","M","R","E","R","T","?","M","R","M","M","R","B",null,"M","?","M","M","$","R","M","R","T","R","E","$","M","M","R"],"character_chosen":"THE_SILENT","items_purchased":["Bag of Marbles","Noxious Fumes","Finisher"],"campfire_rested":1,"item_purchase_floors":[20,39,46],"current_hp_per_floor":[62,62,59,57,62,62,36,36,36,36,36,36,29,29,29,24,62,59,59,59,52,52,52,46,46,46,40,48,48,53,61,61,15,50,54,42,56,62,62,62,62,62,62,62,62,62,62,37,55,0],"gold":46,"neow_bonus":"RANDOM_COLORLESS","is_prod":false,"is_daily":false,"chose_seed":false,"campfire_upgraded":11,"win_rate":0,"timestamp":1539780625,"path_taken":["M","?","?","M","?","R","E","R","T","M","R","M","?","M","R","BOSS","M","M","$","?","?","R","E","R","T","?","M","R","M","M","R","BOSS","M","?","M","M","$","R","M","R","T","R","E","$","M","M","R","BOSS"],"build_version":"2018-10-16","purchased_purges":0,"victory":false,"max_hp_per_floor":[70,70,70,70,75,75,75,75,75,75,75,75,75,75,75,75,75,75,75,75,52,52,52,62,62,62,62,62,62,62,62,62,62,62,62,62,62,62,62,62,62,62,62,62,62,62,62,62,62,62],"card_choices":[{"not_picked":["Sucker Punch","Catalyst"],"picked":"Infinite Blades","floor":1},{"not_picked":["Expertise","Bane"],"picked":"Blur","floor":4},{"not_picked":["Catalyst","Acrobatics"],"picked":"Quick Slash","floor":7},{"not_picked":["Sucker Punch","PiercingWail"],"picked":"Blade Dance","floor":10},{"not_picked":["Underhanded Strike","Reflex"],"picked":"Blade Dance","floor":12},{"not_picked":["Outmaneuver","Quick Slash"],"picked":"Dash","floor":13},{"not_picked":["Underhanded Strike","Bane","Dodge and Roll"],"picked":"SKIP","floor":14},{"not_picked":["Venomology","Grand Finale"],"picked":"Bullet Time","floor":16},{"not_picked":["Backflip","Masterful Stab"],"picked":"Accuracy","floor":18},{"not_picked":["Bane","Masterful Stab"],"picked":"Backflip","floor":19},{"not_picked":["Blur+1","Dodge and Roll"],"picked":"Blade Dance","floor":22},{"not_picked":["PiercingWail","Backflip"],"picked":"Quick Slash","floor":24},{"not_picked":["Dodge and Roll","Caltrops"],"picked":"Choke","floor":28},{"not_picked":["Slice","Prepared"],"picked":"Heel Hook","floor":30},{"not_picked":["Noxious Fumes","Dodge and Roll","Distraction"],"picked":"SKIP","floor":31},{"not_picked":["Storm of Steel","A Thousand Cuts"],"picked":"Adrenaline","floor":33},{"not_picked":[],"picked":"Flying Knee","floor":35},{"not_picked":["Flying Knee"],"picked":"SKIP","floor":37},{"not_picked":[],"picked":"Dagger Spray+1","floor":38},{"not_picked":["Slice+1"],"picked":"SKIP","floor":41},{"not_picked":["Doppelganger"],"picked":"Cloak And Dagger+1","floor":45},{"not_picked":["Outmaneuver","All Out Attack"],"picked":"SKIP","floor":47},{"not_picked":["Distraction","Masterful Stab"],"picked":"SKIP","floor":48}],"player_experience":627151,"relics_obtained":[{"floor":7,"key":"Ornamental Fan"},{"floor":9,"key":"Thread and Needle"},{"floor":24,"key":"Pear"},{"floor":26,"key":"Paper Crane"},{"floor":36,"key":"Old Coin"},{"floor":43,"key":"Question Card"},{"floor":45,"key":"MawBank"}],"event_choices":[{"cards_removed":["Defend_G"],"damage_healed":0,"gold_gain":0,"player_choice":"Offered Basic","damage_taken":0,"max_hp_gain":0,"max_hp_loss":0,"event_name":"Bonfire Elementals","floor":2,"gold_loss":0},{"damage_healed":0,"gold_gain":0,"player_choice":"Success","damage_taken":3,"relics_obtained":["Potion Belt"],"max_hp_gain":0,"max_hp_loss":0,"event_name":"Scrap Ooze","floor":3,"gold_loss":0},{"damage_healed":0,"gold_gain":0,"player_choice":"Donut","damage_taken":0,"max_hp_gain":5,"max_hp_loss":0,"event_name":"Big Fish","floor":5,"gold_loss":0},{"damage_healed":0,"gold_gain":0,"player_choice":"Became a vampire","damage_taken":0,"max_hp_gain":0,"max_hp_loss":23,"event_name":"Vampires","floor":21,"gold_loss":0,"cards_obtained":["Bite","Bite","Bite","Bite","Bite"]},{"damage_healed":0,"gold_gain":0,"player_choice":"Joined the Cult","damage_taken":6,"max_hp_gain":0,"max_hp_loss":0,"event_name":"Nest","floor":27,"gold_loss":0,"cards_obtained":["RitualDagger"]},{"damage_healed":0,"gold_gain":0,"player_choice":"Fight","damage_taken":0,"max_hp_gain":0,"max_hp_loss":0,"event_name":"Mysterious Sphere","floor":36,"gold_loss":0}],"is_beta":true,"boss_relics":[{"not_picked":["Calling Bell","Ring of the Serpent"],"picked":"Ectoplasm"},{"not_picked":["Sozu","Snecko Eye"],"picked":"Busted Crown"}],"items_purged_floors":[],"is_endless":false,"potions_floor_spawned":[1,10,13,18,19,31,35,47,48],"killed_by":"Donu and Deca","ascension_level":13}