{"gold_per_floor":[112,25,44,44,44,60,80,80,80,111,127,144,144,174,174,174],"floor_reached":16,"playtime":787,"items_purged":[],"score":224,"play_id":"c9ba3009-bcb5-40af-a894-f111c4189dd2","local_time":"20190817135828","is_ascension_mode":true,"campfire_choices":[{"floor":8,"key":"REST"},{"floor":13,"key":"REST"},{"data":"Footwork","floor":15,"key":"SMITH"}],"neow_cost":"TEN_PERCENT_HP_LOSS","seed_source_timestamp":8907900443889,"circlet_count":0,"master_deck":["AscendersBane","Strike_G","Strike_G","Strike_G","Strike_G","Strike_G","Defend_G","Defend_G","Defend_G","Defend_G","Defend_G","Survivor","Neutralize","Backflip","Finisher","Deadly Poison+1","Blade Dance","Blade Dance","Cloak And Dagger","Footwork+1","Dodge and Roll","Backstab"],"special_seed":0,"relics":["Ring of the Snake","Nunchaku","Kunai","hubris:ToyBattleship","Frozen Egg 2"],"potions_floor_usage":[16,16],"damage_taken":[{"damage":6.0,"enemies":"Small Slimes","floor":1.0,"turns":6.0},{"damage":0.0,"enemies":"2 Louse","floor":3.0,"turns":2.0},{"damage":0.0,"enemies":"Jaw Worm","floor":6.0,"turns":3.0},{"damage":36,"enemies":"Gremlin Gang","floor":7,"turns":6},{"damage":10,"enemies":"Lagavulin","floor":10,"turns":6},{"damage":1,"enemies":"Looter","floor":11,"turns":3},{"damage":6,"enemies":"3 Louse","floor":12,"turns":2},{"damage":7,"enemies":"3 Sentries","floor":14,"turns":10},{"damage":31,"enemies":"Slime Boss","floor":16,"turns":17}],"seed_played":"-641230970069110167","potions_obtained":[{"floor":3.0,"key":"Dexterity Potion"},{"floor":6.0,"key":"Weak Potion"}],"is_trial":false,"path_per_floor":["M","$","M","?","?","M","M","R","T","E","M","M","R","E","R","B"],"character_chosen":"THE_SILENT","items_purchased":["Finisher"],"campfire_rested":2,"item_purchase_floors":[2],"current_hp_per_floor":[53,53,53,53,53,53,17,35,35,25,24,18,36,29,29,0],"gold":174,"neow_bonus":"ONE_RARE_RELIC","is_prod":false,"is_daily":false,"chose_seed":false,"campfire_upgraded":1,"win_rate":0,"timestamp":1566043108,"path_taken":["M","$","M","?","?","M","M","R","T","E","M","M","R","E","R","BOSS"],"build_version":"2019-07-17","purchased_purges":0,"victory":false,"max_hp_per_floor":[60,60,60,60,60,60,60,60,60,60,60,60,60,60,60,60],"card_choices":[{"not_picked":["Caltrops","Escape Plan"],"picked":"Backflip","floor":1.0},{"not_picked":["Underhanded Strike","Concentrate"],"picked":"Deadly Poison","floor":3.0},{"not_picked":["Dagger Throw","Backflip"],"picked":"Blade Dance","floor":6.0},{"not_picked":["Prepared","Underhanded Strike"],"picked":"Blade Dance","floor":7},{"not_picked":["Blade Dance","Underhanded Strike"],"picked":"Cloak And Dagger","floor":10},{"not_picked":["All Out Attack","Reflex"],"picked":"Footwork","floor":11},{"not_picked":["Reflex","Endless Agony"],"picked":"Dodge and Roll","floor":12},{"not_picked":["Burst","Terror"],"picked":"Backstab","floor":14}],"player_experience":1933009,"relics_obtained":[{"floor":9,"key":"Kunai"},{"floor":10,"key":"hubris:ToyBattleship"},{"floor":14,"key":"Frozen Egg 2"}],"event_choices":[{"damage_healed":0.0,"max_hp_gain":0.0,"max_hp_loss":0.0,"gold_gain":0.0,"event_name":"Living Wall","player_choice":"Grow","floor":4.0,"gold_loss":0.0,"damage_taken":0.0,"cards_upgraded":["Deadly Poison"]},{"damage_healed":0.0,"max_hp_gain":0.0,"max_hp_loss":0.0,"gold_gain":0.0,"event_name":"The Cleric","player_choice":"Leave","floor":5.0,"gold_loss":0.0,"damage_taken":0.0}],"is_beta":false,"boss_relics":[],"items_purged_floors":[],"is_endless":false,"potions_floor_spawned":[3,6,7,14],"killed_by":"Slime Boss","ascension_level":20}