{"gold_per_floor":[110,123,123,52,72,105,105,134,134,147,158,158,138,173,173,275,275,293,34,34,34,46,72,72,100,100,100,129,143,153,172,172,172],"floor_reached":33,"playtime":1871,"items_purged":[],"score":525,"play_id":"e5659ce9-c9d1-405c-aabf-062bb0bfc04c","local_time":"20190413171508","is_ascension_mode":true,"campfire_choices":[{"data":"Zap","floor":7,"key":"SMITH"},{"floor":12,"key":"REST"},{"data":"Defragment","floor":15,"key":"SMITH"},{"data":"Dualcast","floor":24,"key":"SMITH"},{"data":"Redo","floor":27,"key":"SMITH"},{"floor":32,"key":"REST"}],"neow_cost":"NONE","seed_source_timestamp":21485478015502,"circlet_count":0,"master_deck":["Strike_B","Strike_B+1","Strike_B","Defend_B","Defend_B","Defend_B","Defend_B","Zap+1","Dualcast+1","Seek","Chill","Defragment+1","Steam","Beam Cell","Ball Lightning","Storm","BootSequence","White Noise+1","Electrodynamics","Cold Snap","Reboot","Ball Lightning+1","BootSequence","Steam","Redo+1","Leap+1","Compile Driver+1","Tempest+1","Leap+1"],"relics":["Cracked Core","Art of War","Sundial","Vajra","Happy Flower","Sozu","Symbiotic Virus","MutagenicStrength","Strawberry","Whetstone","Toxic Egg 2"],"potions_floor_usage":[6,16,16,23],"damage_taken":[{"damage":2,"enemies":"Jaw Worm","floor":1,"turns":3},{"damage":0,"enemies":"Cultist","floor":2,"turns":3},{"damage":0,"enemies":"Small Slimes","floor":5,"turns":3},{"damage":5,"enemies":"3 Sentries","floor":6,"turns":5},{"damage":10,"enemies":"Lagavulin","floor":8,"turns":8},{"damage":5,"enemies":"Gremlin Gang","floor":10,"turns":3},{"damage":0,"enemies":"Looter","floor":11,"turns":2},{"damage":28,"enemies":"Gremlin Nob","floor":14,"turns":4},{"damage":23,"enemies":"The Guardian","floor":16,"turns":8},{"damage":5,"enemies":"2 Thieves","floor":18,"turns":3},{"damage":2,"enemies":"Shell Parasite","floor":22,"turns":2},{"damage":0,"enemies":"Gremlin Leader","floor":23,"turns":4},{"damage":0,"enemies":"Book of Stabbing","floor":25,"turns":4},{"damage":39,"enemies":"Slavers","floor":28,"turns":4},{"damage":9,"enemies":"Snecko","floor":29,"turns":4},{"damage":13,"enemies":"Snake Plant","floor":30,"turns":3},{"damage":0,"enemies":"Cultist and Chosen","floor":31,"turns":3},{"damage":63,"enemies":"Automaton","floor":33,"turns":6}],"seed_played":"-3535077565733836718","potions_obtained":[{"floor":2,"key":"PowerPotion"},{"floor":5,"key":"FairyPotion"},{"floor":11,"key":"SpeedPotion"},{"floor":13,"key":"Regen Potion"},{"floor":14,"key":"EssenceOfSteel"},{"floor":16,"key":"Swift Potion"}],"is_trial":false,"path_per_floor":["M","M","?","$","M","E","R","E","T","M","M","R","?","E","R","B",null,"M","$","?","?","M","E","R","E","T","R","E","M","M","M","R","B"],"character_chosen":"DEFECT","items_purchased":["Steam","Beam Cell","Symbiotic Virus"],"campfire_rested":2,"item_purchase_floors":[4,4,19],"current_hp_per_floor":[66,66,59,59,59,54,54,44,44,39,39,61,61,33,33,25,63,58,58,58,58,56,63,63,63,63,63,24,15,2,2,26,0],"gold":172,"neow_bonus":"ONE_RANDOM_RARE_CARD","is_prod":false,"is_daily":false,"chose_seed":false,"campfire_upgraded":4,"win_rate":0,"timestamp":1555200908,"path_taken":["M","M","?","$","M","E","R","E","T","M","M","R","?","E","R","BOSS","M","$","?","?","M","E","R","E","T","R","E","M","M","?","R","BOSS"],"build_version":"2019-01-23","purchased_purges":0,"victory":false,"max_hp_per_floor":[75,75,75,75,75,75,75,75,75,75,75,75,75,75,75,75,75,75,75,75,75,75,82,82,82,82,82,82,82,82,82,82,82],"card_choices":[{"not_picked":["Rebound","Steam"],"picked":"Chill","floor":1},{"not_picked":["Glacier","Tempest"],"picked":"Defragment","floor":2},{"not_picked":["Cold Snap","Reprogram"],"picked":"Ball Lightning","floor":5},{"not_picked":["Cold Snap","Reprogram"],"picked":"Storm","floor":6},{"not_picked":["Coolheaded","Barrage"],"picked":"BootSequence","floor":8},{"not_picked":["Stack","Cold Snap"],"picked":"White Noise","floor":10},{"not_picked":["Cold Snap","Blizzard"],"picked":"Electrodynamics","floor":11},{"not_picked":["Compile Driver","Melter"],"picked":"Cold Snap","floor":14},{"not_picked":["Biased Cognition","Hyperbeam"],"picked":"Reboot","floor":16},{"not_picked":["Cold Snap","Reprogram"],"picked":"Ball Lightning","floor":18},{"not_picked":["Auto Shields","Coolheaded"],"picked":"BootSequence","floor":22},{"not_picked":["Coolheaded","Chaos"],"picked":"Steam","floor":23},{"not_picked":["Sweeping Beam","Barrage"],"picked":"Redo","floor":25},{"not_picked":["Rebound+1","Turbo"],"picked":"Leap","floor":28},{"not_picked":["Turbo+1","Hyperbeam"],"picked":"Compile Driver+1","floor":29},{"not_picked":["Gash","Streamline"],"picked":"Tempest+1","floor":30},{"not_picked":["Coolheaded+1","Go for the Eyes"],"picked":"Leap+1","floor":31}],"player_experience":568390,"relics_obtained":[{"floor":6,"key":"Art of War"},{"floor":8,"key":"Sundial"},{"floor":9,"key":"Vajra"},{"floor":14,"key":"Happy Flower"},{"floor":23,"key":"Strawberry"},{"floor":25,"key":"Whetstone"},{"floor":28,"key":"Toxic Egg 2"}],"event_choices":[{"cards_removed":["Strike_B"],"damage_healed":0,"gold_gain":0,"player_choice":"Card Removal","damage_taken":7,"max_hp_gain":0,"max_hp_loss":0,"event_name":"Golden Wing","floor":3,"gold_loss":0},{"damage_healed":0,"gold_gain":0,"player_choice":"Bought 1 Potion","damage_taken":0,"max_hp_gain":0,"max_hp_loss":0,"event_name":"The Woman in Blue","floor":13,"gold_loss":0},{"damage_healed":0,"gold_gain":0,"player_choice":"Inject Mutagens","damage_taken":0,"relics_obtained":["MutagenicStrength"],"max_hp_gain":0,"max_hp_loss":0,"event_name":"Drug Dealer","floor":20,"gold_loss":0},{"damage_healed":0,"gold_gain":0,"player_choice":"Forge","damage_taken":0,"max_hp_gain":0,"max_hp_loss":0,"event_name":"Accursed Blacksmith","floor":21,"gold_loss":0,"cards_upgraded":["White Noise"]}],"is_beta":false,"boss_relics":[{"not_picked":["Busted Crown","Fusion Hammer"],"picked":"Sozu"}],"items_purged_floors":[],"is_endless":false,"potions_floor_spawned":[2,5,11,14,16,28,29,30],"killed_by":"Automaton","ascension_level":8}