{"gold_per_floor":[13,13,33,33,53,53,86,16,16,16,49,49,65,80,80,157,157,167,167,92,105,30,55,68,68,68,68,96,116,116,136,136,209,209,220,236,236,247,257,257,257,257],"floor_reached":42,"playtime":2808,"items_purged":["Pain"],"score":728,"play_id":"8e94c9d4-cd54-486a-9316-c0edc1b26f6d","local_time":"20181115121106","is_ascension_mode":true,"campfire_choices":[{"data":"Glass Knife","floor":6.0,"key":"SMITH"},{"data":"Footwork","floor":10.0,"key":"SMITH"},{"floor":12.0,"key":"REST"},{"data":"Noxious Fumes","floor":15.0,"key":"SMITH"},{"floor":25.0,"key":"REST"},{"data":"Terror","floor":27.0,"key":"SMITH"},{"floor":30.0,"key":"REST"},{"data":"Neutralize","floor":32.0,"key":"SMITH"},{"floor":40,"key":"REST"}],"neow_cost":"NO_GOLD","seed_source_timestamp":0,"circlet_count":0,"master_deck":["AscendersBane","Defend_G","Defend_G","Defend_G","Defend_G","Defend_G","Strike_G","Strike_G","Strike_G","Strike_G","Survivor","Neutralize+1","Glass Knife+1","Dagger Spray","Dagger Throw","Dagger Spray","Noxious Fumes+1","Footwork+1","Backflip","Unload","Caltrops","Night Terror","Terror+1","Finisher","Predator+1","Dash","Blur+1","A Thousand Cuts","Finisher+1","Well Laid Plans","Cloak And Dagger","Eviscerate+1","Magnetism"],"special_seed":0,"relics":["Ring of the Snake","GremlinMask","Darkstone Periapt","Blue Candle","Ornamental Fan","Runic Dome","WarpedTongs","Boot","Art of War","Red Mask","Snecko Eye"],"potions_floor_usage":[],"damage_taken":[{"damage":1.0,"enemies":"Jaw Worm","floor":1.0,"turns":3.0},{"damage":0.0,"enemies":"Cultist","floor":3.0,"turns":3.0},{"damage":0.0,"enemies":"2 Louse","floor":5.0,"turns":2.0},{"damage":28.0,"enemies":"Gremlin Nob","floor":7.0,"turns":5.0},{"damage":27.0,"enemies":"Lagavulin","floor":11.0,"turns":7.0},{"damage":0.0,"enemies":"Red Slaver","floor":13.0,"turns":6.0},{"damage":0.0,"enemies":"Large Slime","floor":14.0,"turns":5.0},{"damage":2.0,"enemies":"Hexaghost","floor":16.0,"turns":9.0},{"damage":4.0,"enemies":"Shell Parasite","floor":18.0,"turns":6.0},{"damage":18.0,"enemies":"Spheric Guardian","floor":21.0,"turns":4.0},{"damage":17.0,"enemies":"Book of Stabbing","floor":23.0,"turns":6.0},{"damage":13.0,"enemies":"Cultist and Chosen","floor":24.0,"turns":6.0},{"damage":16.0,"enemies":"Masked Bandits","floor":28.0,"turns":3.0},{"damage":12.0,"enemies":"Centurion and Healer","floor":29.0,"turns":5.0},{"damage":4.0,"enemies":"3 Cultists","floor":31.0,"turns":4.0},{"damage":11.0,"enemies":"Automaton","floor":33.0,"turns":11.0},{"damage":0.0,"enemies":"Orb Walker","floor":35.0,"turns":2.0},{"damage":28.0,"enemies":"3 Darklings","floor":36.0,"turns":7.0},{"damage":13,"enemies":"4 Shapes","floor":38,"turns":8},{"damage":9,"enemies":"Spire Growth","floor":39,"turns":3},{"damage":29,"enemies":"Nemesis","floor":42,"turns":2}],"seed_played":"-2667984320074130768","potions_obtained":[{"floor":1.0,"key":"SkillPotion"},{"floor":13.0,"key":"EssenceOfSteel"},{"floor":14.0,"key":"EntropicBrew"},{"floor":18.0,"key":"EssenceOfSteel"},{"floor":28.0,"key":"Explosive Potion"},{"floor":39,"key":"Dexterity Potion"}],"is_trial":false,"path_per_floor":["M","?","M","?","M","R","E","$","T","R","E","R","M","M","R","B",null,"M","?","$","M","?","E","M","R","T","R","?","M","R","M","R","B",null,"M","M","?","M","M","R","?","E"],"character_chosen":"THE_SILENT","items_purchased":["Footwork"],"campfire_rested":4,"item_purchase_floors":[8],"current_hp_per_floor":[58,58,58,58,58,58,30,30,30,30,3,22,22,22,22,20,55,51,57,57,39,39,22,9,30,30,30,14,2,23,19,19,8,56,56,28,28,15,6,26,26,0],"gold":257,"neow_bonus":"THREE_RARE_CARDS","is_prod":false,"is_daily":false,"chose_seed":false,"campfire_upgraded":5,"win_rate":0,"timestamp":1542280266,"path_taken":["M","?","M","?","M","R","E","$","T","R","E","R","?","M","R","BOSS","M","?","$","?","?","E","M","R","T","R","?","M","R","M","R","BOSS","M","M","?","M","M","R","?","E"],"build_version":"2018-11-14","purchased_purges":1,"victory":false,"max_hp_per_floor":[66,66,66,66,66,66,66,66,66,66,66,66,66,66,66,66,66,66,72,72,72,72,72,72,72,72,72,72,72,72,72,72,72,72,72,72,68,68,68,68,68,68],"card_choices":[{"not_picked":["Tools of the Trade","Adrenaline"],"picked":"Glass Knife","floor":0.0},{"not_picked":["Riddle With Holes","Prepared"],"picked":"Dagger Spray","floor":1.0},{"not_picked":["Concentrate","Bane"],"picked":"Dagger Throw","floor":3.0},{"not_picked":["Calculated Gamble","Choke"],"picked":"Dagger Spray","floor":5.0},{"not_picked":["Flechettes","Deflect"],"picked":"Noxious Fumes","floor":7.0},{"not_picked":["Blur","Flying Knee"],"picked":"Backflip","floor":11.0},{"not_picked":["Tactician","Acrobatics"],"picked":"Unload","floor":13.0},{"not_picked":["Outmaneuver","Poisoned Stab"],"picked":"Caltrops","floor":14.0},{"not_picked":["Bullet Time","Venomology"],"picked":"Night Terror","floor":16.0},{"not_picked":["Choke","Poisoned Stab"],"picked":"Terror","floor":18.0},{"not_picked":["Slice","Flying Knee"],"picked":"Finisher","floor":21.0},{"not_picked":["Dagger Spray","Storm of Steel","Expertise"],"picked":"SKIP","floor":23.0},{"not_picked":["Terror","Prepared"],"picked":"Predator+1","floor":24.0},{"not_picked":["Sucker Punch+1","Choke"],"picked":"Dash","floor":28.0},{"not_picked":["Tactician+1","All Out Attack","Deflect+1"],"picked":"SKIP","floor":29.0},{"not_picked":["Eviscerate","Slice"],"picked":"Blur+1","floor":31.0},{"not_picked":["Unload","Storm of Steel"],"picked":"A Thousand Cuts","floor":33.0},{"not_picked":["Accuracy","Dagger Spray+1"],"picked":"Finisher+1","floor":35.0},{"not_picked":["Outmaneuver","Slice"],"picked":"Well Laid Plans","floor":36.0},{"not_picked":["Quick Slash","Dagger Spray+1"],"picked":"Cloak And Dagger","floor":38},{"not_picked":["Calculated Gamble+1","Blade Dance"],"picked":"Eviscerate+1","floor":39},{"not_picked":["Blind","Impatience"],"picked":"Magnetism","floor":41}],"player_experience":808442,"relics_obtained":[{"floor":7.0,"key":"Darkstone Periapt"},{"floor":9.0,"key":"Blue Candle"},{"floor":11.0,"key":"Ornamental Fan"},{"floor":23.0,"key":"Boot"},{"floor":26.0,"key":"Art of War"},{"floor":28.0,"key":"Red Mask"}],"event_choices":[{"damage_healed":0.0,"max_hp_gain":0.0,"max_hp_loss":0.0,"gold_gain":0.0,"event_name":"The Cleric","player_choice":"Leave","floor":2.0,"gold_loss":0.0,"damage_taken":0.0},{"damage_healed":0.0,"max_hp_gain":0.0,"max_hp_loss":0.0,"gold_gain":0.0,"event_name":"FaceTrader","player_choice":"Trade","floor":4.0,"gold_loss":0.0,"damage_taken":0.0,"relics_obtained":["GremlinMask"]},{"damage_healed":0.0,"max_hp_gain":0.0,"max_hp_loss":0.0,"gold_gain":0.0,"event_name":"Accursed Blacksmith","player_choice":"Rummage","floor":19.0,"gold_loss":0.0,"damage_taken":0.0,"relics_obtained":["WarpedTongs"],"cards_obtained":["Pain"]},{"cards_removed":["Strike_G"],"damage_healed":0.0,"max_hp_gain":0.0,"max_hp_loss":0.0,"gold_gain":0.0,"event_name":"Beggar","player_choice":"Gave Gold","floor":22.0,"gold_loss":75.0,"damage_taken":0.0},{"damage_healed":0.0,"max_hp_gain":0.0,"max_hp_loss":0.0,"gold_gain":0.0,"event_name":"Masked Bandits","player_choice":"Fought Bandits","floor":28.0,"gold_loss":0.0,"damage_taken":0.0},{"damage_healed":0.0,"max_hp_gain":0.0,"max_hp_loss":4.0,"gold_gain":0.0,"event_name":"Winding Halls","player_choice":"Max HP","floor":37.0,"gold_loss":0.0,"damage_taken":0.0},{"damage_healed":0,"gold_gain":0,"player_choice":"Memory 1","damage_taken":0,"max_hp_gain":0,"max_hp_loss":0,"event_name":"SensoryStone","floor":41,"gold_loss":0}],"is_beta":true,"boss_relics":[{"not_picked":["Busted Crown","Sozu"],"picked":"Runic Dome"},{"not_picked":["Coffee Dripper","Runic Pyramid"],"picked":"Snecko Eye"}],"items_purged_floors":[20],"is_endless":false,"potions_floor_spawned":[1,13,14,16,18,28,39],"killed_by":"Nemesis","ascension_level":14}