{"gold_per_floor":[118,81,81,94,104,104,74,74,125,156,168,191,203,235,247,259],"floor_reached":16,"playtime":1234,"items_purged":[],"score":125,"play_id":"dcb00580-7d42-4ec7-818f-782ddfe1478b","local_time":"20190912194833","is_ascension_mode":false,"campfire_choices":[{"data":"Vigilance","floor":6,"key":"SMITH"},{"data":"DeceiveReality","floor":8,"key":"SMITH"},{"data":"Eruption","floor":11,"key":"SMITH"},{"floor":13,"key":"REST"},{"floor":15,"key":"REST"}],"neow_cost":"NONE","seed_source_timestamp":0,"circlet_count":0,"master_deck":["Strike_P","Strike_P","Strike_P","Strike_P","Defend_P","Defend_P","Defend_P","Defend_P","Eruption+1","Vigilance+1","Establishment","Consecrate","DeceiveReality+1","Omniscience","Protect","ForeignInfluence"],"special_seed":0,"relics":["PureWater","Strawberry","MawBank"],"potions_floor_usage":[12],"damage_taken":[{"damage":6.0,"enemies":"Cultist","floor":1.0,"turns":3.0},{"damage":5,"enemies":"Small Slimes","floor":4,"turns":5},{"damage":5,"enemies":"Jaw Worm","floor":5,"turns":7},{"damage":1,"enemies":"Looter","floor":7,"turns":4},{"damage":39,"enemies":"3 Sentries","floor":10,"turns":14},{"damage":14,"enemies":"Gremlin Gang","floor":12,"turns":6},{"damage":11,"enemies":"Large Slime","floor":14,"turns":6},{"damage":50,"enemies":"Hexaghost","floor":16,"turns":2}],"seed_played":"-5964796247550803077","potions_obtained":[{"floor":10,"key":"Swift Potion"},{"floor":14,"key":"Dexterity Potion"}],"is_trial":false,"path_per_floor":["M","$","?","M","M","R","M","R","T","E","R","M","R","M","R","B"],"character_chosen":"WATCHER","items_purchased":["Establishment"],"campfire_rested":2,"item_purchase_floors":[2],"current_hp_per_floor":[65,65,70,65,60,60,59,59,66,27,27,13,37,26,50,0],"gold":259,"neow_bonus":"TEN_PERCENT_HP_BONUS","is_prod":false,"is_daily":false,"chose_seed":false,"campfire_upgraded":3,"win_rate":0.0,"timestamp":1568288913,"path_taken":["M","$","?","M","M","R","M","R","T","E","R","M","R","M","R","BOSS"],"build_version":"2019-09-11v2","purchased_purges":0,"victory":false,"max_hp_per_floor":[71,71,76,76,76,76,76,76,83,83,83,83,83,83,83,83],"card_choices":[{"not_picked":["FollowUp","Scrawl","PathToVictory"],"picked":"SKIP","floor":1.0},{"not_picked":["CutThroughFate","Tantrum"],"picked":"Consecrate","floor":4},{"not_picked":["InnerPeace","CutThroughFate"],"picked":"DeceiveReality","floor":5},{"not_picked":["ClearTheMind","PathToVictory","CutThroughFate"],"picked":"SKIP","floor":7},{"not_picked":["EmptyBody","Prostrate"],"picked":"Omniscience","floor":10},{"not_picked":["JustLucky","Weave"],"picked":"Protect","floor":12},{"not_picked":["TalkToTheHand","Meditate"],"picked":"ForeignInfluence","floor":14}],"player_experience":310828,"relics_obtained":[{"floor":9,"key":"Strawberry"},{"floor":10,"key":"MawBank"}],"event_choices":[{"damage_healed":0,"gold_gain":0,"player_choice":"Donut","damage_taken":0,"max_hp_gain":5,"max_hp_loss":0,"event_name":"Big Fish","floor":3,"gold_loss":0}],"is_beta":true,"boss_relics":[],"items_purged_floors":[],"is_endless":false,"potions_floor_spawned":[10,14],"killed_by":"Hexaghost","ascension_level":0}