{"path_per_floor":["M","M","M","M","?","E","R","?","T","R","E","R","E","M","R","B",null,"M","?","$","M","M"],"character_chosen":"THE_SILENT","items_purchased":["Mummified Hand","Predator"],"gold_per_floor":[116,134,146,156,121,147,147,147,173,173,198,198,232,244,244,343,343,357,357,21,32,45,45],"floor_reached":23,"campfire_rested":1,"playtime":1379,"item_purchase_floors":[20,20],"current_hp_per_floor":[52,46,42,42,59,38,38,38,38,38,44,44,22,19,42,3,59,45,29,29,29,4,0],"items_purged":[],"gold":45,"score":295,"play_id":"7afd7d3b-6532-4ff4-bd14-7110e24363a8","local_time":"20180612154953","is_prod":false,"is_daily":false,"chose_seed":false,"is_ascension_mode":true,"campfire_upgraded":3,"win_rate":0,"timestamp":1528811393,"campfire_choices":[{"data":"Deadly Poison","floor":7,"key":"SMITH"},{"data":"Dagger Spray","floor":10,"key":"SMITH"},{"data":"Neutralize","floor":12,"key":"SMITH"},{"floor":15,"key":"REST"}],"path_taken":["M","M","M","M","?","E","R","?","T","R","E","R","E","M","R","BOSS","M","?","$","M","M","E"],"build_version":"2018-06-11","seed_source_timestamp":19818026299312,"purchased_purges":0,"victory":false,"master_deck":["Defend_G","Defend_G","Defend_G","Defend_G","Defend_G","Strike_G","Strike_G","Strike_G","Strike_G","Strike_G","Survivor","Neutralize+1","Dagger Spray+1","Deadly Poison+1","Flying Knee","Envenom","Flying Knee","Footwork","Underhanded Strike","Eviscerate","Night Terror","Predator","Dash","Footwork"],"max_hp_per_floor":[70,70,70,70,70,70,70,70,70,70,77,77,77,77,77,77,77,77,77,77,77,77,77],"special_seed":0,"relics":["Snecko Eye","Dream Catcher","Omamori","Strawberry","Juzu Bracelet","Sozu","Nilry\u0027s Codex","Mummified Hand"],"card_choices":[{"not_picked":["All Out Attack","Quick Slash"],"picked":"Dagger Spray","floor":1},{"not_picked":["Bane","Reflex"],"picked":"Deadly Poison","floor":2},{"not_picked":["PiercingWail","Well Laid Plans"],"picked":"Flying Knee","floor":3},{"not_picked":["Flechettes","Calculated Gamble","Sucker Punch"],"picked":"SKIP","floor":4},{"not_picked":["Distraction","Backstab"],"picked":"Envenom","floor":6},{"not_picked":["Terror","Slice"],"picked":"Flying Knee","floor":11},{"not_picked":["Slice","Flechettes"],"picked":"Footwork","floor":13},{"not_picked":["Quick Slash","Deadly Poison"],"picked":"Underhanded Strike","floor":14},{"not_picked":["PiercingWail","Prepared"],"picked":"Eviscerate","floor":15},{"not_picked":["Wraith Form v2","Adrenaline"],"picked":"Night Terror","floor":16},{"not_picked":["Heel Hook","Deflect","Caltrops"],"picked":"SKIP","floor":18},{"not_picked":["Deadly Poison","Setup"],"picked":"Dash","floor":21},{"not_picked":["Caltrops+1","PiercingWail"],"picked":"Footwork","floor":22}],"player_experience":317079,"potions_floor_usage":[2,13,14,16],"damage_taken":[{"damage":11,"enemies":"2 Louse","floor":1,"turns":5},{"damage":6,"enemies":"Cultist","floor":2,"turns":5},{"damage":4,"enemies":"Jaw Worm","floor":3,"turns":4},{"damage":0,"enemies":"2 Fungi Beasts","floor":4,"turns":3},{"damage":21,"enemies":"3 Sentries","floor":6,"turns":7},{"damage":1,"enemies":"Gremlin Nob","floor":11,"turns":3},{"damage":22,"enemies":"3 Sentries","floor":13,"turns":5},{"damage":3,"enemies":"Blue Slaver","floor":14,"turns":3},{"damage":39,"enemies":"The Guardian","floor":16,"turns":10},{"damage":14,"enemies":"Shell Parasite","floor":18,"turns":4},{"damage":0,"enemies":"3 Byrds","floor":21,"turns":4},{"damage":25,"enemies":"Centurion and Healer","floor":22,"turns":5},{"damage":17,"enemies":"Slavers","floor":23,"turns":1}],"relics_obtained":[{"floor":6,"key":"Dream Catcher"},{"floor":9,"key":"Omamori"},{"floor":11,"key":"Strawberry"},{"floor":13,"key":"Juzu Bracelet"},{"floor":19,"key":"Nilry\u0027s Codex"}],"event_choices":[{"event_name":"The Cleric","player_choice":"Healed","floor":5,"damage_taken":0},{"event_name":"Golden Wing","player_choice":"Ignored","floor":8,"damage_taken":0},{"event_name":"Cursed Tome","player_choice":"Obtained Book","floor":19,"damage_taken":0}],"boss_relics":[{"not_picked":["Astrolabe","Runic Dome"],"picked":"Sozu"}],"items_purged_floors":[],"potions_floor_spawned":[1,4,11,13],"seed_played":"1628225987662157661","killed_by":"Slavers","ascension_level":8,"potions_obtained":[{"floor":1,"key":"PowerPotion"},{"floor":4,"key":"SpeedPotion"},{"floor":11,"key":"SkillPotion"},{"floor":13,"key":"PowerPotion"}],"is_trial":false}