{"path_per_floor":["M","?","?","M","$","E","R","E","T","?","R","M","M","E","R","B",null,"M","?","?","$","M","R","T","R","T","E","R","?","E","M","R","B",null,"M","M","M","?","M","R","M","R","T","R","M","M"],"character_chosen":"DEFECT","items_purchased":["Chill","Dramatic Entrance","Apotheosis","Regal Pillow"],"gold_per_floor":[110,185,185,196,64,95,95,122,176,176,176,195,208,236,236,341,341,341,341,341,16,0,0,0,0,0,0,0,0,0,0,0,0,0,0,0,0,0,0,0,0,0,0,0,0,0,0],"floor_reached":47,"campfire_rested":3,"playtime":2443,"item_purchase_floors":[5,5,21,21],"current_hp_per_floor":[75,64,64,64,64,53,53,22,22,22,44,37,37,37,37,18,75,75,43,17,17,11,48,55,55,55,25,64,64,62,50,50,60,82,82,67,50,50,58,58,50,50,50,50,60,58,0],"items_purged":[],"gold":0,"score":639,"play_id":"fdca15f8-f4c6-405e-aca3-9c48e10a7849","local_time":"20180528104542","is_prod":false,"is_daily":false,"chose_seed":false,"is_ascension_mode":true,"campfire_upgraded":7,"win_rate":0,"timestamp":1527497142,"campfire_choices":[{"data":"White Noise","floor":7,"key":"SMITH"},{"floor":11,"key":"REST"},{"data":"Electrodynamics","floor":15,"key":"SMITH"},{"floor":23,"key":"REST"},{"data":"Apotheosis","floor":25,"key":"SMITH"},{"floor":28,"key":"REST"},{"data":"Defragment","floor":32,"key":"SMITH"},{"data":"Dualcast","floor":40,"key":"SMITH"},{"data":"Chill","floor":42,"key":"SMITH"},{"data":"Consume","floor":44,"key":"SMITH"}],"path_taken":["M","?","?","M","$","E","R","E","T","?","R","?","M","E","R","BOSS","M","?","?","$","M","R","?","R","T","E","R","?","E","M","R","BOSS","M","M","M","?","M","R","M","R","T","R","?","M","E"],"build_version":"2018-05-25","seed_source_timestamp":598182144482,"purchased_purges":0,"victory":false,"master_deck":["Strike_B","Strike_B","Strike_B","Defend_B","Defend_B","Defend_B","Zap+1","Dualcast+1","Defragment+1","All For One","Consume+1","Chill+1","Dramatic Entrance","White Noise+1","Leap","Steam","Coolheaded","Electrodynamics+1","Core Surge","Coolheaded+1","Madness","Flash of Steel","Madness","Stack","Apotheosis+1","Auto Shields+1","Core Surge","Self Repair","Leap+1","Machine Learning","Darkness+1","Streamline","Dramatic Entrance","Redo+1","Sweeping Beam+1","Clumsy","Redo+1","Lockon"],"max_hp_per_floor":[75,75,75,75,75,75,75,75,75,75,75,75,75,75,75,75,75,75,75,75,75,75,75,82,82,82,82,82,82,82,82,82,82,82,82,82,82,82,82,82,82,82,82,82,82,82,82],"relics":["Cracked Core","Happy Flower","Pen Nib","Vajra","Lantern","Ectoplasm","Red Mask","Regal Pillow","Strawberry","Ornamental Fan","Anchor","Orichalcum","Mummified Hand","Cursed Key","Art of War"],"card_choices":[{"not_picked":["Stack","Go for the Eyes"],"picked":"Defragment","floor":1},{"not_picked":["Capacitor","Rip and Tear"],"picked":"Consume","floor":4},{"not_picked":["Ball Lightning","Lockon"],"picked":"White Noise","floor":6},{"not_picked":["Redo","Heatsinks"],"picked":"Leap","floor":8},{"not_picked":["Compile Driver","Chaos"],"picked":"Steam","floor":12},{"not_picked":["Cold Snap","Streamline"],"picked":"Coolheaded","floor":13},{"not_picked":["Turbo","Streamline"],"picked":"Electrodynamics","floor":14},{"not_picked":["All For One","Meteor Strike"],"picked":"Core Surge","floor":16},{"not_picked":["Gash","Leap"],"picked":"Coolheaded+1","floor":18},{"not_picked":["Consume","Cold Snap"],"picked":"Stack","floor":20},{"not_picked":["Go for the Eyes","Rebound"],"picked":"Auto Shields+1","floor":22},{"not_picked":["Hologram+1","FTL"],"picked":"Core Surge","floor":27},{"not_picked":["Steam","Beam Cell"],"picked":"Self Repair","floor":30},{"not_picked":["Beam Cell","Compile Driver"],"picked":"Leap+1","floor":31},{"not_picked":["Electrodynamics","Rainbow"],"picked":"Machine Learning","floor":33},{"not_picked":["Rebound","Barrage+1"],"picked":"Darkness+1","floor":35},{"not_picked":["Aggregate","Steam+1","Leap"],"picked":"SKIP","floor":36},{"not_picked":["Aggregate","Coolheaded"],"picked":"Streamline","floor":37},{"not_picked":["Compile Driver","Leap"],"picked":"Redo+1","floor":39},{"not_picked":["Rip and Tear+1","Steam+1"],"picked":"Sweeping Beam+1","floor":41},{"not_picked":["Coolheaded+1","Fusion+1"],"picked":"Redo+1","floor":45},{"not_picked":["Turbo","Beam Cell"],"picked":"Lockon","floor":46}],"player_experience":229230,"potions_floor_usage":[6,14,27,30,33,33,36,37,46],"damage_taken":[{"damage":0,"enemies":"Cultist","floor":1,"turns":3},{"damage":0,"enemies":"Small Slimes","floor":4,"turns":2},{"damage":11,"enemies":"3 Sentries","floor":6,"turns":5},{"damage":31,"enemies":"Gremlin Nob","floor":8,"turns":4},{"damage":7,"enemies":"Jaw Worm","floor":12,"turns":2},{"damage":0,"enemies":"2 Fungi Beasts","floor":13,"turns":2},{"damage":0,"enemies":"Lagavulin","floor":14,"turns":6},{"damage":19,"enemies":"The Guardian","floor":16,"turns":10},{"damage":0,"enemies":"Chosen","floor":18,"turns":3},{"damage":26,"enemies":"Masked Bandits","floor":20,"turns":4},{"damage":6,"enemies":"2 Thieves","floor":22,"turns":2},{"damage":30,"enemies":"Slavers","floor":27,"turns":5},{"damage":2,"enemies":"Book of Stabbing","floor":30,"turns":5},{"damage":19,"enemies":"Snake Plant","floor":31,"turns":4},{"damage":0,"enemies":"Champ","floor":33,"turns":7},{"damage":0,"enemies":"Orb Walker","floor":35,"turns":4},{"damage":25,"enemies":"3 Darklings","floor":36,"turns":5},{"damage":27,"enemies":"Maw","floor":37,"turns":6},{"damage":2,"enemies":"Sphere and 2 Shapes","floor":39,"turns":5},{"damage":15,"enemies":"Spire Growth","floor":41,"turns":5},{"damage":0,"enemies":"4 Shapes","floor":45,"turns":3},{"damage":9,"enemies":"Transient","floor":46,"turns":5},{"damage":71,"enemies":"2 Orb Walkers","floor":47,"turns":5}],"relics_obtained":[{"floor":6,"key":"Happy Flower"},{"floor":8,"key":"Pen Nib"},{"floor":9,"key":"Vajra"},{"floor":14,"key":"Lantern"},{"floor":20,"key":"Red Mask"},{"floor":24,"key":"Strawberry"},{"floor":26,"key":"Ornamental Fan"},{"floor":27,"key":"Anchor"},{"floor":30,"key":"Mummified Hand"},{"floor":43,"key":"Art of War"}],"event_choices":[{"event_name":"World of Goop","player_choice":"Gather Gold","floor":2,"damage_taken":0},{"event_name":"Transmorgrifier","player_choice":"Transform","floor":3,"damage_taken":0},{"event_name":"Purifier","player_choice":"One Purge","floor":10,"damage_taken":0},{"event_name":"Knowing Skull","player_choice":"CARD CARD CARD ","floor":19,"damage_taken":0},{"event_name":"Masked Bandits","player_choice":"Fought over 341 gold","floor":20,"damage_taken":0},{"event_name":"The Mausoleum","player_choice":"Yes","floor":29,"damage_taken":0},{"event_name":"Duplicator","player_choice":"One dupe","floor":38,"damage_taken":0}],"boss_relics":[{"not_picked":["Astrolabe","Tiny House"],"picked":"Ectoplasm"},{"not_picked":["Pandora\u0027s Box","Runic Pyramid"],"picked":"Cursed Key"}],"items_purged_floors":[],"potions_floor_spawned":[1,4,14,16,20,31,35,36,45,46],"seed_played":"5695283783372155385","killed_by":"2 Orb Walkers","ascension_level":2,"potions_obtained":[{"floor":1,"key":"Dexterity Potion"},{"floor":4,"key":"Fire Potion"},{"floor":14,"key":"Strength Potion"},{"floor":16,"key":"Weak Potion"},{"floor":20,"key":"EssenceOfSteel"},{"floor":31,"key":"FearPotion"},{"floor":35,"key":"SneckoOil"},{"floor":36,"key":"PowerPotion"},{"floor":45,"key":"SkillPotion"},{"floor":46,"key":"Energy Potion"}],"is_trial":false}