{"gold_per_floor":[113,13,13,31,43,72,72,72,119,152,182,207,227,227],"floor_reached":14,"playtime":376,"items_purged":["Shame"],"score":216,"play_id":"27aa1269-bca1-491b-8377-7a12632b85ce","local_time":"20190720225549","is_ascension_mode":true,"campfire_choices":[{"data":"Bash","floor":7.0,"key":"SMITH"}],"neow_cost":"CURSE","seed_source_timestamp":0,"circlet_count":0,"master_deck":["AscendersBane","Strike_R","Strike_R","Strike_R","Strike_R","Defend_R","Defend_R","Defend_R","Defend_R","Bash+1","Twin Strike","Cleave","Twin Strike","Burning Pact","Immolate","Perfected Strike","Armaments","Metallicize"],"special_seed":0,"relics":["Burning Blood","Ice Cream","Strawberry","Dream Catcher","PreservedInsect","Centennial Puzzle","Odd Mushroom","Sundial"],"potions_floor_usage":[],"damage_taken":[{"damage":16.0,"enemies":"Jaw Worm","floor":1.0,"turns":4.0},{"damage":6.0,"enemies":"Small Slimes","floor":4.0,"turns":3.0},{"damage":1.0,"enemies":"2 Louse","floor":5.0,"turns":3.0},{"damage":30.0,"enemies":"Lagavulin","floor":6.0,"turns":6.0},{"damage":20.0,"enemies":"3 Sentries","floor":10.0,"turns":5.0},{"damage":16.0,"enemies":"The Mushroom Lair","floor":11.0,"turns":3.0},{"damage":8.0,"enemies":"Gremlin Nob","floor":12.0,"turns":3.0},{"damage":6.0,"enemies":"2 Fungi Beasts","floor":13.0,"turns":2.0},{"damage":0,"enemies":"Exordium Thugs","floor":14,"turns":1}],"seed_played":"5710594796237058817","potions_obtained":[{"floor":1.0,"key":"FearPotion"},{"floor":6.0,"key":"Strength Potion"},{"floor":13.0,"key":"Weak Potion"}],"is_trial":false,"path_per_floor":["M","$","?","M","M","E","R","?","T","E","?","E","M","M"],"character_chosen":"IRONCLAD","items_purchased":["Cleave"],"campfire_rested":0,"item_purchase_floors":[2],"current_hp_per_floor":[58,58,60,60,65,41,41,34,34,20,10,8,8,8],"gold":227,"neow_bonus":"ONE_RARE_RELIC","is_prod":false,"is_daily":false,"chose_seed":false,"campfire_upgraded":1,"win_rate":0,"timestamp":1563656149,"path_taken":["M","$","?","M","M","E","R","?","T","E","?","E","M","M"],"build_version":"2019-07-17","purchased_purges":1,"victory":false,"max_hp_per_floor":[75,75,82,82,82,82,82,82,82,82,82,82,82,82],"card_choices":[{"not_picked":["Perfected Strike","Second Wind"],"picked":"Twin Strike","floor":1.0},{"not_picked":["Clash","Heavy Blade"],"picked":"Twin Strike","floor":4.0},{"not_picked":["Clash","Dual Wield"],"picked":"Burning Pact","floor":5.0},{"not_picked":["Headbutt","Flex","Sentinel"],"picked":"SKIP","floor":6.0},{"not_picked":["Whirlwind","Anger"],"picked":"Immolate","floor":10.0},{"not_picked":["Thunderclap","Wild Strike"],"picked":"Perfected Strike","floor":11.0},{"not_picked":["Flex","Rage"],"picked":"Armaments","floor":12.0},{"not_picked":["Rupture","Wild Strike"],"picked":"Metallicize","floor":13.0}],"player_experience":1825262,"relics_obtained":[{"floor":6.0,"key":"Dream Catcher"},{"floor":9.0,"key":"PreservedInsect"},{"floor":10.0,"key":"Centennial Puzzle"},{"floor":11.0,"key":"Odd Mushroom"},{"floor":12.0,"key":"Sundial"}],"event_choices":[{"damage_healed":0.0,"max_hp_gain":0.0,"max_hp_loss":0.0,"gold_gain":0.0,"event_name":"Scrap Ooze","player_choice":"Success","floor":3.0,"gold_loss":0.0,"damage_taken":5.0,"relics_obtained":["Strawberry"]},{"cards_removed":["Strike_R"],"damage_healed":0.0,"max_hp_gain":0.0,"max_hp_loss":0.0,"gold_gain":0.0,"event_name":"Golden Wing","player_choice":"Card Removal","floor":8.0,"gold_loss":0.0,"damage_taken":7.0},{"damage_healed":0.0,"max_hp_gain":0.0,"max_hp_loss":0.0,"gold_gain":0.0,"event_name":"Mushrooms","player_choice":"Fought Mushrooms","floor":11.0,"gold_loss":0.0,"damage_taken":0.0}],"is_beta":false,"boss_relics":[],"items_purged_floors":[2],"is_endless":false,"potions_floor_spawned":[1,6,13],"killed_by":"Exordium Thugs","ascension_level":20}