{"gold_per_floor":[109,122,122,122,37,37,72,72,118,118,218,237,254,314,314,386,386,397,409,409],"floor_reached":20,"playtime":619,"items_purged":[],"score":364,"play_id":"1c80bd66-d36b-451a-aed1-3b2865801d96","local_time":"20190130134828","is_ascension_mode":true,"campfire_choices":[{"data":"Die Die Die","floor":6,"key":"SMITH"},{"data":"Crippling Poison","floor":10,"key":"SMITH"},{"floor":15,"key":"REST"}],"neow_cost":"TEN_PERCENT_HP_LOSS","seed_source_timestamp":13039575188757,"circlet_count":0,"master_deck":["AscendersBane","Defend_G","Defend_G","Defend_G","Defend_G","Defend_G","Strike_G","Strike_G","Strike_G","Strike_G","Strike_G","Survivor","Neutralize","Die Die Die+1","Noxious Fumes","Deadly Poison","Noxious Fumes","Crippling Poison+1","Wraith Form v2","Calculated Gamble"],"relics":["Ring of the Snake","Potion Belt","hubris:SlimyHat","Strawberry","Tiny Chest","Philosopher\u0027s Stone"],"potions_floor_usage":[19,19,20],"damage_taken":[{"damage":0,"enemies":"Small Slimes","floor":1,"turns":2},{"damage":0,"enemies":"2 Louse","floor":2,"turns":1},{"damage":20,"enemies":"3 Sentries","floor":7,"turns":6},{"damage":0,"enemies":"Jaw Worm","floor":12,"turns":4},{"damage":6,"enemies":"3 Louse","floor":13,"turns":2},{"damage":17,"enemies":"Lagavulin","floor":14,"turns":6},{"damage":32,"enemies":"The Guardian","floor":16,"turns":10},{"damage":38,"enemies":"Chosen","floor":18,"turns":6},{"damage":18,"enemies":"Shell Parasite","floor":19,"turns":5},{"damage":8,"enemies":"Shelled Parasite and Fungi","floor":20,"turns":1}],"seed_played":"6078103409986306630","potions_obtained":[{"floor":1,"key":"FearPotion"},{"floor":12,"key":"Block Potion"},{"floor":16,"key":"Dexterity Potion"},{"floor":19,"key":"Weak Potion"}],"is_trial":false,"path_per_floor":["M","M","?","?","$","R","E","$","T","R","?","M","M","E","R","B",null,"M","M","M"],"character_chosen":"THE_SILENT","items_purchased":["Noxious Fumes"],"campfire_rested":1,"item_purchase_floors":[5],"current_hp_per_floor":[59,59,64,59,59,59,39,39,46,46,46,46,40,23,44,12,57,19,1,0],"gold":409,"neow_bonus":"THREE_RARE_CARDS","is_prod":false,"is_daily":false,"chose_seed":false,"campfire_upgraded":2,"win_rate":0,"timestamp":1548852508,"path_taken":["M","M","?","?","?","R","E","$","T","R","?","M","M","E","R","BOSS","M","?","?"],"build_version":"2019-01-23","purchased_purges":0,"victory":false,"max_hp_per_floor":[60,60,65,65,65,65,65,65,72,72,72,72,72,72,72,72,72,72,72,72],"card_choices":[{"not_picked":["A Thousand Cuts","Bullet Time"],"picked":"Die Die Die","floor":0},{"not_picked":["Terror","Dodge and Roll"],"picked":"Noxious Fumes","floor":1},{"not_picked":["PiercingWail","Dodge and Roll"],"picked":"Deadly Poison","floor":2},{"not_picked":["Quick Slash","Cloak And Dagger"],"picked":"Crippling Poison","floor":7},{"not_picked":["hubris:SlightOfHand","Deadly Poison","Bane"],"picked":"SKIP","floor":12},{"not_picked":["Blade Dance","Infinite Blades","hubris:Counter"],"picked":"SKIP","floor":13},{"not_picked":["Quick Slash","Reflex","Deflect"],"picked":"SKIP","floor":14},{"not_picked":["Phantasmal Killer","Venomology"],"picked":"Wraith Form v2","floor":16},{"not_picked":["Outmaneuver","Deadly Poison","Deflect"],"picked":"SKIP","floor":18},{"not_picked":["Acrobatics","Eviscerate"],"picked":"Calculated Gamble","floor":19}],"player_experience":1176762,"relics_obtained":[{"floor":7,"key":"hubris:SlimyHat"},{"floor":9,"key":"Strawberry"},{"floor":14,"key":"Tiny Chest"}],"event_choices":[{"damage_healed":0,"gold_gain":0,"player_choice":"Donut","damage_taken":0,"max_hp_gain":5,"max_hp_loss":0,"event_name":"Big Fish","floor":3,"gold_loss":0},{"damage_healed":0,"gold_gain":0,"player_choice":"Success","damage_taken":5,"relics_obtained":["Potion Belt"],"max_hp_gain":0,"max_hp_loss":0,"event_name":"Scrap Ooze","floor":4,"gold_loss":0},{"damage_healed":0,"gold_gain":100,"player_choice":"Gold","damage_taken":0,"max_hp_gain":0,"max_hp_loss":0,"event_name":"Wheel of Change","floor":11,"gold_loss":0}],"is_beta":false,"boss_relics":[{"not_picked":["hubris:HollowSoul","Eternal Feather"],"picked":"Philosopher\u0027s Stone"}],"items_purged_floors":[],"is_endless":false,"potions_floor_spawned":[1,12,16,19],"killed_by":"Shelled Parasite and Fungi","ascension_level":20}