{"gold_per_floor":[113,130,144,155,57,57,91,111,182,182,255,255,281,299,299,395,395,411,430,443,457,476,476,492,492,516,516,536,550,562,588,588,693,693,706,719,391,410,423,423,457,557,582,582,634,648,57,57,57,57],"floor_reached":50,"playtime":10965,"items_purged":[],"score":615,"play_id":"01697750-c840-4d0e-be4f-949d214e6989","local_time":"20190204124414","is_ascension_mode":false,"campfire_choices":[{"data":"Armaments","floor":6,"key":"SMITH"},{"data":"Armaments","floor":10,"key":"SMITH"},{"data":"Barricade","floor":12,"key":"SMITH"},{"floor":15,"key":"REST"},{"floor":23,"key":"REST"},{"data":"Whirlwind","floor":25,"key":"SMITH"},{"floor":27,"key":"REST"},{"floor":32,"key":"REST"},{"data":"Chrysalis","floor":40,"key":"SMITH"},{"data":"Juggernaut","floor":44,"key":"SMITH"},{"data":"Bandage Up","floor":49,"key":"SMITH"}],"neow_cost":"","seed_source_timestamp":11509323745948,"circlet_count":0,"master_deck":["Strike_R","Strike_R","Strike_R","Strike_R","Strike_R","Defend_R","Defend_R","Defend_R","Defend_R","Bash","Shrug It Off","Pommel Strike","Uppercut","Barricade+1","Armaments+1","Sever Soul+1","Armaments+1","Clothesline+1","Demon Form","Iron Wave","Feed","Rage","Metallicize","Anger","Sword Boomerang+1","Whirlwind+1","Metallicize+1","Dropkick","Iron Wave","Body Slam","Twin Strike+1","Juggernaut+1","Perfected Strike+1","Rampage+1","Chrysalis+1","Anger","Armaments+1","Shrug It Off+1","Ghostly Armor","Iron Wave+1","Iron Wave+1","Bandage Up+1","Double Tap"],"relics":["Burning Blood","Pen Nib","Mercury Hourglass","Incense Burner","Velvet Choker","Red Skull","Strawberry","Coffee Dripper","Juzu Bracelet","Whetstone","Ginger","Vajra","Pocketwatch","Anchor","Membership Card"],"potions_floor_usage":[30,46,48,48,50],"damage_taken":[{"damage":0,"enemies":"2 Louse","floor":1,"turns":4},{"damage":0,"enemies":"Jaw Worm","floor":2,"turns":5},{"damage":0,"enemies":"Small Slimes","floor":3,"turns":4},{"damage":3,"enemies":"2 Fungi Beasts","floor":4,"turns":5},{"damage":22,"enemies":"Lagavulin","floor":7,"turns":8},{"damage":0,"enemies":"Blue Slaver","floor":8,"turns":4},{"damage":14,"enemies":"3 Sentries","floor":13,"turns":6},{"damage":15,"enemies":"Gremlin Gang","floor":14,"turns":4},{"damage":1,"enemies":"The Guardian","floor":16,"turns":10},{"damage":17,"enemies":"Shell Parasite","floor":18,"turns":6},{"damage":1,"enemies":"Chosen","floor":19,"turns":5},{"damage":15,"enemies":"Snecko","floor":20,"turns":4},{"damage":21,"enemies":"Sentry and Sphere","floor":21,"turns":5},{"damage":14,"enemies":"Snake Plant","floor":22,"turns":5},{"damage":13,"enemies":"Shelled Parasite and Fungi","floor":24,"turns":4},{"damage":1,"enemies":"Cultist and Chosen","floor":28,"turns":4},{"damage":0,"enemies":"Snecko","floor":29,"turns":4},{"damage":0,"enemies":"Chosen and Byrds","floor":30,"turns":4},{"damage":32,"enemies":"Slavers","floor":31,"turns":6},{"damage":37,"enemies":"Champ","floor":33,"turns":13},{"damage":17,"enemies":"3 Shapes","floor":35,"turns":4},{"damage":11,"enemies":"3 Darklings","floor":36,"turns":5},{"damage":14,"enemies":"Maw","floor":38,"turns":8},{"damage":7,"enemies":"4 Shapes","floor":39,"turns":2},{"damage":39,"enemies":"Giant Head","floor":41,"turns":11},{"damage":0,"enemies":"Mind Bloom Boss Battle","floor":42,"turns":7},{"damage":18,"enemies":"2 Orb Walkers","floor":45,"turns":3},{"damage":12,"enemies":"Transient","floor":46,"turns":5},{"damage":2,"enemies":"Nemesis","floor":48,"turns":4},{"damage":44,"enemies":"Awakened One","floor":50,"turns":6}],"seed_played":"-6363380783951025660","potions_obtained":[{"floor":1,"key":"SmokeBomb"},{"floor":13,"key":"FearPotion"},{"floor":16,"key":"Strength Potion"},{"floor":18,"key":"SteroidPotion"},{"floor":33,"key":"AttackPotion"},{"floor":41,"key":"BloodPotion"},{"floor":46,"key":"SpeedPotion"}],"is_trial":false,"path_per_floor":["M","M","M","M","$","R","E","M","T","R","?","R","E","M","R","B",null,"M","M","M","M","M","R","M","R","T","R","M","M","M","E","R","B",null,"M","M","$","M","M","R","E","?","T","R","?","M","$","E","R","B"],"character_chosen":"IRONCLAD","items_purchased":["Armaments","Sever Soul","Juzu Bracelet","Chrysalis","Bandage Up","Double Tap","Anchor","Membership Card"],"campfire_rested":4,"item_purchase_floors":[5,5,37,37,47,47,47,47],"current_hp_per_floor":[80,80,80,80,80,80,64,70,70,70,70,70,62,53,77,80,80,69,74,65,53,45,69,62,62,62,83,86,86,86,67,93,62,93,82,77,77,69,72,72,39,45,45,45,33,36,36,40,40,0],"gold":57,"neow_bonus":"","is_prod":false,"is_daily":false,"chose_seed":false,"campfire_upgraded":7,"win_rate":0.0,"timestamp":1549313054,"path_taken":["M","M","M","M","$","R","E","M","T","R","?","R","E","M","R","BOSS","M","M","M","M","M","R","M","R","T","R","M","M","M","E","R","BOSS","M","M","$","M","M","R","E","?","T","R","?","M","$","E","R","BOSS"],"build_version":"2019-01-23","purchased_purges":0,"victory":false,"max_hp_per_floor":[80,80,80,80,80,80,80,80,80,80,80,80,80,80,80,80,80,80,80,80,83,83,83,83,83,83,83,86,86,86,93,93,93,93,93,93,93,93,97,97,97,97,97,97,97,97,97,97,97,97],"card_choices":[{"not_picked":["Blood for Blood","Headbutt"],"picked":"Shrug It Off","floor":1},{"not_picked":["True Grit","Twin Strike"],"picked":"Pommel Strike","floor":2},{"not_picked":["True Grit","Twin Strike"],"picked":"Uppercut","floor":3},{"not_picked":["Feel No Pain","Flame Barrier"],"picked":"Barricade","floor":4},{"not_picked":["Twin Strike","Power Through"],"picked":"Armaments","floor":7},{"not_picked":["Twin Strike","Shockwave"],"picked":"Clothesline","floor":8},{"not_picked":["Seeing Red","True Grit"],"picked":"Demon Form","floor":13},{"not_picked":["Battle Trance","Pommel Strike"],"picked":"Iron Wave","floor":14},{"not_picked":["Offering","Dark Embrace"],"picked":"Feed","floor":16},{"not_picked":["Feel No Pain","True Grit"],"picked":"Rage","floor":18},{"not_picked":["Shockwave+1","Flex"],"picked":"Metallicize","floor":19},{"not_picked":["Clothesline","Twin Strike"],"picked":"Anger","floor":20},{"not_picked":["Sever Soul","Battle Trance"],"picked":"Sword Boomerang+1","floor":21},{"not_picked":["Demon Form","Warcry"],"picked":"Whirlwind","floor":22},{"not_picked":["Infernal Blade+1","Battle Trance"],"picked":"Metallicize+1","floor":24},{"not_picked":["Power Through","Uppercut"],"picked":"Dropkick","floor":28},{"not_picked":["Perfected Strike","Hemokinesis"],"picked":"Iron Wave","floor":29},{"not_picked":["Anger","Sword Boomerang"],"picked":"Body Slam","floor":30},{"not_picked":["Offering","Rampage"],"picked":"Twin Strike+1","floor":31},{"not_picked":["Feed","Brutality"],"picked":"Juggernaut","floor":33},{"not_picked":["Sword Boomerang+1","Clash+1"],"picked":"Perfected Strike+1","floor":35},{"not_picked":["Rage+1","Intimidate+1"],"picked":"Rampage+1","floor":36},{"not_picked":["Pummel","True Grit+1"],"picked":"Anger","floor":38},{"not_picked":["Inflame","Anger"],"picked":"Armaments+1","floor":39},{"not_picked":["Rupture","Offering"],"picked":"Shrug It Off+1","floor":41},{"not_picked":["Cleave","Anger+1"],"picked":"Ghostly Armor","floor":42},{"not_picked":["Burning Pact","Armaments"],"picked":"Iron Wave+1","floor":45},{"not_picked":["Power Through+1","Fire Breathing"],"picked":"Iron Wave+1","floor":46}],"player_experience":0,"relics_obtained":[{"floor":7,"key":"Pen Nib"},{"floor":9,"key":"Mercury Hourglass"},{"floor":13,"key":"Incense Burner"},{"floor":26,"key":"Red Skull"},{"floor":31,"key":"Strawberry"},{"floor":41,"key":"Whetstone"},{"floor":42,"key":"Ginger"},{"floor":43,"key":"Vajra"},{"floor":45,"key":"Pocketwatch"}],"event_choices":[{"damage_healed":0,"gold_gain":73,"player_choice":"Gained Gold","damage_taken":0,"max_hp_gain":0,"max_hp_loss":0,"event_name":"Golden Wing","floor":11,"gold_loss":0},{"damage_healed":0,"gold_gain":0,"player_choice":"Fight","damage_taken":0,"max_hp_gain":0,"max_hp_loss":0,"event_name":"MindBloom","floor":42,"gold_loss":0},{"damage_healed":0,"gold_gain":0,"player_choice":"Fight","damage_taken":0,"max_hp_gain":0,"max_hp_loss":0,"event_name":"Mysterious Sphere","floor":45,"gold_loss":0}],"is_beta":false,"boss_relics":[{"not_picked":["Black Blood","White Beast Statue"],"picked":"Velvet Choker"},{"not_picked":["Calling Bell","Tiny House"],"picked":"Coffee Dripper"}],"items_purged_floors":[],"is_endless":false,"potions_floor_spawned":[1,13,16,18,22,24,29,33,39,41,45,46,48],"killed_by":"Awakened One","ascension_level":0}