{"gold_per_floor":[212,230,246,346,357,357,383,383,432,462,475,486,451,222,222,318,318,318,318,318,318,318,318,318,318,318,318,318,318,318,318,318,318,318,318,318,268,268,268,268,268,268,268,268,268,268,268,268,268,268],"floor_reached":51,"playtime":4103,"items_purged":["Strike_G","Defend_G"],"score":888,"play_id":"7337c46e-f15d-43e7-9b06-61863c525132","local_time":"20181105200125","is_ascension_mode":true,"campfire_choices":[{"data":"Dagger Spray","floor":6.0,"key":"SMITH"},{"data":"Neutralize","floor":8.0,"key":"SMITH"},{"floor":15.0,"key":"REST"},{"floor":24.0,"key":"REST"},{"floor":28.0,"key":"REST"},{"data":"Catalyst","floor":30.0,"key":"SMITH"},{"data":"Noxious Fumes","floor":32.0,"key":"SMITH"},{"data":"Noxious Fumes","floor":40,"key":"SMITH"},{"data":"PiercingWail","floor":49,"key":"SMITH"}],"neow_cost":"NONE","seed_source_timestamp":0,"circlet_count":0,"master_deck":["Defend_G","Defend_G+1","Defend_G+1","Defend_G","Strike_G","Strike_G","Survivor","Neutralize+1","Backstab","Dagger Spray+1","Noxious Fumes+1","Adrenaline","PiercingWail+1","Noxious Fumes+1","After Image","Backflip","Dash","Catalyst+1","Deadly Poison","Crippling Poison+1","Parasite","Poisoned Stab+1","Parasite"],"special_seed":0,"relics":["Ring of the Snake","Singing Bowl","War Paint","Centennial Puzzle","Snake Skull","Ectoplasm","Ginger","Smiling Mask","Paper Crane","Pear","Busted Crown","Blood Vial","Gremlin Horn","FossilizedHelix"],"potions_floor_usage":[42,50],"damage_taken":[{"damage":1.0,"enemies":"Cultist","floor":1.0,"turns":4.0},{"damage":0.0,"enemies":"Small Slimes","floor":2.0,"turns":3.0},{"damage":7.0,"enemies":"Jaw Worm","floor":3.0,"turns":4.0},{"damage":5.0,"enemies":"Red Slaver","floor":5.0,"turns":3.0},{"damage":22.0,"enemies":"3 Sentries","floor":7.0,"turns":6.0},{"damage":24.0,"enemies":"Gremlin Nob","floor":10.0,"turns":4.0},{"damage":0.0,"enemies":"3 Louse","floor":11.0,"turns":3.0},{"damage":4.0,"enemies":"Large Slime","floor":12.0,"turns":6.0},{"damage":27.0,"enemies":"Slime Boss","floor":16.0,"turns":9.0},{"damage":21.0,"enemies":"Spheric Guardian","floor":18.0,"turns":6.0},{"damage":4.0,"enemies":"Chosen","floor":20.0,"turns":6.0},{"damage":0.0,"enemies":"Sentry and Sphere","floor":21.0,"turns":7.0},{"damage":7.0,"enemies":"Cultist and Chosen","floor":22.0,"turns":6.0},{"damage":12.0,"enemies":"Gremlin Leader","floor":23.0,"turns":7.0},{"damage":37.0,"enemies":"Slavers","floor":25.0,"turns":5.0},{"damage":1.0,"enemies":"Book of Stabbing","floor":29.0,"turns":6.0},{"damage":0.0,"enemies":"Snecko","floor":31.0,"turns":3.0},{"damage":14.0,"enemies":"Champ","floor":33.0,"turns":10.0},{"damage":1,"enemies":"3 Darklings","floor":35,"turns":3},{"damage":0,"enemies":"3 Shapes","floor":38,"turns":3},{"damage":0,"enemies":"3 Darklings","floor":41,"turns":4},{"damage":0,"enemies":"Writhing Mass","floor":42,"turns":5},{"damage":1,"enemies":"Mind Bloom Boss Battle","floor":44,"turns":4},{"damage":0,"enemies":"4 Shapes","floor":45,"turns":4},{"damage":0,"enemies":"3 Darklings","floor":46,"turns":3},{"damage":0,"enemies":"Writhing Mass","floor":47,"turns":5},{"damage":0,"enemies":"Sphere and 2 Shapes","floor":48,"turns":3},{"damage":51,"enemies":"Donu and Deca","floor":50,"turns":8}],"seed_played":"-2558264007258844624","potions_obtained":[{"floor":2.0,"key":"SteroidPotion"},{"floor":5.0,"key":"SmokeBomb"},{"floor":11.0,"key":"GhostInAJar"},{"floor":12.0,"key":"AttackPotion"},{"floor":16.0,"key":"Strength Potion"},{"floor":21.0,"key":"GhostInAJar"},{"floor":31.0,"key":"Swift Potion"},{"floor":35,"key":"EssenceOfSteel"},{"floor":41,"key":"LiquidBronze"},{"floor":45,"key":"AttackPotion"},{"floor":47,"key":"GhostInAJar"}],"is_trial":false,"path_per_floor":["M","M","M","?","M","R","E","R","T","E","M","M","?","$","R","B",null,"M","$","M","M","M","E","R","E","T","?","R","E","R","M","R","B",null,"M","?","$","M","?","R","M","M","T","?","M","M","M","M","R","B",null],"character_chosen":"THE_SILENT","items_purchased":["Snake Skull"],"campfire_rested":3,"item_purchase_floors":[14],"current_hp_per_floor":[69,69,62,62,57,57,37,37,37,13,13,9,27,27,48,21,72,51,51,47,49,42,30,52,15,15,15,37,48,48,50,50,38,90,91,91,91,94,94,94,96,98,98,97,98,100,102,104,104,53],"gold":268,"neow_bonus":"HUNDRED_GOLD","is_prod":false,"is_daily":false,"chose_seed":false,"campfire_upgraded":6,"win_rate":0,"timestamp":1541419285,"path_taken":["M","M","M","?","?","R","E","R","T","E","M","M","?","$","R","BOSS","M","$","M","M","M","E","R","E","T","?","R","E","R","M","R","BOSS","M","?","?","?","?","R","M","?","T","?","M","M","M","M","R","BOSS"],"build_version":"2018-11-01","purchased_purges":2,"victory":true,"max_hp_per_floor":[70,70,70,70,70,70,72,72,72,72,72,72,72,72,72,72,72,72,72,72,74,74,74,74,74,74,74,74,86,86,88,88,90,90,92,92,92,94,94,94,96,98,98,98,98,100,102,104,104,104],"card_choices":[{"not_picked":["Outmaneuver","Dagger Throw"],"picked":"Backstab","floor":1.0},{"not_picked":["Dodge and Roll","Eviscerate","Dagger Throw"],"picked":"SKIP","floor":2.0},{"not_picked":["Outmaneuver","Endless Agony"],"picked":"Dagger Spray","floor":3.0},{"not_picked":["Grand Finale","Eviscerate"],"picked":"Noxious Fumes","floor":5.0},{"not_picked":["Acrobatics","Dagger Throw","Phantasmal Killer"],"picked":"Singing Bowl","floor":7.0},{"not_picked":["Eviscerate","Bane"],"picked":"Adrenaline","floor":10.0},{"not_picked":["Cloak And Dagger","Dagger Throw"],"picked":"PiercingWail","floor":11.0},{"not_picked":["Deadly Poison","Catalyst"],"picked":"Noxious Fumes","floor":12.0},{"not_picked":["Bullet Time","Grand Finale"],"picked":"After Image","floor":16.0},{"not_picked":["Skewer","Quick Slash"],"picked":"Backflip","floor":18.0},{"not_picked":["Deadly Poison","Prepared"],"picked":"Dash","floor":20.0},{"not_picked":["Concentrate","Calculated Gamble+1","Underhanded Strike"],"picked":"Singing Bowl","floor":21.0},{"not_picked":["Slice+1","All Out Attack"],"picked":"Catalyst","floor":22.0},{"not_picked":["Setup","Acrobatics"],"picked":"Deadly Poison","floor":23.0},{"not_picked":["Predator","Underhanded Strike"],"picked":"Crippling Poison+1","floor":25.0},{"not_picked":["Underhanded Strike+1","Calculated Gamble+1","All Out Attack"],"picked":"Singing Bowl","floor":29.0},{"not_picked":["Prepared","Well Laid Plans","Outmaneuver"],"picked":"Singing Bowl","floor":31.0},{"not_picked":["Wraith Form v2","Corpse Explosion","Adrenaline"],"picked":"Singing Bowl","floor":33.0},{"not_picked":["Choke"],"picked":"Singing Bowl","floor":35},{"not_picked":["Backstab"],"picked":"Singing Bowl","floor":38},{"not_picked":["Prepared+1"],"picked":"Singing Bowl","floor":41},{"not_picked":["Quick Slash+1"],"picked":"Singing Bowl","floor":42},{"not_picked":[],"picked":"Poisoned Stab+1","floor":45},{"not_picked":["Dagger Throw+1"],"picked":"Singing Bowl","floor":46},{"not_picked":["Bane"],"picked":"Singing Bowl","floor":47},{"not_picked":["Backstab"],"picked":"Singing Bowl","floor":48}],"player_experience":247618,"relics_obtained":[{"floor":7.0,"key":"Singing Bowl"},{"floor":9.0,"key":"War Paint"},{"floor":10.0,"key":"Centennial Puzzle"},{"floor":23.0,"key":"Ginger"},{"floor":25.0,"key":"Smiling Mask"},{"floor":26.0,"key":"Paper Crane"},{"floor":29.0,"key":"Pear"},{"floor":43,"key":"Gremlin Horn"},{"floor":44,"key":"FossilizedHelix"}],"event_choices":[{"damage_healed":0.0,"max_hp_gain":0.0,"max_hp_loss":0.0,"gold_gain":100.0,"event_name":"Golden Shrine","player_choice":"Pray","floor":4.0,"gold_loss":0.0,"damage_taken":0.0},{"damage_healed":18.0,"max_hp_gain":0.0,"max_hp_loss":0.0,"gold_gain":0.0,"event_name":"The Cleric","player_choice":"Healed","floor":13.0,"gold_loss":35.0,"damage_taken":0.0},{"cards_removed":["Strike_G"],"damage_healed":0.0,"max_hp_gain":0.0,"max_hp_loss":0.0,"gold_gain":0.0,"event_name":"Back to Basics","player_choice":"Elegance","floor":27.0,"gold_loss":0.0,"damage_taken":0.0},{"damage_healed":0,"gold_gain":0,"player_choice":"Gave Potion","damage_taken":0,"relics_obtained":["Blood Vial"],"max_hp_gain":0,"max_hp_loss":0,"event_name":"WeMeetAgain","floor":36,"gold_loss":0},{"cards_removed":["Strike_G"],"damage_healed":0,"gold_gain":0,"player_choice":"Purged","damage_taken":0,"max_hp_gain":0,"max_hp_loss":0,"event_name":"Purifier","floor":39,"gold_loss":0},{"damage_healed":0,"gold_gain":0,"player_choice":"Fight","damage_taken":0,"max_hp_gain":0,"max_hp_loss":0,"event_name":"MindBloom","floor":44,"gold_loss":0}],"is_beta":false,"boss_relics":[{"not_picked":["Runic Pyramid","HoveringKite"],"picked":"Ectoplasm"},{"not_picked":["Ring of the Serpent","Eternal Feather"],"picked":"Busted Crown"}],"items_purged_floors":[14,37],"is_endless":false,"potions_floor_spawned":[2,5,11,12,16,21,22,25,31,33,35,41,45,47,48],"ascension_level":4}