{"gold_per_floor":[116,135,85,160,171,202,25,25,73,89,89,15,47,62,62,163,163,182,26,26,38,113,113,129,129],"floor_reached":25,"playtime":4721,"items_purged":[],"score":211,"play_id":"5212712b-4796-47a6-99d6-eff58e5a1569","local_time":"20190205064415","is_ascension_mode":false,"campfire_choices":[{"floor":11.0,"key":"REST"},{"floor":15.0,"key":"REST"},{"floor":23,"key":"REST"}],"neow_cost":"NONE","seed_source_timestamp":0,"circlet_count":0,"master_deck":["Strike_B","Strike_B+1","Strike_B+1","Strike_B+1","Defend_B","Defend_B","Defend_B+1","Zap","Dualcast","Conserve Battery","Chaos","Steam","Glacier","Redo+1","Fission","BootSequence","Hello World","Cold Snap+1","Buffer","Cold Snap","Gash+1","Gash"],"special_seed":0,"relics":["Cracked Core","Bronze Scales","War Paint","Juzu Bracelet","Centennial Puzzle","Fusion Hammer","Whetstone"],"potions_floor_usage":[],"damage_taken":[{"damage":1.0,"enemies":"Jaw Worm","floor":1.0,"turns":3.0},{"damage":10.0,"enemies":"Small Slimes","floor":2.0,"turns":3.0},{"damage":0.0,"enemies":"2 Louse","floor":5.0,"turns":3.0},{"damage":20.0,"enemies":"Lagavulin","floor":6.0,"turns":8.0},{"damage":0.0,"enemies":"2 Fungi Beasts","floor":10.0,"turns":3.0},{"damage":34.0,"enemies":"Gremlin Nob","floor":13.0,"turns":6.0},{"damage":7.0,"enemies":"Gremlin Gang","floor":14.0,"turns":4.0},{"damage":31.0,"enemies":"Slime Boss","floor":16.0,"turns":15.0},{"damage":10,"enemies":"Shell Parasite","floor":18,"turns":9},{"damage":1,"enemies":"Spheric Guardian","floor":21,"turns":5},{"damage":5,"enemies":"Centurion and Healer","floor":24,"turns":7},{"damage":71,"enemies":"Gremlin Leader","floor":25,"turns":9}],"seed_played":"4999000385435176288","potions_obtained":[{"floor":2.0,"key":"PowerPotion"},{"floor":6.0,"key":"Weak Potion"},{"floor":13.0,"key":"Regen Potion"},{"floor":24,"key":"Strength Potion"}],"is_trial":false,"path_per_floor":["M","M","?","?","M","E","$","?","T","M","R","$","E","M","R","B",null,"M","$","?","M","?","R","M","E"],"character_chosen":"DEFECT","items_purchased":["Redo","War Paint","BootSequence","Whetstone"],"campfire_rested":3,"item_purchase_floors":[7,7,12,19],"current_hp_per_floor":[81,71,71,60,60,40,40,24,24,24,48,48,14,19,43,12,82,72,72,56,55,47,73,68,0],"gold":129,"neow_bonus":"TEN_PERCENT_HP_BONUS","is_prod":false,"is_daily":false,"chose_seed":false,"campfire_upgraded":0,"win_rate":0.0,"timestamp":1549377855,"path_taken":["M","M","?","?","M","E","$","?","T","M","R","$","E","M","R","BOSS","M","$","?","M","?","R","M","E"],"build_version":"2019-01-23","purchased_purges":0,"victory":false,"max_hp_per_floor":[82,82,82,82,82,82,82,82,82,82,82,82,82,82,82,82,82,82,82,87,87,87,87,87,87],"card_choices":[{"not_picked":["Streamline","Fusion"],"picked":"Conserve Battery","floor":1.0},{"not_picked":["Barrage","Hologram"],"picked":"Chaos","floor":2.0},{"not_picked":["Hologram","Barrage"],"picked":"Steam","floor":5.0},{"not_picked":["Rip and Tear","Conserve Battery"],"picked":"Glacier","floor":6.0},{"not_picked":["Go for the Eyes","Beam Cell"],"picked":"Fission","floor":10.0},{"not_picked":["Stack","Steam Power"],"picked":"Hello World","floor":13.0},{"not_picked":["Barrage","Fusion"],"picked":"Cold Snap","floor":14.0},{"not_picked":["Multi-Cast","Amplify"],"picked":"Buffer","floor":16.0},{"not_picked":["Beam Cell","Go for the Eyes"],"picked":"Cold Snap","floor":18},{"not_picked":["Redo","Darkness"],"picked":"Gash+1","floor":21},{"not_picked":["Hologram+1","Self Repair"],"picked":"Gash","floor":24}],"player_experience":22492,"relics_obtained":[{"floor":6.0,"key":"Bronze Scales"},{"floor":9.0,"key":"Juzu Bracelet"},{"floor":13.0,"key":"Centennial Puzzle"}],"event_choices":[{"cards_removed":["Defend_B"],"damage_healed":0.0,"max_hp_gain":0.0,"max_hp_loss":0.0,"gold_gain":0.0,"event_name":"The Cleric","player_choice":"Card Removal","floor":3.0,"gold_loss":50.0,"damage_taken":0.0},{"damage_healed":0.0,"max_hp_gain":0.0,"max_hp_loss":0.0,"gold_gain":75.0,"event_name":"World of Goop","player_choice":"Gather Gold","floor":4.0,"gold_loss":0.0,"damage_taken":11.0},{"damage_healed":0.0,"max_hp_gain":0.0,"max_hp_loss":0.0,"gold_gain":0.0,"event_name":"Shining Light","player_choice":"Entered Light","floor":8.0,"gold_loss":0.0,"damage_taken":16.0,"cards_upgraded":["Strike_B","Strike_B"]},{"damage_healed":0,"gold_gain":0,"player_choice":"Shed Blood","damage_taken":21,"max_hp_gain":5,"max_hp_loss":0,"event_name":"Forgotten Altar","floor":20,"gold_loss":0},{"damage_healed":0,"gold_gain":75,"player_choice":"Touch","damage_taken":8,"max_hp_gain":0,"max_hp_loss":0,"event_name":"FaceTrader","floor":22,"gold_loss":0}],"is_beta":false,"boss_relics":[{"not_picked":["Empty Cage","FrozenCore"],"picked":"Fusion Hammer"}],"items_purged_floors":[],"is_endless":false,"potions_floor_spawned":[2,6,13,24],"killed_by":"Gremlin Leader","ascension_level":0}