{"gold_per_floor":[109,123,123,223,241,267,267,283,283,283,297,132,159,171,171,245,245,261,277,277,40,56,56,56],"floor_reached":24,"playtime":1248,"items_purged":["Strike_R","Strike_R"],"score":416,"play_id":"ae8e909f-394e-4c27-abea-96c1ffb4cd68","local_time":"20190822000036","is_ascension_mode":true,"campfire_choices":[{"data":"Uppercut","floor":7,"key":"SMITH"},{"data":"Anger","floor":10,"key":"SMITH"},{"data":"Armaments","floor":15,"key":"SMITH"},{"data":"Disarm","floor":23,"key":"SMITH"}],"neow_cost":"NONE","seed_source_timestamp":41740338985597,"circlet_count":0,"master_deck":["AscendersBane","Strike_R","Strike_R","Strike_R","Defend_R","Defend_R","Defend_R","Defend_R","Bash+1","Anger","Anger+1","Uppercut+1","Thunderclap","Battle Trance","Armaments+1","Feel No Pain","Feed","Evolve","Ghostly","Ghostly","Ghostly","Disarm+1","Shrug It Off"],"relics":["Burning Blood","Mummified Hand","Shuriken","Juzu Bracelet","Black Star"],"potions_floor_usage":[19],"damage_taken":[{"damage":9,"enemies":"Jaw Worm","floor":1,"turns":4},{"damage":1,"enemies":"Cultist","floor":2,"turns":3},{"damage":0,"enemies":"2 Louse","floor":5,"turns":3},{"damage":6,"enemies":"Gremlin Nob","floor":6,"turns":3},{"damage":5,"enemies":"2 Fungi Beasts","floor":8,"turns":3},{"damage":8,"enemies":"Blue Slaver","floor":11,"turns":3},{"damage":20,"enemies":"3 Sentries","floor":13,"turns":8},{"damage":7,"enemies":"Large Slime","floor":14,"turns":6},{"damage":17,"enemies":"Slime Boss","floor":16,"turns":9},{"damage":28,"enemies":"Spheric Guardian","floor":18,"turns":6},{"damage":28,"enemies":"3 Byrds","floor":19,"turns":6},{"damage":11,"enemies":"Sentry and Sphere","floor":22,"turns":8},{"damage":56,"enemies":"Gremlin Leader","floor":24,"turns":7}],"seed_played":"8066703152319262738","potions_obtained":[{"floor":5,"key":"Explosive Potion"},{"floor":8,"key":"Explosive Potion"},{"floor":13,"key":"Fire Potion"},{"floor":16,"key":"FairyPotion"},{"floor":19,"key":"Energy Potion"}],"is_trial":false,"path_per_floor":["M","M","?","?","M","E","R","M","T","R","M","$","E","M","R","B",null,"M","M","?","$","M","R","E"],"character_chosen":"IRONCLAD","items_purchased":["Feel No Pain","Disarm","Shrug It Off"],"campfire_rested":0,"item_purchase_floors":[12,21,21],"current_hp_per_floor":[65,70,75,75,80,80,80,80,80,80,78,78,64,63,63,52,73,54,35,35,35,34,34,0],"gold":56,"neow_bonus":"UPGRADE_CARD","is_prod":false,"is_daily":false,"chose_seed":false,"campfire_upgraded":4,"win_rate":0,"timestamp":1566424836,"path_taken":["M","M","?","?","M","E","R","M","T","R","M","$","E","M","R","BOSS","M","M","?","$","M","R","E"],"build_version":"2019-07-17","purchased_purges":2,"victory":false,"max_hp_per_floor":[75,75,80,80,80,80,80,80,80,80,80,80,80,80,80,80,80,83,86,43,43,47,47,47],"card_choices":[{"not_picked":["Reckless Charge","Wild Strike"],"picked":"Anger","floor":1},{"not_picked":["Sword Boomerang","Hemokinesis"],"picked":"Anger","floor":2},{"not_picked":["Ghostly Armor","Evolve"],"picked":"Uppercut","floor":5},{"not_picked":["Wild Strike","Sword Boomerang"],"picked":"Thunderclap","floor":6},{"not_picked":["Anger","Reckless Charge"],"picked":"Battle Trance","floor":8},{"not_picked":["Cleave","Body Slam"],"picked":"Armaments","floor":11},{"not_picked":["Armaments","Perfected Strike","Power Through"],"picked":"SKIP","floor":13},{"not_picked":["Feel No Pain","Second Wind","Flex"],"picked":"SKIP","floor":14},{"not_picked":["Fiend Fire","Exhume"],"picked":"Feed","floor":16},{"not_picked":["Wild Strike","Headbutt"],"picked":"Evolve","floor":18},{"not_picked":["Body Slam","Seeing Red","Ghostly Armor"],"picked":"SKIP","floor":19},{"not_picked":["Iron Wave","Second Wind+1","Wild Strike"],"picked":"SKIP","floor":22}],"player_experience":1952718,"relics_obtained":[{"floor":6,"key":"Mummified Hand"},{"floor":9,"key":"Shuriken"},{"floor":13,"key":"Juzu Bracelet"}],"event_choices":[{"damage_healed":0,"gold_gain":0,"player_choice":"Donut","damage_taken":0,"max_hp_gain":5,"max_hp_loss":0,"event_name":"Big Fish","floor":3,"gold_loss":0},{"damage_healed":0,"gold_gain":100,"player_choice":"Gold","damage_taken":0,"max_hp_gain":0,"max_hp_loss":0,"event_name":"Wheel of Change","floor":4,"gold_loss":0},{"damage_healed":0,"gold_gain":0,"player_choice":"Became a Ghost","damage_taken":0,"max_hp_gain":0,"max_hp_loss":43,"event_name":"Ghosts","floor":20,"gold_loss":0,"cards_obtained":["Ghostly","Ghostly","Ghostly"]}],"is_beta":false,"boss_relics":[{"not_picked":["Runic Cube","Runic Dome"],"picked":"Black Star"}],"items_purged_floors":[12,21],"is_endless":false,"potions_floor_spawned":[5,8,13,16,19,22],"killed_by":"Gremlin Leader","ascension_level":20}