{"gold_per_floor":[20,32,32,113,132,132,158,233,233,258,268,268,302,316,316,390,390,408,408,683,463,479,479,508,508,508,523,558,571,606,261,261,338,338,348,63,77,88,88,122,122,148,148,161,186,186,239,274,274,274,274,274,274,46,71,71],"floor_reached":57,"playtime":2854,"items_purged":["Regret","Strike_R","Strike_R","Strike_R"],"score":2942,"play_id":"a8a57438-1b44-4531-9758-aaf4dad42ed9","local_time":"20191001130732","is_ascension_mode":true,"campfire_choices":[{"data":"Body Slam","floor":6,"key":"SMITH"},{"data":"Disarm","floor":12,"key":"SMITH"},{"data":"Juggernaut","floor":15,"key":"SMITH"},{"data":"Limit Break","floor":23,"key":"SMITH"},{"data":"Ghostly","floor":25,"key":"SMITH"},{"data":"Shockwave","floor":32,"key":"SMITH"},{"data":"Limit Break","floor":41,"key":"SMITH"},{"data":"Ghostly","floor":46,"key":"SMITH"},{"floor":49,"key":"RECALL"},{"data":"Ghostly","floor":53,"key":"SMITH"}],"neow_cost":"NO_GOLD","seed_source_timestamp":73654838150847,"circlet_count":0,"master_deck":["AscendersBane","Strike_R","Strike_R","Defend_R","Defend_R","Defend_R","Defend_R","Bash+1","Pommel Strike","Body Slam+1","Carnage","Juggernaut+1","Disarm+1","Dropkick+1","Limit Break+1","CurseOfTheBell","Carnage+1","Ghostly+1","Ghostly+1","Ghostly+1","Finesse","Heavy Blade+1","Reaper+1","Anger+1","Shockwave+1","Demon Form","Limit Break+1","Evolve"],"relics":["Burning Blood","Du-Vu Doll","Meat on the Bone","Letter Opener","Ornamental Fan","Molten Egg 2","Mercury Hourglass","Calling Bell","MealTicket","Pantograph","Gambling Chip","PreservedInsect","Singing Bowl","Self Forming Clay","Oddly Smooth Stone","Busted Crown","OrangePellets","CloakClasp","HornCleat","StrikeDummy","Blood Vial","Charon\u0027s Ashes","Pocketwatch","Mango"],"potions_floor_usage":[13,14,16,45,47,56],"damage_taken":[{"damage":11,"enemies":"Jaw Worm","floor":1,"turns":4},{"damage":4,"enemies":"2 Louse","floor":2,"turns":3},{"damage":12,"enemies":"Small Slimes","floor":5,"turns":3},{"damage":8,"enemies":"Gremlin Nob","floor":7,"turns":3},{"damage":26,"enemies":"Lagavulin","floor":10,"turns":5},{"damage":5,"enemies":"2 Fungi Beasts","floor":11,"turns":3},{"damage":51,"enemies":"Gremlin Nob","floor":13,"turns":5},{"damage":22,"enemies":"Exordium Thugs","floor":14,"turns":4},{"damage":17,"enemies":"The Guardian","floor":16,"turns":12},{"damage":50,"enemies":"2 Thieves","floor":18,"turns":4},{"damage":29,"enemies":"3 Byrds","floor":22,"turns":5},{"damage":22,"enemies":"Slavers","floor":24,"turns":6},{"damage":15,"enemies":"Cultist and Chosen","floor":27,"turns":6},{"damage":8,"enemies":"Book of Stabbing","floor":28,"turns":4},{"damage":1,"enemies":"Snecko","floor":29,"turns":5},{"damage":28,"enemies":"Gremlin Leader","floor":30,"turns":5},{"damage":60,"enemies":"Collector","floor":33,"turns":8},{"damage":6,"enemies":"3 Shapes","floor":35,"turns":8},{"damage":11,"enemies":"3 Darklings","floor":37,"turns":5},{"damage":15,"enemies":"Transient","floor":38,"turns":6},{"damage":23,"enemies":"Reptomancer","floor":40,"turns":6},{"damage":25,"enemies":"Nemesis","floor":42,"turns":5},{"damage":12,"enemies":"Sphere and 2 Shapes","floor":44,"turns":4},{"damage":28,"enemies":"Reptomancer","floor":45,"turns":5},{"damage":21,"enemies":"2 Orb Walkers","floor":47,"turns":3},{"damage":0,"enemies":"Nemesis","floor":48,"turns":7},{"damage":42,"enemies":"Donu and Deca","floor":50,"turns":7},{"damage":12,"enemies":"Time Eater","floor":51,"turns":6},{"damage":31,"enemies":"Shield and Spear","floor":55,"turns":5},{"damage":102,"enemies":"The Heart","floor":56,"turns":9}],"seed_played":"3048499064429549549","potions_obtained":[{"floor":7,"key":"Regen Potion"},{"floor":13,"key":"EssenceOfSteel"},{"floor":14,"key":"DuplicationPotion"},{"floor":16,"key":"AttackPotion"},{"floor":47,"key":"PowerPotion"}],"is_trial":false,"path_per_floor":["M","M","?","T","M","R","E","?","T","E","M","R","E","M","R","B",null,"M","?","?","$","M","R","E","R","T","M","E","M","E","$","R","B",null,"M","$","M","M","?","E","R","E","T","M","E","R","?","E","R","B","B",null,"R","$","E","B",null],"character_chosen":"IRONCLAD","items_purchased":["SkillPotion","Finesse","Oddly Smooth Stone","Shockwave","OrangePellets","Evolve"],"campfire_rested":0,"item_purchase_floors":[21,21,31,31,36,54],"current_hp_per_floor":[63,65,65,65,59,59,57,46,46,38,51,51,23,19,19,20,61,29,29,29,37,26,26,22,22,22,25,35,39,29,39,39,22,35,37,41,38,41,41,34,34,29,29,37,29,29,30,40,40,55,49,54,54,55,71,36],"gold":71,"neow_bonus":"ONE_RARE_RELIC","is_prod":false,"is_daily":false,"chose_seed":false,"campfire_upgraded":9,"win_rate":0,"timestamp":1569928052,"path_taken":["M","M","?","?","M","R","E","?","T","E","M","R","E","M","R","BOSS","M","?","?","$","M","R","E","R","T","?","E","M","E","$","R","BOSS","M","$","M","?","?","E","R","E","T","M","E","R","?","E","R","BOSS","BOSS","R","$","E","BOSS"],"build_version":"2019-09-27","purchased_purges":4,"victory":true,"max_hp_per_floor":[75,75,75,75,75,75,75,75,75,75,75,75,75,75,75,75,75,75,37,37,37,37,37,37,37,37,37,37,39,39,39,39,39,39,41,41,43,45,45,45,45,47,47,49,51,51,53,55,55,55,55,55,55,55,71,71],"card_choices":[{"not_picked":["Shrug It Off","Clash"],"picked":"Pommel Strike","floor":1},{"not_picked":["Armaments","Ghostly Armor"],"picked":"Cleave","floor":2},{"not_picked":["Iron Wave","Searing Blow"],"picked":"Body Slam","floor":5},{"not_picked":["Body Slam","Reckless Charge"],"picked":"Carnage","floor":7},{"not_picked":["True Grit","Evolve"],"picked":"Juggernaut","floor":10},{"not_picked":["Warcry","Bloodletting"],"picked":"Disarm","floor":11},{"not_picked":["Corruption","Havoc"],"picked":"Dropkick+1","floor":13},{"not_picked":["Clothesline+1","Wild Strike+1","Whirlwind+1"],"picked":"SKIP","floor":14},{"not_picked":["Barricade","Double Tap"],"picked":"Limit Break","floor":16},{"not_picked":["Blood for Blood+1","Wild Strike+1"],"picked":"Carnage+1","floor":18},{"not_picked":["Warcry","Evolve","Thunderclap+1"],"picked":"SKIP","floor":22},{"not_picked":["Twin Strike+1","Barricade","Armaments"],"picked":"SKIP","floor":24},{"not_picked":["Disarm","Pommel Strike+1"],"picked":"Heavy Blade+1","floor":27},{"not_picked":["Heavy Blade+1","Blood for Blood+1"],"picked":"Reaper+1","floor":28},{"not_picked":["Evolve","Ghostly Armor+1","Clash+1"],"picked":"Singing Bowl","floor":29},{"not_picked":["Dropkick+1","Dual Wield"],"picked":"Anger+1","floor":30},{"not_picked":["Limit Break","Reaper+1"],"picked":"Demon Form","floor":33},{"not_picked":["Headbutt+1"],"picked":"Singing Bowl","floor":35},{"not_picked":["Twin Strike+1"],"picked":"Singing Bowl","floor":37},{"not_picked":["Twin Strike+1"],"picked":"Singing Bowl","floor":38},{"not_picked":[],"picked":"Limit Break","floor":40},{"not_picked":["Sentinel"],"picked":"Singing Bowl","floor":42},{"not_picked":["Blood for Blood+1"],"picked":"Singing Bowl","floor":44},{"not_picked":["Armaments"],"picked":"Singing Bowl","floor":45},{"not_picked":["Combust+1"],"picked":"Singing Bowl","floor":47},{"not_picked":["Inflame"],"picked":"Singing Bowl","floor":48},{"not_picked":["Thunderclap+1"],"picked":"Singing Bowl","floor":55}],"player_experience":2130210,"relics_obtained":[{"floor":4,"key":"Meat on the Bone"},{"floor":7,"key":"Letter Opener"},{"floor":9,"key":"Ornamental Fan"},{"floor":10,"key":"Molten Egg 2"},{"floor":13,"key":"Mercury Hourglass"},{"floor":17,"key":"MealTicket"},{"floor":17,"key":"Pantograph"},{"floor":17,"key":"Gambling Chip"},{"floor":24,"key":"PreservedInsect"},{"floor":28,"key":"Singing Bowl"},{"floor":30,"key":"Self Forming Clay"},{"floor":40,"key":"CloakClasp"},{"floor":42,"key":"HornCleat"},{"floor":43,"key":"StrikeDummy"},{"floor":45,"key":"Blood Vial"},{"floor":47,"key":"Charon\u0027s Ashes"},{"floor":48,"key":"Pocketwatch"},{"floor":55,"key":"Mango"}],"event_choices":[{"damage_healed":0,"gold_gain":0,"player_choice":"Grow","damage_taken":0,"max_hp_gain":0,"max_hp_loss":0,"event_name":"Living Wall","floor":3,"gold_loss":0,"cards_upgraded":["Bash"]},{"damage_healed":0,"gold_gain":75,"player_choice":"Gather Gold","damage_taken":11,"max_hp_gain":0,"max_hp_loss":0,"event_name":"World of Goop","floor":8,"gold_loss":0},{"damage_healed":0,"gold_gain":0,"player_choice":"Became a Ghost","damage_taken":0,"max_hp_gain":0,"max_hp_loss":38,"event_name":"Ghosts","floor":19,"gold_loss":0,"cards_obtained":["Ghostly","Ghostly","Ghostly"]},{"damage_healed":0,"gold_gain":275,"player_choice":"Desecrate","damage_taken":0,"max_hp_gain":0,"max_hp_loss":0,"event_name":"Golden Shrine","floor":20,"gold_loss":0,"cards_obtained":["Regret"]},{"cards_removed":["Cleave"],"damage_healed":0,"gold_gain":0,"player_choice":"Removed Attack","damage_taken":0,"max_hp_gain":0,"max_hp_loss":0,"event_name":"Falling","floor":39,"gold_loss":0},{"damage_healed":0,"gold_gain":0,"player_choice":"Fight","damage_taken":0,"max_hp_gain":0,"max_hp_loss":0,"event_name":"Mysterious Sphere","floor":47,"gold_loss":0}],"is_beta":true,"boss_relics":[{"not_picked":["Black Blood","Coffee Dripper"],"picked":"Calling Bell"},{"not_picked":["Runic Dome","Mark of Pain"],"picked":"Busted Crown"}],"items_purged_floors":[21,31,36,54],"is_endless":false,"potions_floor_spawned":[7,13,14,16,22,24,30,33,35,38,42,47],"ascension_level":20}