{"gold_per_floor":[115,129,145,157,106,136,136,136,217,217,242,2,2,2,2,101,101,111,21,35,53,65,65,92,92,92,122,122,122,141,141,141,241,241,260,280,280,103,118,149,149,178,178,178,34,51,51,84,84,84],"floor_reached":51,"playtime":3783,"items_purged":["Strike_R","Strike_R","Decay"],"score":926,"play_id":"d725a35c-c94f-47c0-a3d0-3e701d09def8","local_time":"20190410070500","is_ascension_mode":true,"campfire_choices":[{"floor":6,"key":"DIG"},{"floor":8,"key":"DIG"},{"floor":10,"key":"DIG"},{"floor":15,"key":"REST"},{"floor":23,"key":"REST"},{"floor":25,"key":"REST"},{"floor":29,"key":"REST"},{"floor":32,"key":"DIG"},{"floor":41,"key":"DIG"},{"floor":47,"key":"REST"},{"floor":49,"key":"REST"}],"neow_cost":"PERCENT_DAMAGE","seed_source_timestamp":80304921763465,"circlet_count":0,"master_deck":["Strike_R","Strike_R","Strike_R","Defend_R","Defend_R","Defend_R","Defend_R","Bash","Intimidate","Pummel","Shrug It Off","Clothesline","Immolate","Feed","Shrug It Off+1","Demon Form+1","Body Slam+1","Limit Break","Fire Breathing+1","Ghostly Armor","Impervious","Armaments+1","Pummel","Inflame+1","Whirlwind","Flex+1","Double Tap","Rupture+1","Flash of Steel","Warcry+1"],"relics":["Burning Blood","Shovel","Tiny Chest","Vajra","Frozen Egg 2","Letter Opener","Bottled Lightning","Membership Card","Fusion Hammer","Bottled Tornado","Happy Flower","Centennial Puzzle","Orichalcum","Shuriken","Lizard Tail","PreservedInsect","Mummified Hand","Oddly Smooth Stone","Calipers","ClockworkSouvenir","Regal Pillow"],"potions_floor_usage":[11,16,24,33,40,50,50],"damage_taken":[{"damage":14,"enemies":"Jaw Worm","floor":1,"turns":5},{"damage":2,"enemies":"2 Louse","floor":2,"turns":3},{"damage":16,"enemies":"Small Slimes","floor":3,"turns":4},{"damage":8,"enemies":"Blue Slaver","floor":4,"turns":6},{"damage":11,"enemies":"Gremlin Nob","floor":11,"turns":3},{"damage":46,"enemies":"The Guardian","floor":16,"turns":16},{"damage":6,"enemies":"Chosen","floor":18,"turns":6},{"damage":14,"enemies":"Shell Parasite","floor":20,"turns":5},{"damage":22,"enemies":"Snake Plant","floor":21,"turns":4},{"damage":16,"enemies":"Centurion and Healer","floor":22,"turns":4},{"damage":28,"enemies":"Book of Stabbing","floor":24,"turns":4},{"damage":37,"enemies":"Slavers","floor":27,"turns":3},{"damage":13,"enemies":"Snecko","floor":30,"turns":3},{"damage":10,"enemies":"Automaton","floor":33,"turns":6},{"damage":2,"enemies":"Orb Walker","floor":35,"turns":4},{"damage":23,"enemies":"3 Darklings","floor":36,"turns":4},{"damage":25,"enemies":"Transient","floor":39,"turns":5},{"damage":10,"enemies":"Nemesis","floor":40,"turns":5},{"damage":8,"enemies":"Giant Head","floor":42,"turns":4},{"damage":34,"enemies":"Jaw Worm Horde","floor":46,"turns":2},{"damage":15,"enemies":"Nemesis","floor":48,"turns":3},{"damage":36,"enemies":"Time Eater","floor":50,"turns":6}],"seed_played":"-395914470046353130","potions_obtained":[{"floor":1,"key":"Energy Potion"},{"floor":3,"key":"AttackPotion"},{"floor":22,"key":"SteroidPotion"},{"floor":27,"key":"LiquidBronze"},{"floor":30,"key":"AttackPotion"},{"floor":39,"key":"PowerPotion"},{"floor":48,"key":"Regen Potion"}],"is_trial":false,"path_per_floor":["M","M","M","M","$","R","?","R","T","R","E","$","?","$","R","B",null,"M","$","M","M","M","R","E","R","T","E","?","R","M","?","R","B",null,"M","M","?","$","M","E","R","E","T","?","$","M","R","E","R","B",null],"character_chosen":"IRONCLAD","items_purchased":["Pommel Strike","Membership Card","Demon Form+1","Pummel","Inflame+1","Whirlwind","Flash of Steel","ClockworkSouvenir"],"campfire_rested":6,"item_purchase_floors":[5,12,19,38,38,38,45,45],"current_hp_per_floor":[48,52,42,40,40,40,40,40,40,40,35,35,35,35,59,19,65,65,65,57,44,37,62,40,65,65,37,37,63,59,59,59,55,83,90,73,73,73,54,50,50,48,48,48,48,20,48,39,82,67],"gold":84,"neow_bonus":"ONE_RARE_RELIC","is_prod":false,"is_daily":false,"chose_seed":false,"campfire_upgraded":0,"win_rate":0,"timestamp":1554905100,"path_taken":["M","M","M","M","$","R","?","R","T","R","E","$","?","$","R","BOSS","M","$","M","M","M","R","E","R","T","E","?","R","M","?","R","BOSS","M","M","?","$","?","E","R","E","T","?","$","M","R","E","R","BOSS"],"build_version":"2019-01-23","purchased_purges":3,"victory":true,"max_hp_per_floor":[80,80,80,80,80,80,80,80,80,80,80,80,80,80,80,80,80,80,80,80,83,86,86,86,86,86,89,89,89,92,92,92,92,92,95,95,95,95,95,95,95,95,95,95,95,95,95,95,95,95],"card_choices":[{"not_picked":["Shockwave","Headbutt"],"picked":"Intimidate","floor":1},{"not_picked":["Shrug It Off","Sentinel"],"picked":"Pummel","floor":2},{"not_picked":["Perfected Strike","Pommel Strike"],"picked":"Shrug It Off","floor":3},{"not_picked":["Heavy Blade","Sentinel"],"picked":"Clothesline","floor":4},{"not_picked":["Clash","Headbutt"],"picked":"Immolate","floor":11},{"not_picked":["Fiend Fire","Berserk+1"],"picked":"Feed","floor":16},{"not_picked":["Dropkick","Perfected Strike+1"],"picked":"Shrug It Off+1","floor":18},{"not_picked":["Anger","Twin Strike"],"picked":"Body Slam+1","floor":20},{"not_picked":["Heavy Blade","Rupture+1","Uppercut"],"picked":"SKIP","floor":21},{"not_picked":["Anger","Warcry"],"picked":"Limit Break","floor":22},{"not_picked":["Body Slam","Clothesline"],"picked":"Fire Breathing+1","floor":24},{"not_picked":["Corruption+1","Body Slam","Flex"],"picked":"SKIP","floor":27},{"not_picked":["Clothesline","Anger"],"picked":"Ghostly Armor","floor":30},{"not_picked":["Reaper","Bludgeon"],"picked":"Impervious","floor":33},{"not_picked":["Shockwave","Dual Wield"],"picked":"Armaments+1","floor":35},{"not_picked":["Twin Strike+1","Sword Boomerang","Havoc+1"],"picked":"SKIP","floor":36},{"not_picked":["Cleave","Warcry"],"picked":"Flex+1","floor":39},{"not_picked":["Wild Strike+1","Perfected Strike"],"picked":"Double Tap","floor":40},{"not_picked":["Armaments","Heavy Blade+1"],"picked":"Rupture+1","floor":42},{"not_picked":["Clothesline+1","Cleave+1"],"picked":"Warcry+1","floor":46},{"not_picked":["Wild Strike+1","Clothesline+1","Twin Strike"],"picked":"SKIP","floor":48}],"player_experience":544624,"relics_obtained":[{"floor":6,"key":"Tiny Chest"},{"floor":8,"key":"Vajra"},{"floor":9,"key":"Frozen Egg 2"},{"floor":10,"key":"Letter Opener"},{"floor":11,"key":"Bottled Lightning"},{"floor":24,"key":"Bottled Tornado"},{"floor":26,"key":"Happy Flower"},{"floor":27,"key":"Centennial Puzzle"},{"floor":32,"key":"Shuriken"},{"floor":40,"key":"PreservedInsect"},{"floor":41,"key":"Mummified Hand"},{"floor":42,"key":"Oddly Smooth Stone"},{"floor":43,"key":"Calipers"},{"floor":48,"key":"Regal Pillow"}],"event_choices":[{"damage_healed":0,"gold_gain":0,"player_choice":"Ignored","damage_taken":0,"max_hp_gain":0,"max_hp_loss":0,"event_name":"Liars Game","floor":7,"gold_loss":0},{"damage_healed":0,"gold_gain":0,"player_choice":"Leave","damage_taken":0,"max_hp_gain":0,"max_hp_loss":0,"event_name":"The Cleric","floor":13,"gold_loss":0},{"damage_healed":0,"gold_gain":0,"player_choice":"Ignored","damage_taken":0,"max_hp_gain":0,"max_hp_loss":0,"event_name":"Vampires","floor":28,"gold_loss":0},{"damage_healed":0,"gold_gain":0,"player_choice":"Opened","damage_taken":0,"relics_obtained":["Orichalcum"],"max_hp_gain":0,"max_hp_loss":0,"event_name":"The Mausoleum","floor":31,"gold_loss":0},{"damage_healed":0,"gold_gain":0,"player_choice":"Cursed","damage_taken":0,"max_hp_gain":0,"max_hp_loss":0,"event_name":"Wheel of Change","floor":37,"gold_loss":0,"cards_obtained":["Decay"]},{"cards_removed":["Pommel Strike"],"damage_healed":0,"gold_gain":0,"player_choice":"Removed Attack","damage_taken":0,"max_hp_gain":0,"max_hp_loss":0,"event_name":"Falling","floor":44,"gold_loss":0}],"is_beta":false,"boss_relics":[{"not_picked":["Calling Bell","White Beast Statue"],"picked":"Fusion Hammer"},{"not_picked":["Cursed Key","Pandora\u0027s Box"],"picked":"Lizard Tail"}],"items_purged_floors":[12,19,38],"is_endless":false,"potions_floor_spawned":[1,3,22,27,30,39,48],"ascension_level":5}