{"gold_per_floor":[116,47,57,57,57,57,67,96,96,96,112,112,128,142,142,240,240,253,66,83,83,96,96,107,107,107,107,125,140,140,140,140,140],"floor_reached":33,"playtime":1737,"items_purged":[],"score":374,"play_id":"08f6b52b-820a-4e88-9444-2ae6c96390b7","local_time":"20180913005350","is_ascension_mode":true,"campfire_choices":[{"data":"Dash","floor":6,"key":"SMITH"},{"data":"Infinite Blades","floor":10,"key":"SMITH"},{"data":"Neutralize","floor":12,"key":"SMITH"},{"floor":15,"key":"REST"},{"data":"Footwork","floor":23,"key":"SMITH"},{"floor":25,"key":"REST"},{"data":"Dodge and Roll","floor":27,"key":"SMITH"},{"floor":30,"key":"REST"},{"data":"Adrenaline","floor":32,"key":"SMITH"}],"neow_cost":"","seed_source_timestamp":58512003931152,"circlet_count":0,"master_deck":["Survivor","Neutralize+1","Backstab","Dash+1","Masterful Stab","Infinite Blades+1","Heel Hook","Dagger Throw","Blade Dance","Adrenaline+1","Deadly Poison","PiercingWail","Sucker Punch","Dodge and Roll+1","Sucker Punch","Cloak And Dagger","Expertise","Dagger Spray","Catalyst","Expertise","Bane","Footwork+1","Masterful Stab","Backflip+1","Terror+1","Finisher","Blade Dance","Bite","Bite","Bite","Bite","Bite"],"relics":["Ring of the Snake","Mummified Hand","Torii","Vajra","Pandora\u0027s Box","Tiny Chest","Nilry\u0027s Codex","Darkstone Periapt"],"potions_floor_usage":[33,33,33],"damage_taken":[{"damage":2,"enemies":"Cultist","floor":1,"turns":4},{"damage":0,"enemies":"Small Slimes","floor":3,"turns":3},{"damage":1,"enemies":"Jaw Worm","floor":7,"turns":3},{"damage":12,"enemies":"3 Sentries","floor":8,"turns":8},{"damage":0,"enemies":"Looter","floor":11,"turns":1},{"damage":9,"enemies":"Exordium Thugs","floor":13,"turns":3},{"damage":9,"enemies":"Red Slaver","floor":14,"turns":2},{"damage":23,"enemies":"Slime Boss","floor":16,"turns":10},{"damage":0,"enemies":"Chosen","floor":18,"turns":3},{"damage":6,"enemies":"3 Byrds","floor":20,"turns":3},{"damage":19,"enemies":"Snake Plant","floor":22,"turns":4},{"damage":14,"enemies":"Shelled Parasite and Fungi","floor":24,"turns":4},{"damage":12,"enemies":"Centurion and Healer","floor":28,"turns":4},{"damage":0,"enemies":"Snake Plant","floor":29,"turns":4},{"damage":47,"enemies":"Automaton","floor":33,"turns":6}],"seed_played":"5795598175750542514","potions_obtained":[{"floor":7,"key":"Weak Potion"},{"floor":11,"key":"GhostInAJar"},{"floor":18,"key":"GamblersBrew"}],"is_trial":false,"path_per_floor":["M","$","M","?","$","R","M","E","T","R","M","R","M","M","R","B",null,"M","$","M","?","M","R","M","R","T","R","M","M","R","?","R"],"character_chosen":"THE_SILENT","items_purchased":["Dash","Footwork","Tiny Chest"],"campfire_rested":3,"item_purchase_floors":[2,19,19],"current_hp_per_floor":[61,61,61,58,58,58,57,45,45,45,45,45,36,27,48,25,59,59,59,53,37,18,18,4,25,25,25,13,13,34,34,34,0],"gold":140,"neow_bonus":"","is_prod":false,"is_daily":false,"chose_seed":false,"campfire_upgraded":6,"win_rate":0,"timestamp":1536792830,"path_taken":["M","?","?","?","?","R","M","E","T","R","M","R","M","?","R","BOSS","M","$","M","?","M","R","M","R","T","R","M","M","R","?","R","BOSS"],"build_version":"2018-09-10","purchased_purges":0,"victory":false,"max_hp_per_floor":[70,70,70,70,70,70,70,70,70,70,70,70,70,70,70,70,70,70,70,70,70,70,70,70,70,70,70,70,70,70,49,49,49],"card_choices":[{"not_picked":["Quick Slash","Expertise"],"picked":"Backstab","floor":1},{"not_picked":["Distraction","PiercingWail"],"picked":"Masterful Stab","floor":3},{"not_picked":["Dash","Deflect"],"picked":"Infinite Blades","floor":7},{"not_picked":["Backflip","Sucker Punch"],"picked":"Heel Hook","floor":8},{"not_picked":["Underhanded Strike","PiercingWail"],"picked":"Dagger Throw","floor":11},{"not_picked":["Sucker Punch","Crippling Poison","PiercingWail"],"picked":"SKIP","floor":13},{"not_picked":["Corpse Explosion","Riddle With Holes"],"picked":"Blade Dance","floor":14},{"not_picked":["Glass Knife","Grand Finale"],"picked":"Adrenaline","floor":16},{"not_picked":["Dagger Throw","Sucker Punch"],"picked":"Bane","floor":18},{"not_picked":["Cloak And Dagger","Quick Slash"],"picked":"Masterful Stab","floor":20},{"not_picked":["Caltrops+1","Acrobatics"],"picked":"Backflip+1","floor":22},{"not_picked":["Skewer","Grand Finale"],"picked":"Terror+1","floor":24},{"not_picked":["Dagger Spray","Predator"],"picked":"Finisher","floor":28},{"not_picked":["Choke","Acrobatics"],"picked":"Blade Dance","floor":29}],"player_experience":423420,"relics_obtained":[{"floor":8,"key":"Torii"},{"floor":9,"key":"Vajra"},{"floor":21,"key":"Nilry\u0027s Codex"},{"floor":26,"key":"Darkstone Periapt"}],"event_choices":[{"event_name":"Scrap Ooze","player_choice":"success","floor":4,"damage_taken":3},{"event_name":"Cursed Tome","player_choice":"Obtained Book","floor":21,"damage_taken":0},{"event_name":"Vampires","player_choice":"Became a vampire","floor":31,"damage_taken":0}],"is_beta":true,"boss_relics":[{"not_picked":["Philosopher\u0027s Stone","Coffee Dripper"],"picked":"Pandora\u0027s Box"}],"items_purged_floors":[],"is_endless":false,"potions_floor_spawned":[7,11,18,22,28],"killed_by":"Automaton","ascension_level":8}