{"path_per_floor":["M","$","?","M","M","R","M","M","T","E","R","M","$","E","R","B",null,"M","?","M","M","$"],"character_chosen":"IRONCLAD","items_purchased":["Flex","Sword Boomerang","Matryoshka","Iron Wave","SpeedPotion","Shrug It Off"],"gold_per_floor":[363,16,16,26,38,38,50,68,68,96,96,113,90,125,125,223,223,242,167,177,192,89,89],"floor_reached":23,"campfire_rested":0,"playtime":845,"item_purchase_floors":[2,2,2,13,22,22],"current_hp_per_floor":[39,39,23,29,31,31,37,37,37,38,38,34,34,33,33,11,63,58,58,58,27,27,0],"items_purged":[],"gold":89,"score":294,"play_id":"c701339b-936b-401c-8efd-209d833d6c36","local_time":"20180613233149","is_prod":false,"is_daily":false,"chose_seed":false,"is_ascension_mode":true,"campfire_upgraded":3,"win_rate":0,"timestamp":1528925509,"campfire_choices":[{"data":"Flex","floor":6,"key":"SMITH"},{"data":"Uppercut","floor":11,"key":"SMITH"},{"data":"Spot Weakness","floor":15,"key":"SMITH"}],"path_taken":["M","$","?","M","M","R","M","?","T","E","R","M","$","E","R","BOSS","M","?","M","M","$","E"],"build_version":"2018-06-13","seed_source_timestamp":53706547491461,"purchased_purges":0,"victory":false,"master_deck":["Strike_R","Strike_R+1","Strike_R","Strike_R","Defend_R","Defend_R","Defend_R","Defend_R+1","Bash","Sword Boomerang","Flex+1","Sword Boomerang","Uppercut+1","Twin Strike","Shrug It Off","Cleave","Spot Weakness+1","Iron Wave","Shrug It Off","Impervious","Thunderclap","Inflame","Inflame+1","Shrug It Off"],"max_hp_per_floor":[80,80,80,80,80,80,80,80,80,80,80,80,80,80,80,80,80,80,80,80,80,80,80],"special_seed":0,"relics":["Burning Blood","Matryoshka","Art of War","Shuriken","Darkstone Periapt","Vajra","Black Star"],"card_choices":[{"not_picked":["True Grit","Pommel Strike"],"picked":"Sword Boomerang","floor":1},{"not_picked":["Cleave","Pommel Strike"],"picked":"Uppercut","floor":4},{"not_picked":["Perfected Strike","Wild Strike"],"picked":"Twin Strike","floor":5},{"not_picked":["Twin Strike","Body Slam"],"picked":"Shrug It Off","floor":7},{"not_picked":["Corruption","Ghostly Armor"],"picked":"Cleave","floor":8},{"not_picked":["Feel No Pain","Fiend Fire","Searing Blow"],"picked":"SKIP","floor":10},{"not_picked":["Body Slam","Warcry"],"picked":"Spot Weakness","floor":12},{"not_picked":["Battle Trance","Twin Strike"],"picked":"Shrug It Off","floor":14},{"not_picked":["Offering","Exhume"],"picked":"Impervious","floor":16},{"not_picked":["Uppercut","Armaments"],"picked":"Thunderclap","floor":18},{"not_picked":["Warcry","Rage"],"picked":"Inflame","floor":20},{"not_picked":["Carnage+1","Evolve"],"picked":"Inflame+1","floor":21}],"player_experience":328063,"potions_floor_usage":[10,14,18,21,21,23],"damage_taken":[{"damage":3,"enemies":"2 Louse","floor":1,"turns":3},{"damage":0,"enemies":"Jaw Worm","floor":4,"turns":3},{"damage":4,"enemies":"Cultist","floor":5,"turns":3},{"damage":0,"enemies":"Exordium Thugs","floor":7,"turns":3},{"damage":6,"enemies":"Looter","floor":8,"turns":3},{"damage":5,"enemies":"3 Sentries","floor":10,"turns":4},{"damage":10,"enemies":"2 Fungi Beasts","floor":12,"turns":3},{"damage":7,"enemies":"Gremlin Nob","floor":14,"turns":3},{"damage":28,"enemies":"The Guardian","floor":16,"turns":9},{"damage":11,"enemies":"Shell Parasite","floor":18,"turns":5},{"damage":6,"enemies":"Spheric Guardian","floor":20,"turns":4},{"damage":37,"enemies":"Slaver and Parasite","floor":21,"turns":4},{"damage":28,"enemies":"Slavers","floor":23,"turns":3}],"relics_obtained":[{"floor":9,"key":"Art of War"},{"floor":9,"key":"Shuriken"},{"floor":10,"key":"Darkstone Periapt"},{"floor":14,"key":"Vajra"}],"event_choices":[{"event_name":"Shining Light","player_choice":"Entered Light","floor":3,"damage_taken":0},{"event_name":"Beggar","player_choice":"Gave Gold","floor":19,"damage_taken":0}],"boss_relics":[{"not_picked":["Ectoplasm","Empty Cage"],"picked":"Black Star"}],"items_purged_floors":[],"potions_floor_spawned":[4,8,10,14,20],"seed_played":"4562389694750990189","killed_by":"Slavers","ascension_level":9,"potions_obtained":[{"floor":4,"key":"Ancient Potion"},{"floor":8,"key":"Explosive Potion"},{"floor":10,"key":"Strength Potion"},{"floor":14,"key":"Block Potion"},{"floor":20,"key":"Strength Potion"}],"is_trial":false}