{"gold_per_floor":[367,22,35,47,47,81,81,113,188,203,203,238,251,269,269,344,344,364,414,174,185,85,85,135,135],"floor_reached":25,"playtime":898,"items_purged":["Strike_B","Strike_B"],"score":542,"play_id":"695224d6-52d4-43d2-b4c8-46cc48953353","local_time":"20190830120430","is_ascension_mode":true,"campfire_choices":[{"data":"Defragment","floor":7,"key":"SMITH"},{"floor":11,"key":"REST"},{"data":"Capacitor","floor":15,"key":"SMITH"},{"data":"Fission","floor":23,"key":"SMITH"}],"neow_cost":"PERCENT_DAMAGE","seed_source_timestamp":313170580865,"circlet_count":0,"master_deck":["AscendersBane","Strike_B","Defend_B","Defend_B","Defend_B","Defend_B","Zap","Dualcast","Rip and Tear","Doom and Gloom","Cold Snap","Capacitor+1","Ball Lightning","Defragment+1","Thunder Strike","Conserve Battery","Compile Driver","Chill","Cold Snap","Darkness","Fission+1","Genetic Algorithm","Turbo"],"relics":["Cracked Core","Bag of Preparation","Gambling Chip","Lantern","Question Card","Boot","Philosopher\u0027s Stone","Omamori"],"potions_floor_usage":[10,10,18,25],"damage_taken":[{"damage":7,"enemies":"Small Slimes","floor":1,"turns":4},{"damage":0,"enemies":"Cultist","floor":3,"turns":3},{"damage":0,"enemies":"Jaw Worm","floor":4,"turns":3},{"damage":19,"enemies":"Lagavulin","floor":6,"turns":7},{"damage":11,"enemies":"Gremlin Nob","floor":8,"turns":3},{"damage":7,"enemies":"Exordium Thugs","floor":10,"turns":5},{"damage":14,"enemies":"Lagavulin","floor":12,"turns":6},{"damage":0,"enemies":"Exordium Wildlife","floor":13,"turns":3},{"damage":0,"enemies":"2 Fungi Beasts","floor":14,"turns":2},{"damage":0,"enemies":"Hexaghost","floor":16,"turns":7},{"damage":13,"enemies":"3 Byrds","floor":18,"turns":5},{"damage":0,"enemies":"Spheric Guardian","floor":21,"turns":5},{"damage":62,"enemies":"Slavers","floor":25,"turns":4}],"seed_played":"4927080055747868951","potions_obtained":[{"floor":1,"key":"EssenceOfSteel"},{"floor":8,"key":"Dexterity Potion"},{"floor":10,"key":"Swift Potion"},{"floor":13,"key":"Fire Potion"}],"is_trial":false,"path_per_floor":["M","$","M","M","?","E","R","E","T","M","R","E","M","M","R","B",null,"M","?","$","M","$","R","?","E"],"character_chosen":"DEFECT","items_purchased":["Doom and Gloom","Cold Snap","Bag of Preparation","Capacitor","Omamori"],"campfire_rested":1,"item_purchase_floors":[2,2,2,2,20],"current_hp_per_floor":[39,39,39,39,39,20,20,9,9,2,23,9,9,9,9,9,56,43,43,43,43,43,43,43,0],"gold":135,"neow_bonus":"TWO_FIFTY_GOLD","is_prod":false,"is_daily":false,"chose_seed":false,"campfire_upgraded":3,"win_rate":0,"timestamp":1567159470,"path_taken":["M","$","M","M","?","E","R","E","T","M","R","E","M","?","R","BOSS","M","?","?","M","?","R","?","E"],"build_version":"2019-07-17","purchased_purges":2,"victory":false,"max_hp_per_floor":[71,71,71,71,71,71,71,71,71,71,71,71,71,71,71,71,71,71,71,71,71,71,71,71,71],"card_choices":[{"not_picked":["Stack","Go for the Eyes"],"picked":"Rip and Tear","floor":1},{"not_picked":["Redo","Barrage"],"picked":"Ball Lightning","floor":3},{"not_picked":["Steam","Undo"],"picked":"Defragment","floor":4},{"not_picked":["Beam Cell","Blizzard"],"picked":"Conserve Battery","floor":6},{"not_picked":["Steam","Sunder","Machine Learning"],"picked":"SKIP","floor":8},{"not_picked":["Skim","Beam Cell","Redo"],"picked":"Compile Driver","floor":10},{"not_picked":["Barrage","Rebound","Compile Driver"],"picked":"Chill","floor":12},{"not_picked":["Machine Learning","Barrage","Gash"],"picked":"Cold Snap","floor":13},{"not_picked":["Chaos","Rebound","Aggregate"],"picked":"Darkness","floor":14},{"not_picked":["Core Surge","Rainbow","Creative AI"],"picked":"Fission","floor":16},{"not_picked":["Stack","Redo","Turbo"],"picked":"Genetic Algorithm","floor":18},{"not_picked":["Lockon","Chill","Barrage"],"picked":"Turbo","floor":21}],"player_experience":1992397,"relics_obtained":[{"floor":6,"key":"Gambling Chip"},{"floor":8,"key":"Lantern"},{"floor":9,"key":"Question Card"},{"floor":12,"key":"Boot"}],"event_choices":[{"damage_healed":0,"gold_gain":0,"cards_transformed":["Strike_B"],"player_choice":"Transformed","damage_taken":0,"max_hp_gain":0,"max_hp_loss":0,"event_name":"Transmorgrifier","floor":5,"gold_loss":0,"cards_obtained":["Thunder Strike"]},{"damage_healed":0,"gold_gain":50,"player_choice":"Pray","damage_taken":0,"max_hp_gain":0,"max_hp_loss":0,"event_name":"Golden Shrine","floor":19,"gold_loss":0},{"damage_healed":0,"gold_gain":50,"player_choice":"Stole From Cult","damage_taken":0,"max_hp_gain":0,"max_hp_loss":0,"event_name":"Nest","floor":24,"gold_loss":0}],"is_beta":false,"boss_relics":[{"not_picked":["Snecko Eye","Coffee Dripper"],"picked":"Philosopher\u0027s Stone"}],"items_purged_floors":[20,22],"is_endless":false,"potions_floor_spawned":[1,8,10,13,14],"killed_by":"Slavers","ascension_level":20}