{"gold_per_floor":[115,115,135,154,154,182,182,55,55,89,103,114,114,128,128,199,199,213,213,223,60,72,89,89,119,119,119,153,2,31,51,51,130,130,141,188,5,25,25,25,53,70,70,103,103,119,25,42,42,42,42,42,42,42,77,77],"floor_reached":57,"playtime":3924,"items_purged":["Strike_G","Strike_G"],"score":3089,"play_id":"ce32e637-c1ac-43de-853c-157a62e03f36","local_time":"20190826124306","is_ascension_mode":true,"campfire_choices":[{"data":"Noxious Fumes","floor":7.0,"key":"SMITH"},{"floor":13.0,"key":"REST"},{"data":"Crippling Poison","floor":15.0,"key":"SMITH"},{"data":"Footwork","floor":24,"key":"SMITH"},{"floor":27,"key":"REST"},{"floor":32,"key":"REST"},{"data":"Apotheosis","floor":40,"key":"SMITH"},{"data":"Wraith Form v2","floor":45,"key":"SMITH"},{"floor":49,"key":"RECALL"},{"data":"Strike_G","floor":53,"key":"PURGE"}],"neow_cost":"NONE","seed_source_timestamp":528024352803,"circlet_count":0,"master_deck":["AscendersBane","Defend_G","Defend_G","Defend_G","Defend_G","Defend_G","Survivor","Neutralize","Quick Slash","Quick Slash","Footwork+1","Dagger Throw","Noxious Fumes+1","Crippling Poison+1","Backstab","Well Laid Plans","Backflip","PiercingWail","Die Die Die","Backflip","Catalyst","Poisoned Stab+1","Backflip","Footwork","Dodge and Roll","Catalyst+1","Wraith Form v2+1","Prepared+1","Dodge and Roll+1","Apotheosis+1","Cloak And Dagger+1","Blur+1","Adrenaline+1","PiercingWail+1","Footwork","PiercingWail+1","Leg Sweep+1"],"special_seed":0,"relics":["Ring of the Snake","Peace Pipe","Centennial Puzzle","Question Card","Gremlin Horn","Sozu","Dead Branch","Darkstone Periapt","Bottled Tornado","Philosopher\u0027s Stone","StoneCalendar","Toxic Egg 2","Happy Flower","Nunchaku"],"potions_floor_usage":[16,25],"damage_taken":[{"damage":0.0,"enemies":"Small Slimes","floor":1.0,"turns":5.0},{"damage":2.0,"enemies":"Cultist","floor":3.0,"turns":5.0},{"damage":1.0,"enemies":"2 Louse","floor":4.0,"turns":3.0},{"damage":30.0,"enemies":"3 Sentries","floor":6.0,"turns":14.0},{"damage":22.0,"enemies":"Lagavulin","floor":10.0,"turns":8.0},{"damage":0.0,"enemies":"Lots of Slimes","floor":11.0,"turns":3.0},{"damage":0.0,"enemies":"2 Fungi Beasts","floor":12.0,"turns":4.0},{"damage":5.0,"enemies":"Blue Slaver","floor":14.0,"turns":4.0},{"damage":2,"enemies":"The Guardian","floor":16,"turns":12},{"damage":5,"enemies":"Shell Parasite","floor":18,"turns":6},{"damage":5,"enemies":"Chosen","floor":20,"turns":6},{"damage":11,"enemies":"Snake Plant","floor":22,"turns":5},{"damage":4,"enemies":"Cultist and Chosen","floor":23,"turns":6},{"damage":31,"enemies":"Slavers","floor":25,"turns":4},{"damage":15,"enemies":"Gremlin Leader","floor":28,"turns":6},{"damage":0,"enemies":"Book of Stabbing","floor":30,"turns":6},{"damage":5,"enemies":"Shelled Parasite and Fungi","floor":31,"turns":5},{"damage":0,"enemies":"Champ","floor":33,"turns":8},{"damage":0,"enemies":"3 Shapes","floor":35,"turns":5},{"damage":27,"enemies":"2 Orb Walkers","floor":36,"turns":6},{"damage":8,"enemies":"3 Darklings","floor":38,"turns":4},{"damage":0,"enemies":"Giant Head","floor":41,"turns":8},{"damage":0,"enemies":"Jaw Worm Horde","floor":42,"turns":5},{"damage":0,"enemies":"Reptomancer","floor":44,"turns":7},{"damage":0,"enemies":"Sphere and 2 Shapes","floor":46,"turns":4},{"damage":8,"enemies":"Writhing Mass","floor":48,"turns":6},{"damage":10,"enemies":"Awakened One","floor":50,"turns":17},{"damage":0,"enemies":"Time Eater","floor":51,"turns":8},{"damage":8,"enemies":"Shield and Spear","floor":55,"turns":8},{"damage":26,"enemies":"The Heart","floor":56,"turns":12}],"seed_played":"8734476362205452939","potions_obtained":[{"floor":6.0,"key":"SkillPotion"},{"floor":10.0,"key":"Weak Potion"},{"floor":12.0,"key":"FearPotion"},{"floor":16,"key":"Strength Potion"}],"is_trial":false,"path_per_floor":["M","?","M","M","?","E","R","$","T","E","M","M","R","M","R","B",null,"M","?","M","$","M","M","R","E","T","R","E","$","E","M","R","B",null,"M","?","$","M","?","R","E","M","T","E","R","M","$","M","R","B","B",null,"R","$","E","B",null],"character_chosen":"THE_SILENT","items_purchased":["Crippling Poison","Backstab","Catalyst","Dodge and Roll","Apotheosis","PiercingWail+1","Footwork"],"campfire_rested":3,"item_purchase_floors":[8,8,21,29,37,47,47],"current_hp_per_floor":[65,60,58,57,57,27,27,27,27,5,5,5,26,21,21,19,59,54,54,49,49,38,34,34,3,3,24,9,9,9,4,25,25,60,60,33,33,25,25,25,25,25,25,25,25,25,25,17,17,7,7,56,56,56,48,22],"gold":77,"neow_bonus":"TEN_PERCENT_HP_BONUS","is_prod":false,"is_daily":false,"chose_seed":false,"campfire_upgraded":5,"win_rate":0,"timestamp":1566816186,"path_taken":["M","?","M","M","?","E","R","$","T","E","?","M","R","M","R","BOSS","M","?","M","$","?","M","R","E","T","R","E","$","E","M","R","BOSS","M","?","$","M","?","R","E","M","T","E","R","M","$","?","R","BOSS","BOSS","R","$","E","BOSS"],"build_version":"2019-07-17","purchased_purges":2,"victory":true,"max_hp_per_floor":[72,72,72,72,72,72,72,72,72,72,72,72,72,72,72,72,72,72,72,72,72,72,72,72,72,72,72,72,72,72,72,72,72,72,72,72,72,72,72,72,72,72,72,72,72,72,72,72,72,72,72,72,72,72,72,72],"card_choices":[{"not_picked":["Dodge and Roll","Concentrate"],"picked":"Quick Slash","floor":1.0},{"not_picked":["Deflect","Acrobatics"],"picked":"Quick Slash","floor":3.0},{"not_picked":["Deflect","Eviscerate"],"picked":"Footwork","floor":4.0},{"not_picked":["Blade Dance","Sucker Punch"],"picked":"Noxious Fumes","floor":6.0},{"not_picked":["A Thousand Cuts","Skewer","Distraction"],"picked":"Well Laid Plans","floor":10.0},{"not_picked":["PiercingWail","Deflect","Quick Slash"],"picked":"Backflip","floor":11.0},{"not_picked":["Distraction","Infinite Blades","Underhanded Strike"],"picked":"PiercingWail","floor":12.0},{"not_picked":["Setup","Finisher","Distraction","Well Laid Plans"],"picked":"SKIP","floor":14.0},{"not_picked":["Grand Finale","Storm of Steel","Night Terror"],"picked":"Die Die Die","floor":16},{"not_picked":["Underhanded Strike+1","Blade Dance","Dagger Spray"],"picked":"Backflip","floor":18},{"not_picked":["Slice","Heel Hook","Dagger Throw","Endless Agony"],"picked":"SKIP","floor":20},{"not_picked":["Blur","Underhanded Strike","Dagger Throw"],"picked":"Poisoned Stab+1","floor":22},{"not_picked":["PiercingWail","Outmaneuver","Poisoned Stab"],"picked":"Backflip","floor":23},{"not_picked":["Storm of Steel","Flying Knee","PiercingWail"],"picked":"Footwork","floor":25},{"not_picked":["Finisher","Quick Slash","All Out Attack","Riddle With Holes"],"picked":"SKIP","floor":28},{"not_picked":["Deflect","Outmaneuver","Bane"],"picked":"Catalyst+1","floor":30},{"not_picked":["Finisher","Flechettes","Prepared","Slice"],"picked":"SKIP","floor":31},{"not_picked":["Tools of the Trade","Venomology","Bullet Time"],"picked":"Wraith Form v2","floor":33},{"not_picked":["Bane","Acrobatics+1","Poisoned Stab"],"picked":"Prepared+1","floor":35},{"not_picked":["Outmaneuver+1","A Thousand Cuts","Tactician+1"],"picked":"Dodge and Roll+1","floor":36},{"not_picked":["Flying Knee","Choke","Tactician","Underhanded Strike"],"picked":"SKIP","floor":38},{"not_picked":["Unload","Blade Dance","Prepared"],"picked":"Cloak And Dagger","floor":41},{"not_picked":["Acrobatics+1","Caltrops","Leg Sweep+1"],"picked":"Blur+1","floor":42},{"not_picked":["Dash","Envenom","Distraction+1","Poisoned Stab"],"picked":"SKIP","floor":44},{"not_picked":["Sucker Punch","Dagger Throw","Backflip+1"],"picked":"Adrenaline+1","floor":46},{"not_picked":["Acrobatics+1","Well Laid Plans","Poisoned Stab"],"picked":"PiercingWail+1","floor":48},{"not_picked":["Dodge and Roll+1","Deflect+1","Dagger Throw"],"picked":"Leg Sweep+1","floor":55}],"player_experience":1971149,"relics_obtained":[{"floor":6.0,"key":"Centennial Puzzle"},{"floor":9.0,"key":"Question Card"},{"floor":10.0,"key":"Gremlin Horn"},{"floor":25,"key":"Dead Branch"},{"floor":26,"key":"Darkstone Periapt"},{"floor":28,"key":"Bottled Tornado"},{"floor":36,"key":"StoneCalendar"},{"floor":41,"key":"Toxic Egg 2"},{"floor":44,"key":"Happy Flower"},{"floor":55,"key":"Nunchaku"}],"event_choices":[{"damage_healed":0.0,"max_hp_gain":0.0,"max_hp_loss":0.0,"gold_gain":0.0,"event_name":"Scrap Ooze","player_choice":"Success","floor":2.0,"gold_loss":0.0,"damage_taken":5.0,"relics_obtained":["Peace Pipe"]},{"damage_healed":0.0,"max_hp_gain":0.0,"max_hp_loss":0.0,"gold_gain":0.0,"cards_transformed":["Strike_G"],"event_name":"Transmorgrifier","player_choice":"Transformed","floor":5.0,"gold_loss":0.0,"damage_taken":0.0,"cards_obtained":["Dagger Throw"]},{"damage_healed":0,"gold_gain":0,"player_choice":"Ignored","damage_taken":0,"max_hp_gain":0,"max_hp_loss":0,"event_name":"N\u0027loth","floor":19,"gold_loss":0},{"damage_healed":0,"gold_gain":0,"player_choice":"Fight","damage_taken":0,"max_hp_gain":0,"max_hp_loss":0,"event_name":"Mysterious Sphere","floor":36,"gold_loss":0},{"cards_removed":["Strike_G"],"damage_healed":0,"gold_gain":0,"player_choice":"Purged","damage_taken":0,"max_hp_gain":0,"max_hp_loss":0,"event_name":"Purifier","floor":39,"gold_loss":0}],"is_beta":false,"boss_relics":[{"not_picked":["Tiny House","Calling Bell"],"picked":"Sozu"},{"not_picked":["WristBlade","Runic Dome"],"picked":"Philosopher\u0027s Stone"}],"items_purged_floors":[21,29],"is_endless":false,"potions_floor_spawned":[6,10,11,12,16,23,25,28,31,35,38,41,42,55],"ascension_level":20}