{"gold_per_floor":[17,33,48,59,59,59,89,89,89,89,89,103,123,140,140,244,244,255,255,271,186,286,286,196,196,196,196,207,218,237,257,257,257],"floor_reached":33,"playtime":1079,"items_purged":[],"score":532,"play_id":"2a6d69bc-56ee-4986-ab4e-3dde79e75fc4","local_time":"20180929002421","is_ascension_mode":true,"campfire_choices":[{"data":"Searing Blow","floor":6.0,"key":"SMITH"},{"data":"Searing Blow+1","floor":8.0,"key":"SMITH"},{"data":"Searing Blow+2","floor":10.0,"key":"SMITH"},{"data":"Searing Blow+4","floor":15.0,"key":"SMITH"},{"data":"Searing Blow+5","floor":23.0,"key":"SMITH"},{"data":"Searing Blow+6","floor":25.0,"key":"SMITH"},{"data":"Searing Blow+7","floor":27.0,"key":"SMITH"},{"floor":32,"key":"REST"}],"neow_cost":"NO_GOLD","seed_source_timestamp":0,"circlet_count":0,"master_deck":["Strike_R","Strike_R","Strike_R","Strike_R","Strike_R","Defend_R","Defend_R","Defend_R","Defend_R","Bash","AscendersBane","Feed","Whirlwind","Perfected Strike","Clash","Searing Blow+8","Cleave+1","Thunderclap+1","Dropkick+1","Reaper+1","Iron Wave+1","Flame Barrier","Impatience","Battle Trance","Wild Strike+1","Pommel Strike+1"],"special_seed":0,"relics":["Burning Blood","Pantograph","Molten Egg 2","Black Star","Anchor","Bottled Lightning"],"potions_floor_usage":[31],"damage_taken":[{"damage":6.0,"enemies":"Cultist","floor":1.0,"turns":4.0},{"damage":12.0,"enemies":"Jaw Worm","floor":2.0,"turns":7.0},{"damage":5.0,"enemies":"Small Slimes","floor":3.0,"turns":3.0},{"damage":33.0,"enemies":"Exordium Thugs","floor":4.0,"turns":4.0},{"damage":25.0,"enemies":"3 Sentries","floor":7.0,"turns":7.0},{"damage":18.0,"enemies":"Gremlin Gang","floor":12.0,"turns":2.0},{"damage":0.0,"enemies":"Large Slime","floor":13.0,"turns":2.0},{"damage":11.0,"enemies":"Looter","floor":14.0,"turns":2.0},{"damage":0.0,"enemies":"Slime Boss","floor":16.0,"turns":4.0},{"damage":17.0,"enemies":"2 Thieves","floor":18.0,"turns":3.0},{"damage":57.0,"enemies":"Shell Parasite","floor":20.0,"turns":6.0},{"damage":24.0,"enemies":"Snake Plant","floor":28.0,"turns":3.0},{"damage":29.0,"enemies":"Sentry and Sphere","floor":29.0,"turns":4.0},{"damage":10,"enemies":"Shelled Parasite and Fungi","floor":30,"turns":3},{"damage":6,"enemies":"Chosen and Byrds","floor":31,"turns":6},{"damage":95,"enemies":"Automaton","floor":33,"turns":6}],"seed_played":"9074219229857881505","potions_obtained":[{"floor":1.0,"key":"EssenceOfSteel"},{"floor":2.0,"key":"Strength Potion"},{"floor":12.0,"key":"GamblersBrew"},{"floor":14.0,"key":"Regen Potion"},{"floor":19.0,"key":"Fruit Juice"},{"floor":19.0,"key":"SneckoOil"},{"floor":30,"key":"Block Potion"}],"is_trial":false,"path_per_floor":["M","M","M","M","$","R","E","R","T","R","?","M","M","M","R","B",null,"M","?","M","?","?","R","$","R","T","R","M","M","M","M","R"],"character_chosen":"IRONCLAD","items_purchased":["Impatience"],"campfire_rested":1,"item_purchase_floors":[24],"current_hp_per_floor":[75,72,76,52,52,52,36,36,36,36,36,27,33,28,28,62,91,83,88,40,40,40,40,40,40,40,40,22,11,7,10,43,0],"gold":257,"neow_bonus":"THREE_RARE_CARDS","is_prod":false,"is_daily":false,"chose_seed":false,"campfire_upgraded":7,"win_rate":0,"timestamp":1538173461,"path_taken":["M","M","M","?","$","R","E","R","T","R","?","M","?","M","R","BOSS","M","?","?","?","?","R","$","R","T","R","M","M","M","?","R","BOSS"],"build_version":"2018-09-27","purchased_purges":0,"victory":false,"max_hp_per_floor":[83,86,89,92,92,92,95,95,95,95,95,98,98,98,98,101,101,104,109,112,112,112,112,112,112,112,112,112,112,112,112,112,112],"card_choices":[{"not_picked":["Limit Break","Double Tap"],"picked":"Feed","floor":0.0},{"not_picked":["Disarm","Sword Boomerang"],"picked":"Whirlwind","floor":1.0},{"not_picked":["Anger","Headbutt"],"picked":"Perfected Strike","floor":2.0},{"not_picked":["Seeing Red","Pummel"],"picked":"Clash","floor":3.0},{"not_picked":["Armaments","Bloodletting"],"picked":"Searing Blow","floor":4.0},{"not_picked":["Heavy Blade","Reckless Charge","Havoc"],"picked":"SKIP","floor":7.0},{"not_picked":["Pommel Strike+1","Seeing Red"],"picked":"Cleave+1","floor":12.0},{"not_picked":["Intimidate","Body Slam+1"],"picked":"Thunderclap+1","floor":13.0},{"not_picked":["Armaments","Bludgeon+1"],"picked":"Dropkick+1","floor":14.0},{"not_picked":["Fiend Fire+1","Juggernaut"],"picked":"Reaper+1","floor":16.0},{"not_picked":["Flex","Cleave+1"],"picked":"Iron Wave+1","floor":18.0},{"not_picked":["Iron Wave+1","Thunderclap+1"],"picked":"Flame Barrier","floor":20.0},{"not_picked":["Clash+1","Perfected Strike+1"],"picked":"Battle Trance","floor":28.0},{"not_picked":["Thunderclap+1","Rupture","Warcry"],"picked":"SKIP","floor":29.0},{"not_picked":["Berserk","Evolve"],"picked":"Wild Strike+1","floor":30},{"not_picked":["Sword Boomerang+1","Uppercut+1"],"picked":"Pommel Strike+1","floor":31}],"player_experience":555850,"relics_obtained":[{"floor":7.0,"key":"Pantograph"},{"floor":9.0,"key":"Molten Egg 2"},{"floor":26.0,"key":"Bottled Lightning"}],"event_choices":[{"event_name":"Upgrade Shrine","player_choice":"Upgraded","floor":11.0,"damage_taken":0.0},{"event_name":"The Lab","player_choice":"Got Potions","floor":19.0,"damage_taken":0.0},{"event_name":"Addict","player_choice":"Obtained Relic","floor":21.0,"damage_taken":0.0},{"event_name":"Golden Shrine","player_choice":"Pray","floor":22.0,"damage_taken":0.0}],"is_beta":true,"boss_relics":[{"not_picked":["Black Blood","Eternal Feather"],"picked":"Black Star"}],"items_purged_floors":[],"is_endless":false,"potions_floor_spawned":[1,2,12,14,18,28,30],"killed_by":"Automaton","ascension_level":12}