{"path_per_floor":["M","$","M","M","M","E","R","E","T","M","?","?","?","$","R"],"character_chosen":"DEFECT","items_purchased":["Dramatic Entrance","Self Repair"],"gold_per_floor":[116,12,27,41,57,92,92,118,118,130,130,95,95,27,27,27],"floor_reached":16,"campfire_rested":0,"playtime":872,"current_hp_per_floor":[75,75,74,71,67,48,48,19,19,16,16,34,34,34,34,0],"items_purged":[],"gold":27,"score":116,"play_id":"3d3427b3-3487-45d4-ba68-4a793d3a8181","local_time":"20180516230327","is_prod":false,"is_daily":false,"chose_seed":false,"is_ascension_mode":true,"campfire_upgraded":2,"timestamp":1526504607,"path_taken":["M","$","M","M","M","E","R","E","T","M","?","?","?","?","R","BOSS"],"build_version":"2018-05-15","seed_source_timestamp":49684526379493,"purchased_purges":0,"victory":false,"master_deck":["Strike_B","Strike_B","Strike_B","Strike_B","Defend_B","Defend_B","Defend_B","Zap","Dualcast","Redo+1","Dramatic Entrance","Static Discharge","Go for the Eyes","Cold Snap","Electrodynamics+1","Rip and Tear","Darkness","Self Repair+1"],"max_hp_per_floor":[75,75,75,75,75,75,75,75,75,75,75,75,75,75,75,75],"relics":["Cracked Core","Calipers","Bottled Flame","Frozen Egg 2"],"card_choices":[{"not_picked":["Hologram","Go for the Eyes"],"picked":"Redo","floor":1},{"not_picked":["Steam","Coolheaded"],"picked":"Static Discharge","floor":3},{"not_picked":["Axe Kick","Hologram"],"picked":"Go for the Eyes","floor":4},{"not_picked":["Axe Kick","Sweeping Beam"],"picked":"Cold Snap","floor":5},{"not_picked":["Glacier","Storm"],"picked":"Electrodynamics","floor":6},{"not_picked":["Go for the Eyes","Steam Power"],"picked":"Rip and Tear","floor":8},{"not_picked":["Leap","Capacitor+1"],"picked":"Darkness","floor":10}],"player_experience":139008,"potions_floor_usage":[8,16],"damage_taken":[{"damage":0,"enemies":"Small Slimes","floor":1,"turns":2},{"damage":1,"enemies":"Cultist","floor":3,"turns":3},{"damage":3,"enemies":"Jaw Worm","floor":4,"turns":3},{"damage":4,"enemies":"2 Fungi Beasts","floor":5,"turns":4},{"damage":19,"enemies":"3 Sentries","floor":6,"turns":6},{"damage":29,"enemies":"Gremlin Nob","floor":8,"turns":4},{"damage":3,"enemies":"Large Slime","floor":10,"turns":5},{"damage":35,"enemies":"The Guardian","floor":16,"turns":4}],"relics_obtained":[{"floor":6,"key":"Calipers"},{"floor":8,"key":"Bottled Flame"},{"floor":9,"key":"Frozen Egg 2"}],"event_choices":[{"event_name":"Bonfire Elementals","player_choice":"BASIC","floor":11,"damage_taken":0},{"event_name":"The Cleric","player_choice":"Healed","floor":12,"damage_taken":0},{"event_name":"The Woman in Blue","player_choice":"Bought 0 Potions","floor":13,"damage_taken":0}],"boss_relics":[],"potions_floor_spawned":[4,5,8,10],"seed_played":"9121099882588083452","killed_by":"The Guardian","ascension_level":1,"potions_obtained":[{"floor":4,"key":"FearPotion"},{"floor":5,"key":"PowerPotion"},{"floor":8,"key":"GamblersBrew"},{"floor":10,"key":"GamblersBrew"}],"is_trial":false}