{"gold_per_floor":[209,219,234,56,76,110,125,227,227,254,278,295,295,320,320,395,395,413,413,424,348,360,390,405,405,405,158,188,188,188,213,213,286,286,298,167,286,300,151,179,179,214,295,329,606,160,188,188,188,264,362,362,376,156,176,189,204,241,241,31,31,31,44,70,70,87,87,161,161,177,196,196,210,228,228,256,256,256,306,306,349,349,379,379,451,451,466,426,444,444,456,487,487,507,507,539,454,454,484,497,497,686,760,760,773,787,809,809,809,809,838,175,201,233,247,247,197,215,215,294,294,309,326,54,74,74,100,100,205,205,205,231,250,275,285,285,359,359,371,384,20,20,20,46,46,58,58,90,107,135,145,161,161,161],"floor_reached":154,"playtime":12045,"items_purged":["Parasite","Strike_R+1"],"score":10001,"play_id":"c97b918b-a069-4c4a-b9be-e18466fdf90d","local_time":"20190219122359","is_ascension_mode":true,"campfire_choices":[{"data":"Inflame","floor":15.0,"key":"SMITH"},{"data":"Demon Form","floor":25.0,"key":"SMITH"},{"data":"Demon Form","floor":29.0,"key":"SMITH"},{"data":"Combust","floor":32.0,"key":"SMITH"},{"floor":41.0,"key":"REST"},{"data":"RitualDagger","floor":49.0,"key":"SMITH"},{"data":"Juggernaut","floor":59.0,"key":"SMITH"},{"data":"Feel No Pain","floor":62.0,"key":"SMITH"},{"data":"Shockwave","floor":65.0,"key":"SMITH"},{"data":"Disarm","floor":67.0,"key":"SMITH"},{"data":"Double Tap","floor":75.0,"key":"SMITH"},{"data":"Demon Form","floor":77.0,"key":"SMITH"},{"data":"Immolate","floor":82.0,"key":"SMITH"},{"data":"Perfected Strike","floor":84.0,"key":"SMITH"},{"data":"Whirlwind","floor":93.0,"key":"SMITH"},{"data":"Juggernaut","floor":101.0,"key":"SMITH"},{"data":"Feed","floor":110.0,"key":"SMITH"},{"data":"Bash","floor":119.0,"key":"SMITH"},{"floor":128.0,"key":"RECALL"},{"data":"Metallicize","floor":136.0,"key":"SMITH"},{"data":"Metallicize","floor":145.0,"key":"SMITH"},{"data":"Panache","floor":153.0,"key":"SMITH"}],"neow_cost":"NONE","seed_source_timestamp":0,"circlet_count":56,"master_deck":["AscendersBane","Strike_R+1","Strike_R+1","Strike_R+1","Defend_R+1","Defend_R+1","Defend_R+1","Defend_R+1","Bash+1","Madness","Twin Strike","Hemokinesis+1","Immolate+1","Metallicize+1","Disarm+1","Double Tap+1","Rupture","Inflame+1","Exhume","Clothesline","Twin Strike","Sever Soul","Heavy Blade","Demon Form+1","Combust+1","Panache+1","Shrug It Off","Heavy Blade","RitualDagger+1","Impervious","Reaper","Body Slam","Shockwave+1","Body Slam","Reaper","Feel No Pain+1","Feel No Pain+1","Double Tap+1","Pommel Strike","Impervious+1","Shrug It Off+1","Bludgeon+1","Bludgeon","Juggernaut+1","Body Slam","Disarm+1","Dual Wield+1","Shrug It Off+1","Madness","Spot Weakness+1","Apotheosis+1","Barricade","Shrug It Off+1","Disarm+1","Limit Break+1","Entrench+1","Clothesline","Ghostly+1","Ghostly+1","Ghostly+1","Shrug It Off+1","Shrug It Off+1","Demon Form+1","Madness+1","Perfected Strike+1","Feed+1","Shockwave+1","Shrug It Off+1","Rage+1","Fire Breathing+1","Whirlwind+1","Flame Barrier+1","Juggernaut+1","Madness+1","Magnetism","Pummel+1","Clash+1","Dark Embrace","Limit Break+1","Perfected Strike+1","Infernal Blade+1","Bludgeon+1","Entrench+1","Body Slam+1","Madness+1","Body Slam+1","Perfected Strike+1","Heavy Blade+1","Rage+1","Madness+1","Heavy Blade+1","Ghostly+1","Ghostly+1","Ghostly+1","Disarm+1","Fiend Fire+1","Metallicize+1","Armaments+1","Impervious+1","Limit Break+1","Shockwave+1","Bludgeon+1","Shrug It Off+1","Inflame+1","Flame Barrier+1"],"special_seed":0,"relics":["Burning Blood","Nunchaku","Bronze Scales","Circlet","Odd Mushroom","Bottled Tornado","Question Card","Bag of Preparation","Self Forming Clay","White Beast Statue","Thread and Needle","Boot","Toxic Egg 2","Chemical X","Meat on the Bone","Incense Burner","Kunai","Paper Frog","Smiling Mask","Orichalcum","Oddly Smooth Stone","Dodecahedron","Anchor","Molten Egg 2","Whetstone","Dead Branch","Magic Flower","Charon\u0027s Ashes","Calipers","FossilizedHelix","Red Skull","CultistMask","Eternal Feather","Bottled Lightning","Blood Vial","Matryoshka","Happy Flower","Tiny Chest","Strawberry","Bottled Flame","Mercury Hourglass"],"potions_floor_usage":[],"damage_taken":[{"damage":1.0,"enemies":"infinitespire:Voidling","floor":1.0,"turns":3.0},{"damage":7.0,"enemies":"2 Louse","floor":2.0,"turns":2.0},{"damage":4.0,"enemies":"Small Slimes","floor":3.0,"turns":3.0},{"damage":1.0,"enemies":"3 Louse","floor":5.0,"turns":2.0},{"damage":5.0,"enemies":"3 Sentries","floor":6.0,"turns":6.0},{"damage":0.0,"enemies":"2 Fungi Beasts","floor":7.0,"turns":2.0},{"damage":32.0,"enemies":"Gremlin Nob","floor":8.0,"turns":4.0},{"damage":11.0,"enemies":"3 Sentries","floor":10.0,"turns":3.0},{"damage":6.0,"enemies":"The Mushroom Lair","floor":11.0,"turns":3.0},{"damage":10.0,"enemies":"Blue Slaver","floor":12.0,"turns":3.0},{"damage":20.0,"enemies":"Gremlin Nob","floor":14.0,"turns":4.0},{"damage":21.0,"enemies":"Hexaghost","floor":16.0,"turns":8.0},{"damage":1.0,"enemies":"Chosen","floor":18.0,"turns":3.0},{"damage":10.0,"enemies":"Spheric Guardian","floor":20.0,"turns":4.0},{"damage":0.0,"enemies":"Snecko","floor":22.0,"turns":3.0},{"damage":18.0,"enemies":"Slavers","floor":23.0,"turns":3.0},{"damage":9.0,"enemies":"Centurion and Healer","floor":24.0,"turns":3.0},{"damage":5.0,"enemies":"Gremlin Leader","floor":28.0,"turns":3.0},{"damage":21.0,"enemies":"Slavers","floor":31.0,"turns":2.0},{"damage":29.0,"enemies":"Collector","floor":33.0,"turns":5.0},{"damage":0.0,"enemies":"3 Darklings","floor":35.0,"turns":3.0},{"damage":0.0,"enemies":"Orb Walker","floor":37.0,"turns":2.0},{"damage":0.0,"enemies":"Transient","floor":38.0,"turns":6.0},{"damage":62.0,"enemies":"Nightmare","floor":40.0,"turns":5.0},{"damage":5.0,"enemies":"Giant Head","floor":42.0,"turns":5.0},{"damage":13.0,"enemies":"Reptomancer","floor":44.0,"turns":5.0},{"damage":32.0,"enemies":"4 Shapes","floor":45.0,"turns":3.0},{"damage":0.0,"enemies":"Nemesis","floor":47.0,"turns":5.0},{"damage":0.0,"enemies":"infinitespire:MassOfShapes","floor":50.0,"turns":3.0},{"damage":44.0,"enemies":"Awakened One","floor":51.0,"turns":7.0},{"damage":0.0,"enemies":"Small Slimes","floor":53.0,"turns":1.0},{"damage":0.0,"enemies":"Jaw Worm","floor":55.0,"turns":3.0},{"damage":0.0,"enemies":"2 Louse","floor":56.0,"turns":1.0},{"damage":6.0,"enemies":"Looter","floor":57.0,"turns":2.0},{"damage":24.0,"enemies":"Nightmare","floor":58.0,"turns":5.0},{"damage":0.0,"enemies":"Large Slime","floor":63.0,"turns":1.0},{"damage":0.0,"enemies":"Gremlin Nob","floor":64.0,"turns":2.0},{"damage":0.0,"enemies":"Exordium Thugs","floor":66.0,"turns":5.0},{"damage":0.0,"enemies":"Hexaghost","floor":68.0,"turns":4.0},{"damage":0.0,"enemies":"Chosen","floor":70.0,"turns":3.0},{"damage":0.0,"enemies":"3 Byrds","floor":71.0,"turns":2.0},{"damage":0.0,"enemies":"Centurion and Healer","floor":73.0,"turns":2.0},{"damage":0.0,"enemies":"Chosen and Byrds","floor":74.0,"turns":2.0},{"damage":0.0,"enemies":"Gremlin Leader","floor":76.0,"turns":5.0},{"damage":7.0,"enemies":"Nightmare","floor":81.0,"turns":6.0},{"damage":2.0,"enemies":"Book of Stabbing","floor":83.0,"turns":2.0},{"damage":0.0,"enemies":"Champ","floor":85.0,"turns":2.0},{"damage":0.0,"enemies":"3 Darklings","floor":87.0,"turns":2.0},{"damage":0.0,"enemies":"Orb Walker","floor":89.0,"turns":2.0},{"damage":0.0,"enemies":"Writhing Mass","floor":91.0,"turns":3.0},{"damage":0.0,"enemies":"Nightmare","floor":92.0,"turns":4.0},{"damage":0.0,"enemies":"Sphere and 2 Shapes","floor":94.0,"turns":1.0},{"damage":0.0,"enemies":"Giant Head","floor":96.0,"turns":5.0},{"damage":0.0,"enemies":"Nemesis","floor":99.0,"turns":3.0},{"damage":0.0,"enemies":"Jaw Worm Horde","floor":100.0,"turns":2.0},{"damage":19.0,"enemies":"infinitespire:MassOfShapes","floor":102.0,"turns":7.0},{"damage":0.0,"enemies":"Donu and Deca","floor":103.0,"turns":3.0},{"damage":0.0,"enemies":"Jaw Worm","floor":105.0,"turns":1.0},{"damage":0.0,"enemies":"2 Louse","floor":106.0,"turns":1.0},{"damage":0.0,"enemies":"The Mushroom Lair","floor":107.0,"turns":1.0},{"damage":0.0,"enemies":"Nightmare","floor":111.0,"turns":1.0},{"damage":0.0,"enemies":"3 Sentries","floor":114.0,"turns":1.0},{"damage":0.0,"enemies":"Small Slimes","floor":115.0,"turns":1.0},{"damage":0.0,"enemies":"Exordium Wildlife","floor":118.0,"turns":1.0},{"damage":0.0,"enemies":"LordOfAnnihilation","floor":120.0,"turns":11.0},{"damage":0.0,"enemies":"2 Thieves","floor":122.0,"turns":1.0},{"damage":0.0,"enemies":"3 Byrds","floor":123.0,"turns":1.0},{"damage":0.0,"enemies":"Snecko","floor":125.0,"turns":1.0},{"damage":0.0,"enemies":"Gremlin Leader","floor":127.0,"turns":1.0},{"damage":0.0,"enemies":"Nightmare_Alpha","floor":129.0,"turns":5.0},{"damage":0.0,"enemies":"Book of Stabbing","floor":132.0,"turns":1.0},{"damage":0.0,"enemies":"Shelled Parasite and Fungi","floor":133.0,"turns":1.0},{"damage":0.0,"enemies":"Gremlin Leader","floor":134.0,"turns":2.0},{"damage":0.0,"enemies":"Chosen and Byrds","floor":135.0,"turns":1.0},{"damage":0.0,"enemies":"hubris:MusketHawk","floor":137.0,"turns":2.0},{"damage":0.0,"enemies":"3 Shapes","floor":139.0,"turns":1.0},{"damage":0.0,"enemies":"Orb Walker","floor":140.0,"turns":2.0},{"damage":0.0,"enemies":"Giant Head","floor":144.0,"turns":2.0},{"damage":0.0,"enemies":"Maw","floor":146.0,"turns":3.0},{"damage":0.0,"enemies":"Reptomancer","floor":148.0,"turns":1.0},{"damage":0.0,"enemies":"Writhing Mass","floor":149.0,"turns":2.0},{"damage":0.0,"enemies":"Giant Head","floor":150.0,"turns":2.0},{"damage":0.0,"enemies":"Transient","floor":151.0,"turns":3.0},{"damage":0.0,"enemies":"Jaw Worm Horde","floor":152.0,"turns":1.0},{"damage":0,"enemies":"LordOfAnnihilation","floor":154,"turns":1}],"seed_played":"8053989663046927606","potions_obtained":[{"floor":1.0,"key":"Swift Potion"},{"floor":3.0,"key":"Fire Potion"},{"floor":7.0,"key":"Regen Potion"},{"floor":12.0,"key":"Fire Potion"},{"floor":16.0,"key":"Energy Potion"},{"floor":35.0,"key":"AttackPotion"},{"floor":40.0,"key":"infinitespire:BlackPotion"},{"floor":96.0,"key":"EssenceOfSteel"},{"floor":111.0,"key":"infinitespire:BlackPotion"},{"floor":123.0,"key":"FairyPotion"}],"is_trial":false,"path_per_floor":["M","M","M","$","M","E","M","E","T","E","?","M","?","E","R","B",null,"M","?","M","$","M","E","M","R","T","$","E","R","?","E","R","B",null,"M","?","M","M","$","NM","R","E","T","E","M","$","E","?","R","B","B",null,"M","$","M","M","M","NM","R","$","T","R","M","E","R","M","R","B",null,"M","M","?","M","M","R","E","R","T","?","$","NM","R","E","R","B",null,"M","?","M","?","M","NM","R","M","T","E","$","T","E","M","R","B","B",null,"M","M","?","?","?","R","NM","$","T","E","M","?","$","M","R","B",null,"M","M","$","M","$","E","R","NM","T","?","E","M","E","M","R","B",null,"M","M","$","?","$","E","R","M","T","E","M","E","M","M","R","B"],"character_chosen":"IRONCLAD","items_purchased":["Immolate","Sever Soul","Panache","Shrug It Off","Reaper","hubris:Zylophone","Impervious+1","Shrug It Off+1","Chemical X","Apotheosis+1","Magnetism","Calipers","FossilizedHelix","Bottled Lightning","Tiny Chest","Impervious+1"],"campfire_rested":1,"item_purchase_floors":[4,21,27,27,39,46,46,46,54,60,97,112,112,124,141,141],"current_hp_per_floor":[73,72,74,74,75,75,75,49,49,44,44,40,40,26,26,11,59,64,64,60,60,66,54,51,51,51,51,52,52,46,31,31,8,58,75,75,75,75,75,19,56,75,75,75,75,75,75,71,71,71,71,71,71,71,71,71,71,61,61,61,61,61,67,71,71,71,71,71,71,71,71,35,35,35,35,35,35,35,35,35,35,35,35,35,35,35,35,35,35,35,35,35,35,35,35,35,35,35,35,35,35,35,38,38,38,38,38,38,38,38,38,38,38,38,38,38,35,35,35,35,35,35,35,35,35,35,35,35,35,35,17,17,17,17,17,17,17,17,17,17,17,17,17,17,17,17,17,17,17,17,17,17,17,17],"gold":161,"neow_bonus":"HUNDRED_GOLD","is_prod":false,"is_daily":false,"chose_seed":false,"campfire_upgraded":20,"win_rate":0,"timestamp":1550575439,"path_taken":["M","M","?","$","?","E","M","E","T","E","?","M","?","E","R","BOSS","M","?","M","$","M","E","M","R","T","$","E","R","?","E","R","BOSS","M","?","M","M","$","NM","R","E","T","E","M","?","E","?","R","BOSS","BOSS","M","$","M","M","M","NM","R","$","T","R","M","E","R","M","R","BOSS","M","M","?","M","M","R","E","R","T","?","$","NM","R","E","R","BOSS","M","?","?","?","M","NM","R","M","T","E","$","?","E","M","R","BOSS","BOSS","M","M","?","?","?","R","NM","$","T","E","M","?","$","M","R","BOSS","M","M","$","M","?","E","R","NM","T","?","E","M","E","M","R","BOSS","M","M","$","?","?","E","R","M","T","E","M","E","M","M","R","BOSS"],"build_version":"2019-01-23","purchased_purges":2,"victory":false,"max_hp_per_floor":[75,75,75,75,75,75,75,75,75,75,75,75,75,75,75,75,75,75,75,75,75,75,75,75,75,75,75,75,75,75,75,75,75,75,75,75,75,75,75,75,75,75,75,75,75,75,75,71,71,71,71,71,71,71,71,71,71,71,71,71,71,71,71,71,71,71,71,71,71,71,71,35,35,35,35,35,35,35,35,35,35,35,35,35,35,35,35,35,35,35,35,35,35,35,35,35,35,35,35,35,35,35,38,38,38,38,38,38,38,38,38,38,38,38,38,38,35,35,35,35,35,35,35,35,35,35,35,35,35,35,17,17,17,17,17,17,17,17,17,17,17,17,17,17,17,17,17,17,17,17,17,17,17,17],"card_choices":[{"not_picked":["Twin Strike","Armaments"],"picked":"hubris:CleavingFinish","floor":1.0},{"not_picked":["hubris:ReadiedAction","Cleave"],"picked":"Twin Strike","floor":2.0},{"not_picked":["Corruption","Iron Wave"],"picked":"Hemokinesis","floor":3.0},{"not_picked":["Sever Soul","Heavy Blade"],"picked":"Metallicize","floor":5.0},{"not_picked":["hubris:ReadiedAction","Clash"],"picked":"Brutality","floor":6.0},{"not_picked":["Sword Boomerang","Clash"],"picked":"Disarm","floor":7.0},{"not_picked":["Sword Boomerang","True Grit"],"picked":"Demon Form","floor":8.0},{"not_picked":["Cleave","Clothesline"],"picked":"Double Tap","floor":10.0},{"not_picked":["Armaments","Flame Barrier"],"picked":"Rupture","floor":11.0},{"not_picked":["Clothesline","Iron Wave","Flex"],"picked":"SKIP","floor":12.0},{"not_picked":["Heavy Blade","Body Slam"],"picked":"Inflame","floor":14.0},{"not_picked":["Berserk","Bludgeon","Demon Form"],"picked":"Exhume","floor":16.0},{"not_picked":["Thunderclap","Shrug It Off","Dropkick"],"picked":"Clothesline","floor":18.0},{"not_picked":["Iron Wave","Warcry","Bloodletting"],"picked":"Twin Strike","floor":20.0},{"not_picked":["Metallicize","Combust","Fire Breathing"],"picked":"Heavy Blade","floor":22.0},{"not_picked":["Battle Trance","Perfected Strike","Flex"],"picked":"Demon Form","floor":23.0},{"not_picked":["Warcry","Searing Blow","Perfected Strike"],"picked":"Combust","floor":24.0},{"not_picked":["Rampage","Battle Trance","Flex"],"picked":"Heavy Blade","floor":28.0},{"not_picked":["Spot Weakness+1","Blood for Blood+1","Entrench"],"picked":"Impervious","floor":31.0},{"not_picked":["Impervious","Feed","Fiend Fire"],"picked":"Reaper","floor":33.0},{"not_picked":["hubris:ReadiedAction+1","Burning Pact+1","Warcry"],"picked":"Body Slam","floor":35.0},{"not_picked":["Twin Strike","Hemokinesis+1","Headbutt+1"],"picked":"Shockwave","floor":37.0},{"not_picked":["True Grit+1","Twin Strike","Clothesline"],"picked":"Body Slam","floor":38.0},{"not_picked":["Body Slam","Sword Boomerang","Pommel Strike"],"picked":"Feel No Pain","floor":40.0},{"not_picked":["Cleave","Hemokinesis","Body Slam"],"picked":"Feel No Pain+1","floor":42.0},{"not_picked":["Clash+1","Shrug It Off+1","hubris:CleavingFinish+1"],"picked":"Double Tap+1","floor":44.0},{"not_picked":["hubris:ReadiedAction+1","Clash","Anger"],"picked":"Pommel Strike","floor":45.0},{"not_picked":["Headbutt","Armaments+1","hubris:CleavingFinish"],"picked":"Bludgeon","floor":47.0},{"not_picked":["Dark Embrace","Feed","Impervious+1"],"picked":"Bludgeon","floor":50.0},{"not_picked":["Barricade","Double Tap+1","Bludgeon"],"picked":"Juggernaut","floor":51.0},{"not_picked":["Cleave","Iron Wave","hubris:CleavingFinish"],"picked":"Body Slam","floor":53.0},{"not_picked":["Shrug It Off+1","Hemokinesis","Brutality"],"picked":"Disarm+1","floor":55.0},{"not_picked":["Armaments+1","Pommel Strike","Corruption"],"picked":"Dual Wield+1","floor":56.0},{"not_picked":["Havoc+1","Twin Strike","Pommel Strike"],"picked":"Shrug It Off+1","floor":57.0},{"not_picked":["infinitespire:Punishment","infinitespire:FutureSight"],"picked":"infinitespire:FinalStrike","floor":58.0},{"not_picked":["Twin Strike","Rampage","Pommel Strike"],"picked":"Spot Weakness+1","floor":58.0},{"not_picked":["Evolve","Intimidate+1","Iron Wave"],"picked":"Barricade","floor":63.0},{"not_picked":["Flex+1","Flame Barrier+1","Heavy Blade"],"picked":"Shrug It Off+1","floor":64.0},{"not_picked":["Anger","Perfected Strike","Headbutt"],"picked":"Disarm+1","floor":66.0},{"not_picked":["hubris:StunningStrike","Juggernaut","Brutality"],"picked":"Limit Break+1","floor":68.0},{"not_picked":["Blood for Blood","Anger+1","Armaments+1"],"picked":"Entrench+1","floor":70.0},{"not_picked":["hubris:CleavingFinish","Flex+1","Burning Pact+1"],"picked":"Clothesline","floor":71.0},{"not_picked":["Anger","Rage+1","Searing Blow+1"],"picked":"Shrug It Off+1","floor":73.0},{"not_picked":["Carnage","Heavy Blade","hubris:ReadiedAction+1"],"picked":"Shrug It Off+1","floor":74.0},{"not_picked":["Pommel Strike","Blood for Blood+1","Wild Strike+1"],"picked":"Demon Form","floor":76.0},{"not_picked":["infinitespire:Gouge","infinitespire:Execution"],"picked":"hubris:Rewind","floor":81.0},{"not_picked":["Havoc+1","Thunderclap+1","Rupture","Warcry+1"],"picked":"SKIP","floor":81.0},{"not_picked":["Fire Breathing","Rupture","Ghostly Armor+1"],"picked":"Perfected Strike","floor":83.0},{"not_picked":["Offering+1","Brutality","Barricade"],"picked":"Feed","floor":85.0},{"not_picked":["True Grit+1","Armaments+1","Headbutt"],"picked":"Shockwave+1","floor":87.0},{"not_picked":["Twin Strike","Iron Wave+1","Uppercut"],"picked":"Shrug It Off+1","floor":89.0},{"not_picked":["Flex+1","Seeing Red+1","Bloodletting+1"],"picked":"Fire Breathing+1","floor":91.0},{"not_picked":["Cleave","Fire Breathing","Brutality"],"picked":"Whirlwind","floor":92.0},{"not_picked":["hubris:SharpeningStone+1","True Grit+1","hubris:ReadiedAction+1"],"picked":"Flame Barrier+1","floor":94.0},{"not_picked":["Anger+1","Headbutt+1","Whirlwind+1"],"picked":"Juggernaut","floor":96.0},{"not_picked":["infinitespire:Punishment","infinitespire:DeathsTouch"],"picked":"infinitespire:Execution","floor":97.0},{"not_picked":["Wild Strike+1","Perfected Strike+1","Clash+1"],"picked":"Pummel+1","floor":99.0},{"not_picked":["Warcry+1","Iron Wave+1","Wild Strike+1"],"picked":"Clash+1","floor":100.0},{"not_picked":["Impervious+1","Fiend Fire+1","Juggernaut"],"picked":"Dark Embrace","floor":102.0},{"not_picked":["hubris:StunningStrike+1","Dark Embrace","Reaper+1"],"picked":"Limit Break+1","floor":103.0},{"not_picked":["Headbutt+1","Clothesline+1","Blood for Blood+1","Havoc+1"],"picked":"SKIP","floor":105.0},{"not_picked":["Thunderclap+1","Inflame","Twin Strike+1"],"picked":"Perfected Strike+1","floor":106.0},{"not_picked":["Wild Strike+1","Sword Boomerang+1","Warcry+1"],"picked":"Infernal Blade+1","floor":107.0},{"not_picked":["Anger+1","Clothesline+1","Second Wind+1","Sword Boomerang+1"],"picked":"SKIP","floor":111.0},{"not_picked":["Sever Soul+1","Flame Barrier+1","Clash+1"],"picked":"Bludgeon+1","floor":114.0},{"not_picked":["Perfected Strike+1","Cleave+1","infinitespire:OneForAll+1"],"picked":"Entrench+1","floor":115.0},{"not_picked":["Dropkick+1","Rage+1","Sever Soul+1"],"picked":"Body Slam+1","floor":118.0},{"not_picked":["infinitespire:DeathsTouch","infinitespire:Fortify"],"picked":"infinitespire:FinalStrike","floor":120.0},{"not_picked":["Havoc+1","Dropkick+1","Clash+1"],"picked":"Body Slam+1","floor":122.0},{"not_picked":["Power Through+1","Ghostly Armor+1","Rupture"],"picked":"Perfected Strike+1","floor":123.0},{"not_picked":["Searing Blow+1","Infernal Blade+1","Flex+1"],"picked":"Heavy Blade+1","floor":125.0},{"not_picked":["Battle Trance+1","Sever Soul+1","Combust"],"picked":"Rage+1","floor":127.0},{"not_picked":["infinitespire:FutureSight","infinitespire:Execution"],"picked":"infinitespire:TheBestDefense","floor":129.0},{"not_picked":["Havoc+1","Flex+1","Pummel+1"],"picked":"Heavy Blade+1","floor":129.0},{"not_picked":["Sword Boomerang+1","Dark Embrace","Pommel Strike+1","Iron Wave+1"],"picked":"SKIP","floor":132.0},{"not_picked":["Clash+1","Bludgeon+1","Iron Wave+1"],"picked":"Disarm+1","floor":133.0},{"not_picked":["Dropkick+1","Sword Boomerang+1","Cleave+1","Hemokinesis+1"],"picked":"SKIP","floor":134.0},{"not_picked":["Flex+1","Reckless Charge+1","Flame Barrier+1","Battle Trance+1"],"picked":"SKIP","floor":135.0},{"not_picked":["Impervious+1","Bludgeon+1","Offering+1"],"picked":"Fiend Fire+1","floor":137.0},{"not_picked":["Iron Wave+1","Clash+1","Warcry+1"],"picked":"Metallicize","floor":139.0},{"not_picked":["Iron Wave+1","Inflame","Sword Boomerang+1"],"picked":"Armaments+1","floor":140.0},{"not_picked":["Wild Strike+1","Fire Breathing","Bloodletting+1"],"picked":"Shockwave+1","floor":144.0},{"not_picked":["True Grit+1","Bloodletting+1","Anger+1","Wild Strike+1"],"picked":"SKIP","floor":146.0},{"not_picked":["Second Wind+1","Havoc+1","Pommel Strike+1"],"picked":"Bludgeon+1","floor":148.0},{"not_picked":["Anger+1","Burning Pact+1","Armaments+1","Thunderclap+1"],"picked":"SKIP","floor":149.0},{"not_picked":["Sword Boomerang+1","Wild Strike+1","Blood for Blood+1"],"picked":"Shrug It Off+1","floor":150.0},{"not_picked":["Havoc+1","Thunderclap+1","Ghostly Armor+1"],"picked":"Inflame+1","floor":151.0},{"not_picked":["Wild Strike+1","Armaments+1","Anger+1"],"picked":"Flame Barrier+1","floor":152.0}],"player_experience":1295673,"relics_obtained":[{"floor":6.0,"key":"Nunchaku"},{"floor":8.0,"key":"Bronze Scales"},{"floor":9.0,"key":"infinitespire:ShieldingShard"},{"floor":10.0,"key":"hubris:MedicalManual"},{"floor":11.0,"key":"Odd Mushroom"},{"floor":14.0,"key":"Question Card"},{"floor":23.0,"key":"Bag of Preparation"},{"floor":26.0,"key":"hubris:DuctTape"},{"floor":28.0,"key":"Regal Pillow"},{"floor":31.0,"key":"Self Forming Clay"},{"floor":40.0,"key":"Boot"},{"floor":42.0,"key":"hubris:GlazedTorus"},{"floor":43.0,"key":"Toxic Egg 2"},{"floor":44.0,"key":"infinitespire:Joker Card"},{"floor":47.0,"key":"hubris:SlimyHat"},{"floor":58.0,"key":"Meat on the Bone"},{"floor":61.0,"key":"Paper Frog"},{"floor":64.0,"key":"Smiling Mask"},{"floor":76.0,"key":"infinitespire:Lucky Rock"},{"floor":78.0,"key":"Orichalcum"},{"floor":81.0,"key":"Oddly Smooth Stone"},{"floor":83.0,"key":"Dodecahedron"},{"floor":92.0,"key":"Anchor"},{"floor":95.0,"key":"Molten Egg 2"},{"floor":96.0,"key":"infinitespire:Beetle Shell"},{"floor":98.0,"key":"infinitespire:WardingShard"},{"floor":99.0,"key":"Whetstone"},{"floor":107.0,"key":"Circlet"},{"floor":111.0,"key":"Charon\u0027s Ashes"},{"floor":113.0,"key":"hubris:ChampionShield"},{"floor":114.0,"key":"Red Skull"},{"floor":127.0,"key":"infinitespire:Satchel"},{"floor":129.0,"key":"Blood Vial"},{"floor":130.0,"key":"Matryoshka"},{"floor":132.0,"key":"Happy Flower"},{"floor":134.0,"key":"hubris:64BitClover"},{"floor":144.0,"key":"Strawberry"},{"floor":147.0,"key":"hubris:ToyBattleship"},{"floor":147.0,"key":"hubris:SphereOfDissonance"},{"floor":148.0,"key":"hubris:BundleOfHerbs"},{"floor":150.0,"key":"Bottled Flame"},{"floor":151.0,"key":"Mercury Hourglass"}],"event_choices":[{"damage_healed":0.0,"max_hp_gain":0.0,"max_hp_loss":0.0,"gold_gain":0.0,"event_name":"Mushrooms","player_choice":"Fought Mushrooms","floor":11.0,"gold_loss":0.0,"damage_taken":0.0},{"damage_healed":0.0,"max_hp_gain":0.0,"max_hp_loss":0.0,"gold_gain":0.0,"event_name":"Living Wall","player_choice":"Grow","floor":13.0,"gold_loss":0.0,"damage_taken":0.0,"cards_upgraded":["Brutality"]},{"damage_healed":0.0,"max_hp_gain":0.0,"max_hp_loss":0.0,"gold_gain":0.0,"event_name":"Back to Basics","player_choice":"Simplicity","floor":19.0,"gold_loss":0.0,"damage_taken":0.0,"cards_upgraded":["Strike_R","Strike_R","Strike_R","Strike_R","Strike_R","Defend_R","Defend_R","Defend_R","Defend_R"]},{"damage_healed":0.0,"max_hp_gain":0.0,"max_hp_loss":0.0,"gold_gain":0.0,"event_name":"Nest","player_choice":"Joined the Cult","floor":30.0,"gold_loss":0.0,"damage_taken":6.0,"cards_obtained":["RitualDagger"]},{"damage_healed":0.0,"max_hp_gain":0.0,"max_hp_loss":0.0,"gold_gain":0.0,"event_name":"WeMeetAgain","player_choice":"Paid Gold","floor":36.0,"gold_loss":131.0,"damage_taken":0.0,"relics_obtained":["Thread and Needle"]},{"damage_healed":0.0,"max_hp_gain":0.0,"max_hp_loss":4.0,"gold_gain":0.0,"event_name":"Winding Halls","player_choice":"Max HP","floor":48.0,"gold_loss":0.0,"damage_taken":0.0},{"damage_healed":0.0,"max_hp_gain":0.0,"max_hp_loss":36.0,"gold_gain":0.0,"event_name":"Ghosts","player_choice":"Became a Ghost","floor":72.0,"gold_loss":0.0,"damage_taken":0.0,"cards_obtained":["Ghostly","Ghostly","Ghostly"]},{"damage_healed":0.0,"max_hp_gain":0.0,"max_hp_loss":0.0,"gold_gain":50.0,"event_name":"Nest","player_choice":"Stole From Cult","floor":79.0,"gold_loss":0.0,"damage_taken":0.0},{"damage_healed":0.0,"max_hp_gain":0.0,"max_hp_loss":0.0,"gold_gain":0.0,"event_name":"The Woman in Blue","player_choice":"Bought 3 Potions","floor":88.0,"gold_loss":0.0,"damage_taken":0.0},{"damage_healed":0.0,"max_hp_gain":0.0,"max_hp_loss":0.0,"gold_gain":0.0,"cards_transformed":["Strike_R"],"event_name":"Transmorgrifier","player_choice":"Transformed","floor":90.0,"gold_loss":0.0,"damage_taken":0.0,"cards_obtained":["Rage"]},{"damage_healed":0.0,"max_hp_gain":0.0,"max_hp_loss":0.0,"gold_gain":0.0,"event_name":"Mushrooms","player_choice":"Fought Mushrooms","floor":107.0,"gold_loss":0.0,"damage_taken":0.0},{"damage_healed":0.0,"max_hp_gain":5.0,"max_hp_loss":0.0,"gold_gain":0.0,"event_name":"Big Fish","player_choice":"Donut","floor":109.0,"gold_loss":0.0,"damage_taken":0.0},{"damage_healed":0.0,"max_hp_gain":0.0,"max_hp_loss":0.0,"gold_gain":0.0,"event_name":"FaceTrader","player_choice":"Trade","floor":116.0,"gold_loss":0.0,"damage_taken":0.0,"relics_obtained":["CultistMask"]},{"damage_healed":0.0,"max_hp_gain":0.0,"max_hp_loss":18.0,"gold_gain":0.0,"event_name":"Ghosts","player_choice":"Became a Ghost","floor":131.0,"gold_loss":0.0,"damage_taken":0.0,"cards_obtained":["Ghostly","Ghostly","Ghostly"]},{"damage_healed":0.0,"max_hp_gain":0.0,"max_hp_loss":0.0,"gold_gain":0.0,"event_name":"Duplicator","player_choice":"Copied","floor":142.0,"gold_loss":0.0,"damage_taken":0.0,"cards_obtained":["Limit Break"]}],"is_beta":false,"boss_relics":[{"not_picked":["hubris:ScarierMask","hubris:VirtuousBlindfold"],"picked":"hubris:BlackHole"},{"not_picked":["Snecko Eye","Runic Cube"],"picked":"White Beast Statue"},{"not_picked":["hubris:RunicObelisk","Sozu","Runic Dome"]},{"not_picked":["Velvet Choker","Eternal Feather"],"picked":"hubris:ScarierMask"},{"not_picked":["Mark of Pain","Philosopher\u0027s Stone"],"picked":"hubris:HollowSoul"},{"not_picked":["Black Blood","hubris:Stopwatch"],"picked":"hubris:Backtick"},{"not_picked":["hubris:RunicObelisk","Mark of Pain"],"picked":"Eternal Feather"},{"not_picked":["Philosopher\u0027s Stone","Fusion Hammer","hubris:CrackedHourglass"]}],"items_purged_floors":[117,141],"is_endless":true,"potions_floor_spawned":[1,3,7,12,16,18,33,35,37,38,40,42,44,45,47,50,51,53,55,56,57,58,63,64,66,68,70,71,73,74,76,81,83,85,87,89,91,92,94,96,99,100,102,103,105,106,107,111,114,115,118,120,122,123,125,127,129,132,133,134,135,137,139,140,144,146,148,149,150,151,152],"killed_by":"LordOfAnnihilation","ascension_level":20}