{"gold_per_floor":[115,115,115,115,133,160,160,173,173,173,188,203,215,249,249,249],"floor_reached":16,"playtime":752,"items_purged":[],"score":178,"play_id":"52da56fd-4c34-41bd-a9b1-1e496b5b24c6","local_time":"20181121182332","is_ascension_mode":true,"campfire_choices":[{"data":"PiercingWail","floor":7,"key":"SMITH"},{"floor":15,"key":"REST"}],"neow_cost":"NONE","seed_source_timestamp":70024935967899,"circlet_count":0,"master_deck":["Defend_G","Defend_G","Defend_G","Defend_G","Strike_G","Strike_G","Strike_G","Strike_G","Strike_G","Survivor","Neutralize+1","PiercingWail+1","Dagger Spray","PiercingWail","Leg Sweep","Caltrops","Blur"],"relics":["Ring of the Snake","NeowsBlessing","Bottled Lightning","Happy Flower","Omamori"],"potions_floor_usage":[14,14,16],"damage_taken":[{"damage":0,"enemies":"Jaw Worm","floor":1,"turns":1},{"damage":0,"enemies":"Cultist","floor":5,"turns":1},{"damage":0,"enemies":"Lagavulin","floor":6,"turns":1},{"damage":0,"enemies":"2 Louse","floor":8,"turns":3},{"damage":28,"enemies":"Exordium Thugs","floor":11,"turns":7},{"damage":12,"enemies":"Large Slime","floor":12,"turns":9},{"damage":2,"enemies":"Gremlin Gang","floor":13,"turns":4},{"damage":2,"enemies":"Gremlin Nob","floor":14,"turns":4},{"damage":45,"enemies":"Slime Boss","floor":16,"turns":8}],"seed_played":"-3878584330696945363","potions_obtained":[{"floor":6,"key":"SpeedPotion"},{"floor":8,"key":"Block Potion"},{"floor":12,"key":"FearPotion"}],"is_trial":false,"path_per_floor":["M","?","$","$","M","E","R","M","T","?","M","M","M","E","R","B"],"character_chosen":"THE_SILENT","items_purchased":[],"campfire_rested":1,"item_purchase_floors":[],"current_hp_per_floor":[63,63,63,63,63,63,63,63,63,56,28,16,14,12,33,0],"gold":249,"neow_bonus":"THREE_ENEMY_KILL","is_prod":false,"is_daily":false,"chose_seed":false,"campfire_upgraded":1,"win_rate":0,"timestamp":1542795812,"path_taken":["M","?","?","$","M","E","R","M","T","?","M","M","M","E","R","BOSS"],"build_version":"2018-11-15","purchased_purges":0,"victory":false,"max_hp_per_floor":[70,70,70,70,70,70,70,70,70,70,70,70,70,70,70,70],"card_choices":[{"not_picked":["Tactician","Flying Knee"],"picked":"PiercingWail","floor":1},{"not_picked":["Dodge and Roll","Dagger Throw"],"picked":"Dagger Spray","floor":5},{"not_picked":["Well Laid Plans","Venomology"],"picked":"PiercingWail","floor":6},{"not_picked":["Quick Slash","Deflect","Choke"],"picked":"SKIP","floor":8},{"not_picked":["Setup","Dagger Throw"],"picked":"Leg Sweep","floor":11},{"not_picked":["Well Laid Plans","Concentrate"],"picked":"Caltrops","floor":12},{"not_picked":["Poisoned Stab","Finisher","Outmaneuver"],"picked":"SKIP","floor":13},{"not_picked":["Flying Knee","Riddle With Holes"],"picked":"Blur","floor":14}],"player_experience":259035,"relics_obtained":[{"floor":6,"key":"Bottled Lightning"},{"floor":9,"key":"Happy Flower"},{"floor":14,"key":"Omamori"}],"event_choices":[{"damage_healed":0,"gold_gain":0,"player_choice":"Upgraded","damage_taken":0,"max_hp_gain":0,"max_hp_loss":0,"event_name":"Upgrade Shrine","floor":2,"gold_loss":0,"cards_upgraded":["Neutralize"]},{"cards_removed":["Defend_G"],"damage_healed":0,"gold_gain":0,"player_choice":"Card Removal","damage_taken":7,"max_hp_gain":0,"max_hp_loss":0,"event_name":"Golden Wing","floor":10,"gold_loss":0}],"is_beta":false,"boss_relics":[],"items_purged_floors":[],"is_endless":false,"potions_floor_spawned":[6,8,12,13],"killed_by":"Slime Boss","ascension_level":6}