{"gold_per_floor":[111,36,54,73,93,93,112,123,149,149,160,175,175,175,175,247,247,247,247,247,247,247,247,74,74,74,74,74,74,74,74],"floor_reached":31,"playtime":1579,"items_purged":["Pain"],"score":430,"play_id":"e4a4557e-5b07-4197-885b-4b77757d69df","local_time":"20180927144301","is_ascension_mode":true,"campfire_choices":[{"data":"Zap","floor":6,"key":"SMITH"},{"data":"Defragment","floor":10,"key":"SMITH"},{"floor":15,"key":"REST"},{"data":"Streamline","floor":23,"key":"SMITH"},{"data":"Self Repair","floor":25,"key":"SMITH"},{"data":"Dramatic Entrance","floor":28,"key":"SMITH"},{"floor":30,"key":"REST"}],"neow_cost":"CURSE","seed_source_timestamp":0,"circlet_count":0,"master_deck":["Strike_B","Strike_B","Strike_B","Strike_B","Defend_B","Defend_B","Defend_B","Defend_B","Zap+1","Dualcast","AscendersBane","Stack","Gash","Ball Lightning","Gash","BootSequence","Defragment+1","Melter","Gash","All For One","Streamline+1","Coolheaded+1","Ball Lightning+1","Hologram+1","Self Repair+1","Dramatic Entrance+1","BootSequence+1","Darkness+1"],"special_seed":0,"relics":["Cracked Core","FossilizedHelix","Pen Nib","Bag of Preparation","Ectoplasm","Toxic Egg 2","Bag of Marbles"],"potions_floor_usage":[16,21,21],"damage_taken":[{"damage":0.0,"enemies":"Small Slimes","floor":1.0,"turns":4.0},{"damage":6.0,"enemies":"Jaw Worm","floor":3.0,"turns":4.0},{"damage":0.0,"enemies":"Cultist","floor":4.0,"turns":3.0},{"damage":23,"enemies":"Lots of Slimes","floor":5,"turns":4},{"damage":0,"enemies":"Red Slaver","floor":7,"turns":4},{"damage":12,"enemies":"3 Louse","floor":8,"turns":3},{"damage":0,"enemies":"Blue Slaver","floor":11,"turns":3},{"damage":0,"enemies":"Large Slime","floor":12,"turns":4},{"damage":35,"enemies":"The Guardian","floor":16,"turns":9},{"damage":0,"enemies":"Spheric Guardian","floor":18,"turns":1},{"damage":7,"enemies":"Shell Parasite","floor":19,"turns":3},{"damage":0,"enemies":"Sentry and Sphere","floor":20,"turns":3},{"damage":0,"enemies":"Snecko","floor":21,"turns":4},{"damage":17,"enemies":"Centurion and Healer","floor":22,"turns":5},{"damage":0,"enemies":"Cultist and Chosen","floor":27,"turns":3},{"damage":29,"enemies":"Book of Stabbing","floor":29,"turns":4},{"damage":40,"enemies":"Gremlin Leader","floor":31,"turns":7}],"seed_played":"650917097061385684","potions_obtained":[{"floor":1.0,"key":"LiquidBronze"},{"floor":3.0,"key":"Fire Potion"},{"floor":16,"key":"FocusPotion"},{"floor":21,"key":"Ancient Potion"},{"floor":22,"key":"Energy Potion"}],"is_trial":false,"path_per_floor":["M","$","M","M","M","R","M","M","T","R","M","M","$","?","R","B",null,"M","M","M","M","M","R","$","R","T","M","R","E","R"],"character_chosen":"DEFECT","items_purchased":["Self Repair","Dramatic Entrance"],"campfire_rested":2,"item_purchase_floors":[24,24],"current_hp_per_floor":[64,64,58,58,35,35,35,23,23,23,23,23,23,16,37,2,54,54,47,47,47,30,30,30,30,30,30,30,11,32,0],"gold":74,"neow_bonus":"ONE_RARE_RELIC","is_prod":false,"is_daily":false,"chose_seed":false,"campfire_upgraded":5,"win_rate":0,"timestamp":1538052181,"path_taken":["M","$","M","M","M","R","M","M","T","R","M","M","$","?","R","BOSS","M","M","?","?","M","R","$","R","T","M","R","E","R","E"],"build_version":"2018-09-26v2","purchased_purges":1,"victory":false,"max_hp_per_floor":[71,71,71,71,71,71,71,71,71,71,71,71,71,71,71,71,71,71,71,71,71,71,71,71,71,71,71,71,71,71,71],"card_choices":[{"not_picked":["Go for the Eyes","Blizzard"],"picked":"Stack","floor":1.0},{"not_picked":["Static Discharge","Ball Lightning"],"picked":"Gash","floor":3.0},{"not_picked":["Conserve Battery","Turbo"],"picked":"Ball Lightning","floor":4.0},{"not_picked":["Steam","Auto Shields"],"picked":"Gash","floor":5},{"not_picked":["Cold Snap","Stack"],"picked":"BootSequence","floor":7},{"not_picked":["Seek","Conserve Battery"],"picked":"Defragment","floor":8},{"not_picked":["Cold Snap","Hello World"],"picked":"Melter","floor":11},{"not_picked":["Reprogram","Darkness"],"picked":"Gash","floor":12},{"not_picked":["Echo Form","Core Surge"],"picked":"All For One","floor":16},{"not_picked":["Rebound","Cold Snap","Beam Cell"],"picked":"SKIP","floor":18},{"not_picked":["Chill","Leap"],"picked":"Streamline","floor":19},{"not_picked":["Streamline","Conserve Battery"],"picked":"Coolheaded+1","floor":20},{"not_picked":["Sweeping Beam","Leap+1"],"picked":"Ball Lightning+1","floor":21},{"not_picked":["Auto Shields","Steam"],"picked":"Hologram+1","floor":22},{"not_picked":["Hologram+1","Aggregate+1"],"picked":"BootSequence+1","floor":27},{"not_picked":["Coolheaded+1","Reprogram+1"],"picked":"Darkness+1","floor":29}],"player_experience":521632,"relics_obtained":[{"floor":9,"key":"Pen Nib"},{"floor":26,"key":"Toxic Egg 2"},{"floor":29,"key":"Bag of Marbles"}],"event_choices":[{"event_name":"Scrap Ooze","player_choice":"success","floor":14,"damage_taken":7}],"is_beta":true,"boss_relics":[{"not_picked":["Astrolabe","FrozenCore"],"picked":"Ectoplasm"}],"items_purged_floors":[2],"is_endless":false,"potions_floor_spawned":[1,3,11,16,20,21,22,27],"killed_by":"Gremlin Leader","ascension_level":14}