{"gold_per_floor":[109,109,29,46,64,93,93,120,120,120,120,45,45,78,78,157,157,167,167,382,402,402,402],"floor_reached":23,"playtime":607,"items_purged":["Strike_G"],"score":410,"play_id":"91dd9764-414d-4be7-acb9-c2bfff0358a7","local_time":"20190816213235","is_ascension_mode":true,"campfire_choices":[{"floor":7.0,"key":"REST"},{"data":"Noxious Fumes","floor":11.0,"key":"SMITH"},{"data":"Poisoned Stab","floor":13.0,"key":"SMITH"},{"data":"Leg Sweep","floor":15.0,"key":"SMITH"}],"neow_cost":"TEN_PERCENT_HP_LOSS","seed_source_timestamp":42553042400313,"circlet_count":0,"master_deck":["AscendersBane","Strike_G","Strike_G","Strike_G","Defend_G","Defend_G","Defend_G","Defend_G","Survivor","Neutralize","Corpse Explosion+1","Expertise","Leg Sweep+1","Poisoned Stab+1","Flying Knee","Bane","Heel Hook","Blade Dance","Noxious Fumes+1","Quick Slash","Burst","Writhe"],"special_seed":0,"relics":["Ring of the Snake","Blue Candle","Ice Cream","Pear","infinitespire:BottledMercury","hubris:BottledRain","Cursed Key","Matryoshka","Old Coin","hubris:BottledHeart"],"potions_floor_usage":[],"damage_taken":[{"damage":1.0,"enemies":"2 Louse","floor":1.0,"turns":2.0},{"damage":0.0,"enemies":"Cultist","floor":4.0,"turns":3.0},{"damage":0.0,"enemies":"Jaw Worm","floor":5.0,"turns":3.0},{"damage":32.0,"enemies":"Lagavulin","floor":6.0,"turns":6.0},{"damage":5.0,"enemies":"3 Sentries","floor":8.0,"turns":3.0},{"damage":24.0,"enemies":"Lagavulin","floor":14.0,"turns":6.0},{"damage":14.0,"enemies":"Slime Boss","floor":16.0,"turns":7.0},{"damage":25.0,"enemies":"2 Thieves","floor":18.0,"turns":3.0},{"damage":1.0,"enemies":"3 Byrds","floor":21.0,"turns":2.0},{"damage":1,"enemies":"Slavers","floor":23,"turns":2}],"seed_played":"-5225086137491345657","potions_obtained":[{"floor":5.0,"key":"Regen Potion"},{"floor":6.0,"key":"Fire Potion"},{"floor":16.0,"key":"GamblersBrew"}],"is_trial":false,"path_per_floor":["M","?","$","M","M","E","R","E","T","T","R","$","R","E","R","B",null,"M","?","?","M","?","E"],"character_chosen":"THE_SILENT","items_purchased":["Poisoned Stab","Flying Knee"],"campfire_rested":1,"item_purchase_floors":[3,3],"current_hp_per_floor":[58,58,58,58,58,26,44,39,49,49,49,49,49,40,40,26,59,34,34,34,33,1,0],"gold":402,"neow_bonus":"TRANSFORM_TWO_CARDS","is_prod":false,"is_daily":false,"chose_seed":false,"campfire_upgraded":3,"win_rate":0,"timestamp":1565983955,"path_taken":["M","?","?","?","M","E","R","E","T","?","R","?","R","E","R","BOSS","M","?","?","M","?","E"],"build_version":"2019-07-17","purchased_purges":1,"victory":false,"max_hp_per_floor":[60,60,60,60,60,60,60,60,70,70,70,70,70,70,70,70,70,70,70,70,70,1,1],"card_choices":[{"not_picked":["hubris:SlightOfHand","Prepared"],"picked":"Leg Sweep","floor":1.0},{"not_picked":["Reflex","Tactician"],"picked":"Bane","floor":4.0},{"not_picked":["Quick Slash","Expertise"],"picked":"Heel Hook","floor":5.0},{"not_picked":["Flying Knee","hubris:TrickCloak"],"picked":"Blade Dance","floor":6.0},{"not_picked":["Backflip","Bullet Time"],"picked":"Noxious Fumes","floor":8.0},{"not_picked":["hubris:TrickCloak","Acrobatics"],"picked":"Quick Slash","floor":14.0},{"not_picked":["Tools of the Trade","Night Terror"],"picked":"Burst","floor":16.0},{"not_picked":["Sucker Punch","Terror","Outmaneuver"],"picked":"SKIP","floor":18.0},{"not_picked":["Quick Slash","Sucker Punch","hubris:TrickCloak"],"picked":"SKIP","floor":21.0}],"player_experience":1932080,"relics_obtained":[{"floor":6.0,"key":"Blue Candle"},{"floor":8.0,"key":"Ice Cream"},{"floor":9.0,"key":"Pear"},{"floor":10.0,"key":"infinitespire:BottledMercury"},{"floor":14.0,"key":"hubris:BottledRain"}],"event_choices":[{"damage_healed":0.0,"max_hp_gain":0.0,"max_hp_loss":0.0,"gold_gain":0.0,"event_name":"Upgrade Shrine","player_choice":"Upgraded","floor":2.0,"gold_loss":0.0,"damage_taken":0.0,"cards_upgraded":["Corpse Explosion"]},{"damage_healed":0.0,"max_hp_gain":0.0,"max_hp_loss":0.0,"gold_gain":0.0,"event_name":"The Mausoleum","player_choice":"Opened","floor":19.0,"gold_loss":0.0,"damage_taken":0.0,"relics_obtained":["Matryoshka"],"cards_obtained":["Writhe"]},{"damage_healed":0.0,"max_hp_gain":0.0,"max_hp_loss":0.0,"gold_gain":0.0,"event_name":"Addict","player_choice":"Obtained Relic","floor":20.0,"gold_loss":85.0,"damage_taken":0.0,"relics_obtained":["Old Coin"]}],"is_beta":false,"boss_relics":[{"not_picked":["Ectoplasm","Coffee Dripper"],"picked":"Cursed Key"}],"items_purged_floors":[12],"is_endless":false,"potions_floor_spawned":[5,6,16],"killed_by":"Slavers","ascension_level":20}