{"gold_per_floor":[111,121,45,45,63,93,93,421,444,71,83,83,96,96,96,168,168,182,193,193],"floor_reached":20,"playtime":709,"items_purged":["Strike_G"],"score":368,"play_id":"9e67c19a-a616-4539-bc0b-b7a847627252","local_time":"20190114225936","is_ascension_mode":true,"campfire_choices":[{"data":"Infinite Blades","floor":7,"key":"SMITH"},{"floor":12,"key":"REST"},{"data":"Noxious Fumes","floor":15,"key":"SMITH"}],"neow_cost":"NONE","seed_source_timestamp":44278363592118,"circlet_count":0,"master_deck":["AscendersBane","Defend_G","Defend_G","Defend_G","Defend_G","Defend_G","Strike_G","Strike_G","Strike_G","Strike_G","Survivor","Neutralize","Cloak And Dagger","Infinite Blades+1","Infinite Blades+1","Endless Agony","Deflect","Accuracy","Backflip","Noxious Fumes+1","Blur","Dodge and Roll","Decay","A Thousand Cuts","Choke","Cloak And Dagger"],"relics":["WristBlade","hubris:Potato","Old Coin","Art of War","hubris:OldNail","hubris:VirtuousBlindfold"],"potions_floor_usage":[16],"damage_taken":[{"damage":2,"enemies":"2 Louse","floor":1,"turns":3},{"damage":0,"enemies":"Small Slimes","floor":2,"turns":4},{"damage":6,"enemies":"Cultist","floor":5,"turns":3},{"damage":12,"enemies":"Lagavulin","floor":6,"turns":6},{"damage":30,"enemies":"Gremlin Nob","floor":8,"turns":4},{"damage":1,"enemies":"Exordium Wildlife","floor":11,"turns":3},{"damage":4,"enemies":"Red Slaver","floor":13,"turns":3},{"damage":15,"enemies":"The Guardian","floor":16,"turns":9},{"damage":26,"enemies":"2 Thieves","floor":18,"turns":4},{"damage":17,"enemies":"Shell Parasite","floor":19,"turns":5},{"damage":17,"enemies":"Colosseum Slavers","floor":20,"turns":1}],"seed_played":"7537039119397485088","potions_obtained":[{"floor":1,"key":"Energy Potion"},{"floor":5,"key":"LiquidBronze"},{"floor":6,"key":"PowerPotion"},{"floor":19,"key":"LiquidBronze"}],"is_trial":false,"path_per_floor":["M","M","$","?","M","E","R","E","T","$","M","R","M","?","R","B",null,"M","M","?"],"character_chosen":"THE_SILENT","items_purchased":["Infinite Blades","Backflip","Noxious Fumes","hubris:OldNail"],"campfire_rested":1,"item_purchase_floors":[3,10,10,10],"current_hp_per_floor":[57,57,57,57,51,39,39,9,9,9,8,27,23,23,23,8,52,26,9,0],"gold":193,"neow_bonus":"BOSS_RELIC","is_prod":false,"is_daily":false,"chose_seed":false,"campfire_upgraded":2,"win_rate":0,"timestamp":1547503176,"path_taken":["M","M","$","?","M","E","R","E","T","$","M","R","M","?","R","BOSS","M","M","?"],"build_version":"2019-01-10","purchased_purges":1,"victory":false,"max_hp_per_floor":[66,66,66,66,66,66,66,66,66,66,66,66,66,66,66,66,66,66,66,66],"card_choices":[{"not_picked":["Endless Agony","Bouncing Flask"],"picked":"Cloak And Dagger","floor":1},{"not_picked":["Outmaneuver","PiercingWail"],"picked":"Infinite Blades","floor":2},{"not_picked":["Predator","Heel Hook"],"picked":"Endless Agony","floor":5},{"not_picked":["Flying Knee","Bane"],"picked":"Deflect","floor":6},{"not_picked":["hubris:Counter","Slice"],"picked":"Accuracy","floor":8},{"not_picked":["Sucker Punch","Slice"],"picked":"Blur","floor":11},{"not_picked":["Skewer","Poisoned Stab"],"picked":"Dodge and Roll","floor":13},{"not_picked":["Venomology","Phantasmal Killer"],"picked":"A Thousand Cuts","floor":16},{"not_picked":["Deflect","Crippling Poison"],"picked":"Choke","floor":18},{"not_picked":["Flying Knee","Sucker Punch"],"picked":"Cloak And Dagger","floor":19}],"player_experience":1111137,"relics_obtained":[{"floor":6,"key":"hubris:Potato"},{"floor":8,"key":"Old Coin"},{"floor":9,"key":"Art of War"}],"event_choices":[{"damage_healed":0,"gold_gain":0,"player_choice":"Grow","damage_taken":0,"max_hp_gain":0,"max_hp_loss":0,"event_name":"Living Wall","floor":4,"gold_loss":0,"cards_upgraded":["Infinite Blades"]},{"damage_healed":0,"gold_gain":0,"player_choice":"Cursed","damage_taken":0,"max_hp_gain":0,"max_hp_loss":0,"event_name":"Wheel of Change","floor":14,"gold_loss":0,"cards_obtained":["Decay"]},{"damage_healed":0,"gold_gain":0,"player_choice":"Fight","damage_taken":0,"max_hp_gain":0,"max_hp_loss":0,"event_name":"Colosseum","floor":20,"gold_loss":0}],"is_beta":false,"boss_relics":[{"not_picked":["Calling Bell","Busted Crown"],"picked":"hubris:VirtuousBlindfold"}],"items_purged_floors":[10],"is_endless":false,"potions_floor_spawned":[1,5,6,8,13,19],"killed_by":"Colosseum Slavers","ascension_level":20}