{"gold_per_floor":[114,134,134,134,234,252,272,301,348,348,363,363,423,449,449,553,553,565,565,505,515,530,530,545,555,579,579,172,192,192,211,211,308,308,324,25,38,38,51,51,51,51,51,1,20,20,20,37,37,37],"floor_reached":50,"playtime":2597,"items_purged":["Strike_G","Strike_G","Strike_G"],"score":494,"play_id":"d2766aae-ab26-4b4f-8068-b2e1db916abc","local_time":"20190929235620","is_ascension_mode":false,"campfire_choices":[{"floor":12,"key":"REST"},{"floor":15,"key":"REST"},{"floor":23,"key":"REST"},{"floor":27,"key":"REST"},{"floor":30,"key":"REST"},{"floor":32,"key":"REST"},{"floor":46,"key":"REST"},{"floor":49,"key":"RECALL"}],"neow_cost":"NONE","seed_source_timestamp":671560048950400,"circlet_count":0,"master_deck":["Strike_G+1","Strike_G","Defend_G","Defend_G","Defend_G","Defend_G","Defend_G","Survivor","Neutralize+1","Flying Knee","Deadly Poison","Sucker Punch+1","Cloak And Dagger","Outmaneuver","Caltrops","Burst","Heel Hook+1","Neutralize+1","Well Laid Plans+1","Sucker Punch+1","Deadly Poison","Cloak And Dagger+1","Adrenaline","Deflect","Apotheosis","Well Laid Plans","Catalyst","Terror+1","Dark Shackles","PiercingWail+1"],"relics":["Ring of the Snake","The Courier","Pen Nib","Juzu Bracelet","The Specimen","Odd Mushroom","White Beast Statue","Smiling Mask","Strawberry","Ginger","Lizard Tail","Regal Pillow"],"potions_floor_usage":[13,14,21,24,25,25,25,25,29,33,33,34,35,39,39,45,48,50],"damage_taken":[{"damage":0,"enemies":"Small Slimes","floor":1,"turns":5},{"damage":2,"enemies":"2 Louse","floor":2,"turns":3},{"damage":0,"enemies":"Cultist","floor":6,"turns":4},{"damage":4,"enemies":"Blue Slaver","floor":7,"turns":5},{"damage":35,"enemies":"Gremlin Nob","floor":8,"turns":6},{"damage":2,"enemies":"Looter","floor":11,"turns":3},{"damage":6,"enemies":"Lagavulin Event","floor":13,"turns":5},{"damage":25,"enemies":"The Mushroom Lair","floor":14,"turns":3},{"damage":21,"enemies":"The Guardian","floor":16,"turns":11},{"damage":30,"enemies":"2 Thieves","floor":18,"turns":5},{"damage":1,"enemies":"3 Byrds","floor":21,"turns":4},{"damage":12,"enemies":"Snake Plant","floor":22,"turns":4},{"damage":34,"enemies":"Sentry and Sphere","floor":24,"turns":8},{"damage":11,"enemies":"3 Cultists","floor":25,"turns":5},{"damage":24,"enemies":"Snake Plant","floor":29,"turns":4},{"damage":13,"enemies":"Cultist and Chosen","floor":31,"turns":6},{"damage":37,"enemies":"Collector","floor":33,"turns":11},{"damage":13,"enemies":"3 Darklings","floor":35,"turns":7},{"damage":0,"enemies":"3 Shapes","floor":37,"turns":7},{"damage":18,"enemies":"Writhing Mass","floor":39,"turns":7},{"damage":35,"enemies":"3 Darklings","floor":45,"turns":5},{"damage":14,"enemies":"4 Shapes","floor":48,"turns":8},{"damage":96,"enemies":"Donu and Deca","floor":50,"turns":6}],"seed_played":"6419621355597486918","potions_obtained":[{"floor":1,"key":"Explosive Potion"},{"floor":7,"key":"GhostInAJar"},{"floor":11,"key":"Fire Potion"},{"floor":16,"key":"Poison Potion"},{"floor":18,"key":"Energy Potion"},{"floor":21,"key":"EntropicBrew"},{"floor":24,"key":"Regen Potion"},{"floor":25,"key":"SkillPotion"},{"floor":29,"key":"GhostInAJar"},{"floor":33,"key":"Fruit Juice"},{"floor":35,"key":"PowerPotion"},{"floor":37,"key":"FearPotion"},{"floor":39,"key":"AttackPotion"},{"floor":45,"key":"SkillPotion"},{"floor":48,"key":"LiquidBronze"}],"is_trial":false,"path_per_floor":["M","M","?","?","?","M","M","E","T","?","M","R","?","?","R","B",null,"M","?","$","M","M","R","M","M","T","R","$","M","R","M","R","B",null,"M","$","M","$","M","?","?","?","T","$","M","R","?","M","R","B"],"character_chosen":"THE_SILENT","items_purchased":["Strawberry","Ginger","Apotheosis","Well Laid Plans","Regal Pillow"],"campfire_rested":7,"item_purchase_floors":[28,28,36,36,36],"current_hp_per_floor":[70,68,73,70,70,70,66,31,31,16,14,36,30,5,27,6,75,45,45,45,44,32,54,20,24,24,46,53,29,53,40,64,27,87,74,74,74,74,56,56,56,56,56,56,21,62,62,48,48,0],"gold":37,"neow_bonus":"UPGRADE_CARD","is_prod":false,"is_daily":false,"chose_seed":false,"campfire_upgraded":0,"win_rate":0,"timestamp":1569772580,"path_taken":["M","M","?","?","?","M","M","E","T","?","M","R","?","?","R","BOSS","M","?","?","M","M","R","M","M","T","R","$","M","R","M","R","BOSS","M","?","M","$","M","?","?","?","T","?","M","R","?","M","R","BOSS"],"build_version":"2019-07-17","purchased_purges":3,"victory":false,"max_hp_per_floor":[70,70,75,75,75,75,75,75,75,75,75,75,75,75,75,75,75,75,75,75,75,75,75,75,75,75,75,82,82,82,82,82,82,87,87,87,87,87,87,87,87,87,87,87,87,87,87,87,87,87],"card_choices":[{"not_picked":["Predator","Deflect"],"picked":"Flying Knee","floor":1},{"not_picked":["Terror","All Out Attack"],"picked":"Deadly Poison","floor":2},{"not_picked":["Prepared","Concentrate","Dagger Throw"],"picked":"SKIP","floor":6},{"not_picked":["Flechettes","Outmaneuver"],"picked":"Sucker Punch","floor":7},{"not_picked":["Prepared","Terror"],"picked":"Deadly Poison","floor":8},{"not_picked":["Quick Slash","Terror"],"picked":"Cloak And Dagger","floor":11},{"not_picked":["Infinite Blades","Underhanded Strike"],"picked":"Outmaneuver","floor":13},{"not_picked":["Outmaneuver","Glass Knife"],"picked":"Caltrops","floor":14},{"not_picked":["Adrenaline","Malaise"],"picked":"Burst","floor":16},{"not_picked":["Skewer","Acrobatics+1"],"picked":"Heel Hook+1","floor":18},{"not_picked":["Flying Knee","Backflip","Prepared"],"picked":"SKIP","floor":21},{"not_picked":["Cloak And Dagger","Dagger Throw","Outmaneuver"],"picked":"SKIP","floor":22},{"not_picked":["Poisoned Stab","Flying Knee"],"picked":"Well Laid Plans+1","floor":24},{"not_picked":["Deadly Poison","Calculated Gamble"],"picked":"Sucker Punch+1","floor":25},{"not_picked":["Dagger Spray+1","Blade Dance"],"picked":"Deadly Poison","floor":29},{"not_picked":["Storm of Steel","Acrobatics"],"picked":"Cloak And Dagger+1","floor":31},{"not_picked":["Venomology","Envenom"],"picked":"Adrenaline","floor":33},{"not_picked":["Underhanded Strike","Dagger Spray"],"picked":"Deflect","floor":35},{"not_picked":["Expertise+1","Outmaneuver"],"picked":"Catalyst","floor":37},{"not_picked":["Blade Dance+1","Expertise"],"picked":"Terror+1","floor":39},{"not_picked":["Trip","Forethought"],"picked":"Dark Shackles","floor":42},{"not_picked":["Tactician+1","Well Laid Plans+1"],"picked":"PiercingWail+1","floor":45},{"not_picked":["Tactician+1","Dagger Spray","Acrobatics+1"],"picked":"SKIP","floor":48}],"player_experience":230288,"relics_obtained":[{"floor":8,"key":"Pen Nib"},{"floor":9,"key":"Juzu Bracelet"},{"floor":13,"key":"The Specimen"},{"floor":14,"key":"Odd Mushroom"},{"floor":26,"key":"Smiling Mask"}],"event_choices":[{"damage_healed":0,"gold_gain":0,"player_choice":"Donut","damage_taken":0,"max_hp_gain":5,"max_hp_loss":0,"event_name":"Big Fish","floor":3,"gold_loss":0},{"damage_healed":0,"gold_gain":0,"player_choice":"Success","damage_taken":3,"relics_obtained":["The Courier"],"max_hp_gain":0,"max_hp_loss":0,"event_name":"Scrap Ooze","floor":4,"gold_loss":0},{"damage_healed":0,"gold_gain":100,"player_choice":"Pray","damage_taken":0,"max_hp_gain":0,"max_hp_loss":0,"event_name":"Golden Shrine","floor":5,"gold_loss":0},{"damage_healed":0,"gold_gain":0,"player_choice":"Entered Light","damage_taken":15,"max_hp_gain":0,"max_hp_loss":0,"event_name":"Shining Light","floor":10,"gold_loss":0,"cards_upgraded":["Strike_G","Sucker Punch"]},{"damage_healed":0,"gold_gain":0,"player_choice":"Searched \u00272\u0027 times","damage_taken":0,"max_hp_gain":0,"max_hp_loss":0,"event_name":"Dead Adventurer","floor":13,"gold_loss":0},{"damage_healed":0,"gold_gain":0,"player_choice":"Fought Mushrooms","damage_taken":0,"max_hp_gain":0,"max_hp_loss":0,"event_name":"Mushrooms","floor":14,"gold_loss":0},{"damage_healed":0,"gold_gain":0,"player_choice":"Copied","damage_taken":0,"max_hp_gain":0,"max_hp_loss":0,"event_name":"Duplicator","floor":19,"gold_loss":0,"cards_obtained":["Neutralize"]},{"cards_removed":["Deadly Poison"],"damage_healed":0,"gold_gain":0,"player_choice":"Removed Skill","damage_taken":0,"max_hp_gain":0,"max_hp_loss":0,"event_name":"Falling","floor":40,"gold_loss":0},{"damage_healed":0,"gold_gain":0,"player_choice":"Ignored","damage_taken":0,"max_hp_gain":0,"max_hp_loss":0,"event_name":"Tomb of Lord Red Mask","floor":41,"gold_loss":0},{"damage_healed":0,"gold_gain":0,"player_choice":"Memory 1","damage_taken":0,"max_hp_gain":0,"max_hp_loss":0,"event_name":"SensoryStone","floor":42,"gold_loss":0},{"damage_healed":0,"gold_gain":0,"player_choice":"Ignored","damage_taken":0,"max_hp_gain":0,"max_hp_loss":0,"event_name":"Mysterious Sphere","floor":47,"gold_loss":0}],"is_beta":false,"boss_relics":[{"not_picked":["Runic Pyramid","WristBlade"],"picked":"White Beast Statue"},{"not_picked":["Tiny House","HoveringKite"],"picked":"Lizard Tail"}],"items_purged_floors":[20,28,44],"is_endless":false,"potions_floor_spawned":[1,7,11,16,18,21,22,24,25,29,31,33,35,37,39,45,48],"killed_by":"Donu and Deca","ascension_level":0}