{"gold_per_floor":[119,119,173,190,209,242,265,309,389,366,412,424,276,351,351,351],"floor_reached":16,"playtime":548,"items_purged":["Strike_R"],"score":236,"play_id":"b34a5fc9-c1a0-4a2a-8491-897af2c2cd06","local_time":"20190129120528","is_ascension_mode":true,"campfire_choices":[{"floor":12,"key":"REST"},{"data":"Armaments","floor":15,"key":"SMITH"}],"neow_cost":"NONE","seed_source_timestamp":2472811287302,"circlet_count":0,"master_deck":["AscendersBane","Strike_R","Strike_R","Strike_R+1","Strike_R","Defend_R","Defend_R","Defend_R","Defend_R","Bash+1","Double Tap","Shrug It Off","Anger","Shrug It Off","Cleave","Pommel Strike","Armaments+1","Inflame"],"relics":["Burning Blood","MawBank","Lantern","hubris:TinFlute","Omamori"],"potions_floor_usage":[7,8],"damage_taken":[{"damage":4,"enemies":"Small Slimes","floor":1,"turns":4},{"damage":1,"enemies":"2 Louse","floor":4,"turns":3},{"damage":2,"enemies":"Jaw Worm","floor":5,"turns":4},{"damage":46,"enemies":"3 Sentries","floor":6,"turns":13},{"damage":3,"enemies":"Blue Slaver","floor":7,"turns":3},{"damage":8,"enemies":"Gremlin Nob","floor":8,"turns":3},{"damage":33,"enemies":"Lagavulin","floor":11,"turns":6},{"damage":20,"enemies":"Hexaghost","floor":16,"turns":9}],"seed_played":"1012638329092142906","potions_obtained":[{"floor":5,"key":"SteroidPotion"},{"floor":7,"key":"SneckoOil"},{"floor":8,"key":"Ancient Potion"}],"is_trial":false,"path_per_floor":["M","?","?","M","M","E","M","E","T","?","E","R","$","?","R","B"],"character_chosen":"IRONCLAD","items_purchased":["Inflame"],"campfire_rested":1,"item_purchase_floors":[13],"current_hp_per_floor":[70,47,47,52,56,16,19,17,17,35,8,30,30,19,19,0],"gold":351,"neow_bonus":"ONE_RANDOM_RARE_CARD","is_prod":false,"is_daily":false,"chose_seed":false,"campfire_upgraded":1,"win_rate":0,"timestamp":1548759928,"path_taken":["M","?","?","M","M","E","M","E","T","?","E","R","$","?","R","BOSS"],"build_version":"2019-01-23","purchased_purges":1,"victory":false,"max_hp_per_floor":[75,75,75,75,75,75,75,75,75,75,75,75,75,75,75,75],"card_choices":[{"not_picked":["Reckless Charge","Sentinel"],"picked":"Shrug It Off","floor":1},{"not_picked":["Shrug It Off","Wild Strike"],"picked":"Anger","floor":4},{"not_picked":["Pommel Strike","Bloodletting"],"picked":"Shrug It Off","floor":5},{"not_picked":["Burning Pact","Clothesline"],"picked":"Cleave","floor":6},{"not_picked":["Sword Boomerang","Fire Breathing"],"picked":"Pommel Strike","floor":7},{"not_picked":["Clothesline","Sentinel","Clash"],"picked":"SKIP","floor":8},{"not_picked":["Searing Blow","Body Slam"],"picked":"Armaments","floor":11}],"player_experience":1174943,"relics_obtained":[{"floor":6,"key":"MawBank"},{"floor":8,"key":"Lantern"},{"floor":9,"key":"hubris:TinFlute"},{"floor":11,"key":"Omamori"}],"event_choices":[{"damage_healed":0,"gold_gain":0,"player_choice":"Entered Light","damage_taken":23,"max_hp_gain":0,"max_hp_loss":0,"event_name":"Shining Light","floor":2,"gold_loss":0,"cards_upgraded":["Bash","Strike_R"]},{"damage_healed":0,"gold_gain":54,"player_choice":"Gained Gold","damage_taken":0,"max_hp_gain":0,"max_hp_loss":0,"event_name":"Golden Wing","floor":3,"gold_loss":0},{"damage_healed":18,"gold_gain":0,"player_choice":"Healed","damage_taken":0,"max_hp_gain":0,"max_hp_loss":0,"event_name":"The Cleric","floor":10,"gold_loss":35},{"damage_healed":0,"gold_gain":75,"player_choice":"Gather Gold","damage_taken":11,"max_hp_gain":0,"max_hp_loss":0,"event_name":"World of Goop","floor":14,"gold_loss":0}],"is_beta":false,"boss_relics":[],"items_purged_floors":[13],"is_endless":false,"potions_floor_spawned":[5,7,8],"killed_by":"Hexaghost","ascension_level":20}