{"gold_per_floor":[109,123,26,39,56,56,68,83,106,106,141,161,161,186,186,283,283,296,155,155,155,155,137,137,167,167,181,181,197,225,325,325,426,426,440,440,495,495,510,510,527,538,538,196,229,229,229,249,249,249],"floor_reached":51,"playtime":2303,"items_purged":["Decay"],"score":1423,"play_id":"6d59cb21-8235-4b9b-b328-54a0854c0048","local_time":"20181001163738","is_ascension_mode":true,"campfire_choices":[{"data":"Body Slam","floor":6,"key":"SMITH"},{"data":"Barricade","floor":10,"key":"SMITH"},{"data":"True Grit","floor":13,"key":"SMITH"},{"data":"Feed","floor":15,"key":"SMITH"},{"data":"Impervious","floor":24,"key":"SMITH"},{"data":"Battle Trance","floor":28,"key":"SMITH"},{"floor":32,"key":"REST"},{"data":"Offering","floor":40,"key":"SMITH"},{"floor":46,"key":"DIG"},{"floor":49,"key":"REST"}],"neow_cost":"CURSE","seed_source_timestamp":28634785425162,"circlet_count":0,"master_deck":["Strike_R+1","Strike_R+1","Strike_R+1","Strike_R+1","Defend_R+1","Defend_R+1","Defend_R+1","Defend_R+1","Bash","AscendersBane","Barricade+1","Battle Trance+1","Clothesline","Body Slam+1","Feed+1","True Grit+1","Offering+1","Impervious+1","Headbutt+1","Immolate","Double Tap","Body Slam","Impervious","Battle Trance","Shrug It Off","Metallicize+1"],"relics":["Burning Blood","Happy Flower","Ancient Tea Set","Bronze Scales","Lizard Tail","Bag of Marbles","Art of War","Meat on the Bone","Dream Catcher","Velvet Choker","Magic Flower","Charon\u0027s Ashes","Medical Kit","Shovel","Shuriken"],"potions_floor_usage":[11,12,33,33,50,50],"damage_taken":[{"damage":3,"enemies":"Cultist","floor":1,"turns":4},{"damage":5,"enemies":"2 Louse","floor":2,"turns":3},{"damage":7,"enemies":"Small Slimes","floor":4,"turns":4},{"damage":6,"enemies":"Looter","floor":5,"turns":4},{"damage":4,"enemies":"Large Slime","floor":7,"turns":7},{"damage":18,"enemies":"Red Slaver","floor":8,"turns":4},{"damage":38,"enemies":"3 Sentries","floor":11,"turns":10},{"damage":7,"enemies":"Looter","floor":12,"turns":3},{"damage":6,"enemies":"Lagavulin","floor":14,"turns":6},{"damage":6,"enemies":"The Guardian","floor":16,"turns":10},{"damage":41,"enemies":"Spheric Guardian","floor":18,"turns":6},{"damage":11,"enemies":"2 Thieves","floor":23,"turns":4},{"damage":0,"enemies":"Slavers","floor":25,"turns":5},{"damage":7,"enemies":"Snake Plant","floor":27,"turns":3},{"damage":6,"enemies":"Centurion and Healer","floor":29,"turns":5},{"damage":35,"enemies":"Gremlin Leader","floor":30,"turns":7},{"damage":72,"enemies":"Automaton","floor":33,"turns":13},{"damage":6,"enemies":"Orb Walker","floor":35,"turns":2},{"damage":20,"enemies":"Mysterious Sphere","floor":37,"turns":5},{"damage":18,"enemies":"3 Darklings","floor":39,"turns":6},{"damage":6,"enemies":"Sphere and 2 Shapes","floor":41,"turns":6},{"damage":26,"enemies":"Reptomancer","floor":42,"turns":4},{"damage":6,"enemies":"Giant Head","floor":45,"turns":6},{"damage":47,"enemies":"Transient","floor":48,"turns":5},{"damage":217,"enemies":"Donu and Deca","floor":50,"turns":13}],"seed_played":"4510176351091681739","potions_obtained":[{"floor":4,"key":"Regen Potion"},{"floor":7,"key":"SkillPotion"},{"floor":14,"key":"BloodPotion"},{"floor":16,"key":"Weak Potion"},{"floor":39,"key":"LiquidBronze"},{"floor":41,"key":"Regen Potion"}],"is_trial":false,"path_per_floor":["M","M","$","M","M","R","M","M","T","R","E","M","R","E","R","B",null,"M","?","$","?","$","M","R","E","T","M","R","M","E","?","R","B",null,"M","?","?","$","M","R","M","M","T","$","E","R","?","M","R","B"],"character_chosen":"IRONCLAD","items_purchased":["Body Slam","Impervious","Medical Kit"],"campfire_rested":2,"item_purchase_floors":[3,44,44],"current_hp_per_floor":[75,76,76,75,78,78,83,71,71,71,42,53,53,56,56,60,89,54,54,54,54,54,49,49,59,59,58,58,58,41,41,71,31,88,92,92,82,82,73,73,82,83,83,83,86,86,86,66,101,31],"gold":249,"neow_bonus":"THREE_RARE_CARDS","is_prod":false,"is_daily":false,"chose_seed":false,"campfire_upgraded":7,"win_rate":0,"timestamp":1538404658,"path_taken":["M","?","$","M","M","R","M","M","T","R","E","M","R","E","R","BOSS","M","?","$","?","$","M","R","E","T","M","R","M","E","?","R","BOSS","M","?","?","$","M","R","M","M","T","$","E","R","?","M","R","BOSS"],"build_version":"2018-09-27","purchased_purges":1,"victory":true,"max_hp_per_floor":[80,80,80,80,83,83,86,86,86,86,89,92,92,95,95,99,99,99,99,99,99,99,99,99,103,103,103,103,103,103,103,103,107,107,111,111,115,115,115,115,119,119,119,119,119,119,119,119,119,119],"card_choices":[{"not_picked":["Exhume","Brutality"],"picked":"Barricade","floor":0},{"not_picked":["Twin Strike","Spot Weakness"],"picked":"Battle Trance","floor":1},{"not_picked":["Perfected Strike","Twin Strike"],"picked":"Clothesline","floor":2},{"not_picked":["Headbutt","Corruption"],"picked":"Feed","floor":4},{"not_picked":["Sword Boomerang","Perfected Strike","Heavy Blade"],"picked":"SKIP","floor":5},{"not_picked":["Hemokinesis","Rage"],"picked":"True Grit","floor":7},{"not_picked":["Thunderclap","Shockwave","Pommel Strike"],"picked":"SKIP","floor":8},{"not_picked":["Armaments","Rampage"],"picked":"Offering","floor":11},{"not_picked":["Cleave","True Grit","Sentinel"],"picked":"SKIP","floor":12},{"not_picked":["Clothesline","Havoc","Blood for Blood"],"picked":"SKIP","floor":14},{"not_picked":["Brutality","Bludgeon"],"picked":"Impervious","floor":16},{"not_picked":["Clothesline+1","Flex","Perfected Strike+1"],"picked":"SKIP","floor":18},{"not_picked":["Fire Breathing","Pommel Strike","Cleave"],"picked":"SKIP","floor":23},{"not_picked":["Pummel+1","Cleave","Clothesline"],"picked":"SKIP","floor":25},{"not_picked":["Flex","Clash"],"picked":"Headbutt+1","floor":27},{"not_picked":["Intimidate","Sword Boomerang","Armaments+1"],"picked":"SKIP","floor":29},{"not_picked":["Second Wind","Heavy Blade"],"picked":"Immolate","floor":30},{"not_picked":["Exhume","Bludgeon"],"picked":"Double Tap","floor":33},{"not_picked":["Bloodletting","Inflame"],"picked":"Body Slam","floor":35},{"not_picked":["Warcry","Intimidate+1","Headbutt"],"picked":"SKIP","floor":39},{"not_picked":["Clothesline+1","Flex","Twin Strike+1"],"picked":"SKIP","floor":41},{"not_picked":["Flame Barrier","Rampage","True Grit"],"picked":"SKIP","floor":42},{"not_picked":["Havoc","Iron Wave"],"picked":"Battle Trance","floor":45},{"not_picked":["Armaments","Flex"],"picked":"Shrug It Off","floor":48},{"not_picked":["Disarm+1","Pommel Strike"],"picked":"Metallicize+1","floor":49}],"player_experience":566311,"relics_obtained":[{"floor":9,"key":"Happy Flower"},{"floor":11,"key":"Ancient Tea Set"},{"floor":14,"key":"Bronze Scales"},{"floor":25,"key":"Art of War"},{"floor":26,"key":"Meat on the Bone"},{"floor":30,"key":"Dream Catcher"},{"floor":37,"key":"Magic Flower"},{"floor":43,"key":"Charon\u0027s Ashes"},{"floor":45,"key":"Shovel"},{"floor":46,"key":"Shuriken"}],"event_choices":[{"event_name":"WeMeetAgain","player_choice":"Gold","floor":19,"damage_taken":0},{"event_name":"Back to Basics","player_choice":"Simplicity","floor":21,"damage_taken":0},{"event_name":"Golden Shrine","player_choice":"Pray","floor":31,"damage_taken":0},{"event_name":"Tomb of Lord Red Mask","player_choice":"Ignored","floor":36,"damage_taken":0},{"event_name":"Mysterious Sphere","player_choice":"Fight","floor":37,"damage_taken":0},{"event_name":"Falling","player_choice":"Removed Attack","floor":47,"damage_taken":0}],"is_beta":true,"boss_relics":[{"not_picked":["Runic Cube","Coffee Dripper"],"picked":"Lizard Tail"},{"not_picked":["Orrery","Pandora\u0027s Box"],"picked":"Velvet Choker"}],"items_purged_floors":[3],"is_endless":false,"potions_floor_spawned":[4,7,14,16,25,27,30,39,41,42],"ascension_level":12}