{"gold_per_floor":[119,119,129,129,146,146,171,171,171,171,184,213,213,243,243,243],"floor_reached":16,"playtime":553,"items_purged":[],"score":236,"play_id":"e73a64e5-931c-4462-8cca-756f095e81dc","local_time":"20190318172608","is_ascension_mode":true,"campfire_choices":[{"data":"Deadly Poison","floor":6,"key":"SMITH"},{"floor":8,"key":"REST"},{"data":"Neutralize","floor":10,"key":"SMITH"},{"floor":13,"key":"REST"},{"data":"Infinite Blades","floor":15,"key":"SMITH"}],"neow_cost":"NONE","seed_source_timestamp":31758299426275,"circlet_count":0,"master_deck":["AscendersBane","Defend_G","Defend_G","Defend_G","Defend_G","Defend_G","Strike_G","Strike_G","Strike_G","Strike_G","Strike_G","Survivor","Neutralize+1","Dodge and Roll","Deadly Poison+1","Footwork","PiercingWail","Backstab","Infinite Blades+1"],"relics":["Cracked Core","infinitespire:Cubic Diamond","Paper Crane","Kunai","Question Card","Du-Vu Doll","Smiling Mask"],"potions_floor_usage":[7,11],"damage_taken":[{"damage":0,"enemies":"Cultist","floor":1,"turns":4},{"damage":7,"enemies":"Jaw Worm","floor":3,"turns":8},{"damage":1,"enemies":"Small Slimes","floor":5,"turns":4},{"damage":45,"enemies":"Gremlin Nob","floor":7,"turns":5},{"damage":0,"enemies":"3 Louse","floor":11,"turns":2},{"damage":7,"enemies":"Lagavulin","floor":12,"turns":8},{"damage":10,"enemies":"3 Sentries","floor":14,"turns":10},{"damage":48,"enemies":"Slime Boss","floor":16,"turns":6}],"seed_played":"834781518011063306","potions_obtained":[{"floor":3,"key":"SkillPotion"},{"floor":5,"key":"Explosive Potion"},{"floor":12,"key":"Ancient Potion"}],"is_trial":false,"path_per_floor":["M","?","M","T","M","R","E","R","T","R","M","E","R","E","R","B"],"character_chosen":"THE_SILENT","items_purchased":[],"campfire_rested":2,"item_purchase_floors":[],"current_hp_per_floor":[65,65,58,58,57,57,12,33,33,33,33,26,47,37,37,0],"gold":243,"neow_bonus":"TEN_PERCENT_HP_BONUS","is_prod":false,"is_daily":false,"chose_seed":false,"campfire_upgraded":3,"win_rate":0,"timestamp":1552926368,"path_taken":["M","?","M","?","M","R","E","R","T","R","M","E","R","E","R","BOSS"],"build_version":"2019-01-23","purchased_purges":0,"victory":false,"max_hp_per_floor":[72,72,72,72,72,72,72,72,72,72,72,72,72,72,72,72],"card_choices":[{"not_picked":["Setup","Underhanded Strike"],"picked":"Dodge and Roll","floor":1},{"not_picked":["Cloak And Dagger","Catalyst"],"picked":"Deadly Poison","floor":3},{"not_picked":["Blade Dance","Setup"],"picked":"Footwork","floor":5},{"not_picked":["Burst","Deadly Poison"],"picked":"PiercingWail","floor":7},{"not_picked":["Flying Knee","Sucker Punch","Outmaneuver"],"picked":"Backstab","floor":11},{"not_picked":["Bullet Time","Accuracy","hubris:SlightOfHand","hubris:TrickCloak"],"picked":"SKIP","floor":12},{"not_picked":["Underhanded Strike","Concentrate","Riddle With Holes"],"picked":"Infinite Blades","floor":14}],"player_experience":1437328,"relics_obtained":[{"floor":4,"key":"Paper Crane"},{"floor":7,"key":"Kunai"},{"floor":9,"key":"Question Card"},{"floor":12,"key":"Du-Vu Doll"},{"floor":14,"key":"Smiling Mask"}],"event_choices":[],"is_beta":false,"boss_relics":[],"items_purged_floors":[],"is_endless":false,"potions_floor_spawned":[3,5,12],"killed_by":"Slime Boss","ascension_level":20}