{"gold_per_floor":[118,135,145,19,19,19,53,64,91,141,53,86,86,86,86,86],"floor_reached":16,"playtime":1211,"items_purged":["Strike_R"],"score":194,"play_id":"82fafe68-3794-4205-bc5d-a5557225700a","local_time":"20181101211813","is_ascension_mode":true,"campfire_choices":[{"data":"Body Slam","floor":6,"key":"SMITH"},{"data":"Armaments","floor":13,"key":"SMITH"},{"data":"Hemokinesis","floor":15,"key":"SMITH"}],"neow_cost":"NONE","seed_source_timestamp":16998772116528,"circlet_count":0,"master_deck":["AscendersBane","Strike_R","Strike_R","Strike_R","Strike_R","Defend_R","Defend_R","Defend_R","Defend_R","Bash","Clothesline","Body Slam+1","Hemokinesis+1","Shrug It Off","Second Wind","Entrench","Fiend Fire","Armaments+1"],"relics":["Burning Blood","NeowsBlessing","Juzu Bracelet","Regal Pillow","Bag of Marbles","Golden Idol"],"potions_floor_usage":[7,12],"damage_taken":[{"damage":0,"enemies":"Cultist","floor":1,"turns":1},{"damage":0,"enemies":"2 Louse","floor":2,"turns":1},{"damage":0,"enemies":"Small Slimes","floor":3,"turns":1},{"damage":20,"enemies":"3 Sentries","floor":7,"turns":9},{"damage":16,"enemies":"Exordium Wildlife","floor":8,"turns":7},{"damage":20,"enemies":"Lagavulin","floor":12,"turns":6},{"damage":54,"enemies":"Hexaghost","floor":16,"turns":16}],"seed_played":"-3440460391891589307","potions_obtained":[{"floor":2,"key":"Explosive Potion"},{"floor":3,"key":"Regen Potion"},{"floor":5,"key":"Poison Potion"}],"is_trial":false,"path_per_floor":["M","M","M","$","?","R","E","M","T","?","$","E","R","?","R","B"],"character_chosen":"IRONCLAD","items_purchased":["Shrug It Off","Fiend Fire"],"campfire_rested":0,"item_purchase_floors":[4,11],"current_hp_per_floor":[74,75,75,75,75,75,61,51,51,51,51,52,52,52,52,0],"gold":86,"neow_bonus":"THREE_ENEMY_KILL","is_prod":false,"is_daily":false,"chose_seed":false,"campfire_upgraded":3,"win_rate":0,"timestamp":1541103493,"path_taken":["M","M","?","$","?","R","E","M","T","?","?","E","R","?","R","BOSS"],"build_version":"2018-10-31v2","purchased_purges":1,"victory":false,"max_hp_per_floor":[75,75,75,75,75,75,75,75,75,75,75,75,75,68,68,68],"card_choices":[{"not_picked":["Ghostly Armor","Blood for Blood"],"picked":"Clothesline","floor":1},{"not_picked":["Sword Boomerang","Sever Soul"],"picked":"Body Slam","floor":2},{"not_picked":["Evolve","Havoc"],"picked":"Hemokinesis","floor":3},{"not_picked":["Twin Strike","Searing Blow"],"picked":"Second Wind","floor":7},{"not_picked":["Thunderclap","Ghostly Armor"],"picked":"Entrench","floor":8},{"not_picked":["Sever Soul","Twin Strike"],"picked":"Armaments","floor":12}],"player_experience":746083,"relics_obtained":[{"floor":7,"key":"Juzu Bracelet"},{"floor":9,"key":"Regal Pillow"},{"floor":12,"key":"Bag of Marbles"}],"event_choices":[{"damage_healed":0,"gold_gain":0,"player_choice":"Got Potions","damage_taken":0,"max_hp_gain":0,"max_hp_loss":0,"event_name":"Lab","floor":5,"gold_loss":0},{"damage_healed":0,"gold_gain":50,"player_choice":"Pray","damage_taken":0,"max_hp_gain":0,"max_hp_loss":0,"event_name":"Golden Shrine","floor":10,"gold_loss":0},{"damage_healed":0,"gold_gain":0,"player_choice":"Lose Max HP","damage_taken":0,"relics_obtained":["Golden Idol"],"max_hp_gain":0,"max_hp_loss":7,"event_name":"Golden Idol","floor":14,"gold_loss":0}],"is_beta":true,"boss_relics":[],"items_purged_floors":[4],"is_endless":false,"potions_floor_spawned":[2,3],"killed_by":"Hexaghost","ascension_level":16}