{"gold_per_floor":[113,124,136,211,211,211,224,253,302,302,314,314,346,360,360,434,434,446,446,116,130,145,145,176,191,191,191],"floor_reached":27,"playtime":856,"items_purged":["Strike_B"],"score":640,"play_id":"68eda26f-39a5-41ce-bf2d-36979df62723","local_time":"20190414210259","is_ascension_mode":true,"campfire_choices":[{"data":"Darkness","floor":6.0,"key":"SMITH"},{"data":"Buffer","floor":10.0,"key":"SMITH"},{"data":"Zap","floor":12.0,"key":"SMITH"},{"data":"Coolheaded","floor":15.0,"key":"SMITH"},{"floor":23.0,"key":"REST"}],"neow_cost":"NONE","seed_source_timestamp":0,"circlet_count":0,"master_deck":["AscendersBane","Strike_B","Defend_B","Defend_B","Defend_B","Defend_B","Zap+1","Dualcast","Darkness+1","Ball Lightning","Coolheaded+1","Sweeping Beam","Buffer+1","Doom and Gloom","Rainbow","Chill","Chaos","Electrodynamics","Consume","Conserve Battery+1","Steam","Coolheaded"],"special_seed":0,"relics":["Cracked Core","Bag of Preparation","Ornamental Fan","Strawberry","Art of War","Sozu","PreservedInsect","Vajra","Dream Catcher"],"potions_floor_usage":[],"damage_taken":[{"damage":1.0,"enemies":"Cultist","floor":1.0,"turns":3.0},{"damage":0.0,"enemies":"2 Louse","floor":2.0,"turns":2.0},{"damage":4.0,"enemies":"Jaw Worm","floor":3.0,"turns":4.0},{"damage":5.0,"enemies":"Looter","floor":7.0,"turns":4.0},{"damage":9.0,"enemies":"Gremlin Nob","floor":8.0,"turns":3.0},{"damage":0.0,"enemies":"Large Slime","floor":11.0,"turns":4.0},{"damage":0.0,"enemies":"Lagavulin","floor":13.0,"turns":4.0},{"damage":7.0,"enemies":"2 Fungi Beasts","floor":14.0,"turns":3.0},{"damage":0.0,"enemies":"Slime Boss","floor":16.0,"turns":8.0},{"damage":0.0,"enemies":"Spheric Guardian","floor":18.0,"turns":4.0},{"damage":18.0,"enemies":"2 Thieves","floor":21.0,"turns":3.0},{"damage":29.0,"enemies":"Chosen and Byrds","floor":22.0,"turns":5.0},{"damage":18.0,"enemies":"Book of Stabbing","floor":24.0,"turns":5.0},{"damage":21.0,"enemies":"Centurion and Healer","floor":25.0,"turns":6.0},{"damage":14,"enemies":"Slavers","floor":27,"turns":1}],"seed_played":"-8686746086612034770","potions_obtained":[{"floor":1.0,"key":"Dexterity Potion"},{"floor":3.0,"key":"Poison Potion"},{"floor":8.0,"key":"SneckoOil"},{"floor":13.0,"key":"SteroidPotion"}],"is_trial":false,"path_per_floor":["M","M","M","?","?","R","M","E","T","R","M","R","E","M","R","B",null,"M","?","$","M","M","R","E","M","T","E"],"character_chosen":"DEFECT","items_purchased":["PreservedInsect","Consume"],"campfire_rested":1,"item_purchase_floors":[20,20],"current_hp_per_floor":[63,63,59,48,53,53,48,39,46,46,46,46,46,39,39,39,72,72,72,72,54,25,49,31,10,10,0],"gold":191,"neow_bonus":"RANDOM_COMMON_RELIC","is_prod":false,"is_daily":false,"chose_seed":false,"campfire_upgraded":4,"win_rate":0,"timestamp":1555268579,"path_taken":["M","?","M","?","?","R","M","E","T","R","M","R","E","M","R","BOSS","M","?","$","M","M","R","E","M","T","E"],"build_version":"2019-01-23","purchased_purges":1,"victory":false,"max_hp_per_floor":[71,71,71,71,76,76,76,76,83,83,83,83,83,83,83,83,83,83,83,83,83,83,83,83,83,83,83],"card_choices":[{"not_picked":["Force Field","Hologram"],"picked":"Darkness","floor":1.0},{"not_picked":["Cold Snap","Go for the Eyes"],"picked":"Ball Lightning","floor":2.0},{"not_picked":["Auto Shields","Rebound"],"picked":"Coolheaded","floor":3.0},{"not_picked":["Stack","Streamline"],"picked":"Sweeping Beam","floor":7.0},{"not_picked":["Genetic Algorithm","Aggregate"],"picked":"Buffer","floor":8.0},{"not_picked":["Gash","Streamline","Turbo"],"picked":"SKIP","floor":11.0},{"not_picked":["Stack","Steam"],"picked":"Doom and Gloom","floor":13.0},{"not_picked":["Coolheaded","Gash","BootSequence"],"picked":"SKIP","floor":14.0},{"not_picked":["Hyperbeam","Core Surge"],"picked":"Rainbow","floor":16.0},{"not_picked":["Sweeping Beam","Ball Lightning"],"picked":"Chill","floor":18.0},{"not_picked":["Scrape","Rebound"],"picked":"Conserve Battery+1","floor":21.0},{"not_picked":["Recycle","Rebound"],"picked":"Steam","floor":22.0},{"not_picked":["Sweeping Beam","FTL","Rebound"],"picked":"SKIP","floor":24.0},{"not_picked":["Force Field","Streamline+1"],"picked":"Coolheaded","floor":25.0}],"player_experience":1599052,"relics_obtained":[{"floor":8.0,"key":"Ornamental Fan"},{"floor":9.0,"key":"Strawberry"},{"floor":13.0,"key":"Art of War"},{"floor":24.0,"key":"Vajra"},{"floor":26.0,"key":"Dream Catcher"}],"event_choices":[{"damage_healed":0.0,"max_hp_gain":0.0,"max_hp_loss":0.0,"gold_gain":75.0,"event_name":"World of Goop","player_choice":"Gather Gold","floor":4.0,"gold_loss":0.0,"damage_taken":11.0},{"damage_healed":0.0,"max_hp_gain":5.0,"max_hp_loss":0.0,"gold_gain":0.0,"event_name":"Big Fish","player_choice":"Donut","floor":5.0,"gold_loss":0.0,"damage_taken":0.0},{"damage_healed":0.0,"max_hp_gain":0.0,"max_hp_loss":0.0,"gold_gain":0.0,"cards_transformed":["Strike_B","Strike_B"],"event_name":"Drug Dealer","player_choice":"Became Test Subject","floor":19.0,"gold_loss":0.0,"damage_taken":0.0,"cards_obtained":["Chaos","Electrodynamics"]}],"is_beta":false,"boss_relics":[{"not_picked":["Runic Dome","Empty Cage"],"picked":"Sozu"}],"items_purged_floors":[20],"is_endless":false,"potions_floor_spawned":[1,3,8,13,22,24],"killed_by":"Slavers","ascension_level":20}