{"gold_per_floor":[113,38,38,113,30,44,71,71,71,81,81,111,111,111,111,190,190,90,104,134,59,79,106,106,125,125,25,39,39,39,39,39,110,110,128,140,140,158,158],"floor_reached":39,"playtime":1531,"items_purged":["Writhe","Strike_R"],"score":885,"play_id":"9a4f6808-9db1-487a-9521-2fc05cc43506","local_time":"20190305105857","is_ascension_mode":true,"campfire_choices":[{"data":"Bash","floor":8.0,"key":"SMITH"},{"data":"Armaments","floor":11.0,"key":"SMITH"},{"data":"Disarm","floor":13.0,"key":"SMITH"},{"floor":15.0,"key":"REST"},{"data":"Demon Form","floor":24.0,"key":"SMITH"},{"floor":30.0,"key":"REST"},{"floor":32.0,"key":"REST"}],"neow_cost":"NONE","seed_source_timestamp":0,"circlet_count":0,"master_deck":["AscendersBane","Strike_R+1","Defend_R","Defend_R","Defend_R+1","Bash+1","Pommel Strike","Disarm+1","Clothesline","Shrug It Off","Armaments+1","Shrug It Off","Demon Form+1","Pummel","Shrug It Off","Metallicize","Sword Boomerang","Necronomicurse","Feed+1","Reckless Charge+1","Iron Wave+1","Cleave+1","Twin Strike","Heavy Blade"],"special_seed":0,"relics":["Burning Blood","NeowsBlessing","Ornamental Fan","Self Forming Clay","Art of War","Runic Pyramid","Tiny Chest","Singing Bowl","Ice Cream","Necronomicon","Astrolabe"],"potions_floor_usage":[39,39],"damage_taken":[{"damage":0.0,"enemies":"2 Louse","floor":1.0,"turns":1.0},{"damage":0.0,"enemies":"Jaw Worm","floor":6.0,"turns":1.0},{"damage":0.0,"enemies":"Lagavulin","floor":7.0,"turns":1.0},{"damage":11.0,"enemies":"Small Slimes","floor":10.0,"turns":5.0},{"damage":37.0,"enemies":"Gremlin Nob","floor":12.0,"turns":5.0},{"damage":20.0,"enemies":"The Guardian","floor":16.0,"turns":17.0},{"damage":16.0,"enemies":"2 Thieves","floor":18.0,"turns":5.0},{"damage":9.0,"enemies":"Shell Parasite","floor":19.0,"turns":11.0},{"damage":3.0,"enemies":"Snake Plant","floor":22.0,"turns":7.0},{"damage":28.0,"enemies":"Book of Stabbing","floor":23.0,"turns":10.0},{"damage":12.0,"enemies":"Centurion and Healer","floor":25.0,"turns":7.0},{"damage":12.0,"enemies":"Sentry and Sphere","floor":28.0,"turns":7.0},{"damage":10.0,"enemies":"Champ","floor":33.0,"turns":11.0},{"damage":7.0,"enemies":"3 Shapes","floor":35.0,"turns":10.0},{"damage":20.0,"enemies":"Orb Walker","floor":36.0,"turns":4.0},{"damage":22.0,"enemies":"Maw","floor":38.0,"turns":7.0},{"damage":87,"enemies":"Transient","floor":39,"turns":5}],"seed_played":"3056243000701165921","potions_obtained":[{"floor":6.0,"key":"Regen Potion"},{"floor":7.0,"key":"LiquidBronze"},{"floor":25.0,"key":"LiquidBronze"}],"is_trial":false,"path_per_floor":["M","?","?","?","$","M","E","R","T","M","R","E","R","?","R","B",null,"M","M","?","$","M","E","R","M","T","$","M","?","R","?","R","B",null,"M","M","?","M","M"],"character_chosen":"IRONCLAD","items_purchased":["Disarm"],"campfire_rested":3,"item_purchase_floors":[5],"current_hp_per_floor":[74,74,79,68,68,74,80,80,80,75,75,44,44,20,44,30,68,58,55,55,55,58,38,38,32,32,32,28,7,32,32,57,53,76,78,70,70,58,0],"gold":158,"neow_bonus":"THREE_ENEMY_KILL","is_prod":false,"is_daily":false,"chose_seed":false,"campfire_upgraded":4,"win_rate":0,"timestamp":1551779937,"path_taken":["M","?","?","?","$","M","E","R","T","M","R","E","R","?","R","BOSS","M","M","?","$","M","E","R","M","T","$","M","?","R","?","R","BOSS","M","M","?","M","?"],"build_version":"2019-01-23","purchased_purges":2,"victory":false,"max_hp_per_floor":[75,75,80,80,80,80,80,80,80,80,80,80,80,80,80,80,80,80,80,80,80,80,82,82,82,82,82,84,84,84,84,84,84,84,87,93,93,97,97],"card_choices":[{"not_picked":["Clothesline","Shrug It Off"],"picked":"Pommel Strike","floor":1.0},{"not_picked":["Flex","Headbutt"],"picked":"Clothesline","floor":6.0},{"not_picked":["Metallicize","Corruption"],"picked":"Shrug It Off","floor":7.0},{"not_picked":["Cleave","Thunderclap"],"picked":"Armaments","floor":10.0},{"not_picked":["Sever Soul","Bloodletting"],"picked":"Shrug It Off","floor":12.0},{"not_picked":["Feed","Limit Break"],"picked":"Demon Form","floor":16.0},{"not_picked":["Battle Trance","Iron Wave"],"picked":"Pummel","floor":18.0},{"not_picked":["Dual Wield","Perfected Strike"],"picked":"Shrug It Off","floor":19.0},{"not_picked":["Pommel Strike","Havoc"],"picked":"Metallicize","floor":22.0},{"not_picked":["Armaments","Dual Wield","Dark Embrace"],"picked":"Singing Bowl","floor":23.0},{"not_picked":["Body Slam","True Grit"],"picked":"Sword Boomerang","floor":25.0},{"not_picked":["Body Slam","Uppercut","Second Wind"],"picked":"Singing Bowl","floor":28.0},{"not_picked":["Demon Form","Exhume"],"picked":"Feed","floor":33.0},{"not_picked":["Perfected Strike+1","Second Wind"],"picked":"Twin Strike","floor":35.0},{"not_picked":["Uppercut","Thunderclap","Havoc"],"picked":"Singing Bowl","floor":36.0},{"not_picked":["Hemokinesis","Cleave+1"],"picked":"Heavy Blade","floor":38.0}],"player_experience":1367325,"relics_obtained":[{"floor":7.0,"key":"Ornamental Fan"},{"floor":9.0,"key":"Self Forming Clay"},{"floor":12.0,"key":"Art of War"},{"floor":23.0,"key":"Singing Bowl"},{"floor":26.0,"key":"Ice Cream"},{"floor":29.0,"key":"Necronomicon"}],"event_choices":[{"cards_removed":["Strike_R"],"damage_healed":0.0,"max_hp_gain":0.0,"max_hp_loss":0.0,"gold_gain":0.0,"event_name":"The Cleric","player_choice":"Card Removal","floor":2.0,"gold_loss":75.0,"damage_taken":0.0},{"damage_healed":0.0,"max_hp_gain":5.0,"max_hp_loss":0.0,"gold_gain":0.0,"event_name":"Big Fish","player_choice":"Donut","floor":3.0,"gold_loss":0.0,"damage_taken":0.0},{"damage_healed":0.0,"max_hp_gain":0.0,"max_hp_loss":0.0,"gold_gain":75.0,"event_name":"World of Goop","player_choice":"Gather Gold","floor":4.0,"gold_loss":0.0,"damage_taken":11.0},{"damage_healed":0.0,"max_hp_gain":0.0,"max_hp_loss":0.0,"gold_gain":0.0,"event_name":"Shining Light","player_choice":"Entered Light","floor":14.0,"gold_loss":0.0,"damage_taken":24.0,"cards_upgraded":["Defend_R","Strike_R"]},{"damage_healed":0.0,"max_hp_gain":0.0,"max_hp_loss":0.0,"gold_gain":0.0,"event_name":"The Mausoleum","player_choice":"Opened","floor":20.0,"gold_loss":0.0,"damage_taken":0.0,"relics_obtained":["Tiny Chest"],"cards_obtained":["Writhe"]},{"damage_healed":0.0,"max_hp_gain":0.0,"max_hp_loss":0.0,"gold_gain":0.0,"event_name":"Cursed Tome","player_choice":"Obtained Book","floor":29.0,"gold_loss":0.0,"damage_taken":21.0},{"damage_healed":0.0,"max_hp_gain":0.0,"max_hp_loss":0.0,"gold_gain":0.0,"event_name":"Vampires","player_choice":"Ignored","floor":31.0,"gold_loss":0.0,"damage_taken":0.0},{"damage_healed":0.0,"max_hp_gain":0.0,"max_hp_loss":0.0,"gold_gain":0.0,"event_name":"Upgrade Shrine","player_choice":"Upgraded","floor":37.0,"gold_loss":0.0,"damage_taken":0.0,"cards_upgraded":["Feed"]}],"is_beta":false,"boss_relics":[{"not_picked":["Black Star","Ectoplasm"],"picked":"Runic Pyramid"},{"not_picked":["Fusion Hammer","Eternal Feather"],"picked":"Astrolabe"}],"items_purged_floors":[21,27],"is_endless":false,"potions_floor_spawned":[6,7,25,28,33,38],"killed_by":"Transient","ascension_level":20}