{"gold_per_floor":[116,8,20,34,34,53,81,111,111,36,36,66,76,87,87,87],"floor_reached":16,"playtime":1171,"items_purged":["Strike_G"],"score":123,"play_id":"5a42a48e-44c0-4a09-9c12-0183f0d802e1","local_time":"20190213062556","is_ascension_mode":true,"campfire_choices":[{"floor":11,"key":"REST"},{"floor":15,"key":"REST"}],"neow_cost":"NONE","seed_source_timestamp":382398337688426,"circlet_count":0,"master_deck":["Defend_G","Defend_G","Defend_G","Defend_G","Defend_G","Strike_G","Strike_G","Strike_G","Strike_G","Survivor","Neutralize","Tactician","Acrobatics","Dagger Throw","Outmaneuver","Backflip","Underhanded Strike","Tactician","Tactician","Backflip","Quick Slash"],"relics":["Ring of the Snake","NeowsBlessing","Turnip","Mercury Hourglass","Anchor"],"potions_floor_usage":[6,7,12],"damage_taken":[{"damage":0,"enemies":"Jaw Worm","floor":1,"turns":1},{"damage":0,"enemies":"Small Slimes","floor":3,"turns":1},{"damage":0,"enemies":"Cultist","floor":4,"turns":1},{"damage":13,"enemies":"Lots of Slimes","floor":6,"turns":3},{"damage":44,"enemies":"Lagavulin","floor":7,"turns":10},{"damage":20,"enemies":"Gremlin Nob","floor":12,"turns":4},{"damage":1,"enemies":"Looter","floor":13,"turns":3},{"damage":0,"enemies":"2 Fungi Beasts","floor":14,"turns":4},{"damage":19,"enemies":"Hexaghost","floor":16,"turns":10}],"seed_played":"4810761593330026986","potions_obtained":[{"floor":3,"key":"Explosive Potion"},{"floor":6,"key":"PowerPotion"},{"floor":7,"key":"SteroidPotion"},{"floor":14,"key":"SteroidPotion"}],"is_trial":false,"path_per_floor":["M","$","M","M","?","M","E","?","T","$","R","E","M","M","R","B"],"character_chosen":"THE_SILENT","items_purchased":["Acrobatics","Dagger Throw"],"campfire_rested":2,"item_purchase_floors":[2,2],"current_hp_per_floor":[70,70,70,70,58,45,1,1,1,1,22,2,1,1,22,3],"gold":87,"neow_bonus":"THREE_ENEMY_KILL","is_prod":false,"is_daily":false,"chose_seed":false,"campfire_upgraded":0,"win_rate":0,"timestamp":1550067956,"path_taken":["M","$","M","M","?","M","E","?","T","?","R","E","M","M","R","BOSS"],"build_version":"2019-01-23","purchased_purges":1,"victory":false,"max_hp_per_floor":[70,70,70,70,70,70,70,70,70,70,70,70,70,70,70,70],"card_choices":[{"not_picked":["Dagger Spray","Eviscerate"],"picked":"Tactician","floor":1},{"not_picked":["Catalyst","Prepared"],"picked":"Outmaneuver","floor":3},{"not_picked":["Finisher","Underhanded Strike"],"picked":"Backflip","floor":4},{"not_picked":["Prepared","Deflect"],"picked":"Underhanded Strike","floor":6},{"not_picked":["Cloak And Dagger","Outmaneuver"],"picked":"Tactician","floor":7},{"not_picked":["Bane","Quick Slash"],"picked":"Tactician","floor":12},{"not_picked":["Dagger Spray","Flechettes"],"picked":"Backflip","floor":13},{"not_picked":["Expertise","Leg Sweep"],"picked":"Quick Slash","floor":14}],"player_experience":157631,"relics_obtained":[{"floor":7,"key":"Mercury Hourglass"},{"floor":12,"key":"Anchor"}],"event_choices":[{"damage_healed":0,"gold_gain":0,"player_choice":"Success","damage_taken":12,"relics_obtained":["Turnip"],"max_hp_gain":0,"max_hp_loss":0,"event_name":"Scrap Ooze","floor":5,"gold_loss":0},{"damage_healed":0,"gold_gain":30,"player_choice":"Searched \u00272\u0027 times","damage_taken":0,"max_hp_gain":0,"max_hp_loss":0,"event_name":"Dead Adventurer","floor":8,"gold_loss":0}],"is_beta":false,"boss_relics":[],"items_purged_floors":[10],"is_endless":false,"potions_floor_spawned":[3,6,7,14],"killed_by":"Hexaghost","ascension_level":2}