{"gold_per_floor":[14,33,33,53,53,85,85,153,235,247,247,247,247,276,276,376,376,390,410,425,525,525,525,525,525,548,583,583,92,120,130,130,227,227,240,251,264,274,73,103,103,135,135,168,218,237,249,283,283,283],"floor_reached":51,"playtime":4100,"items_purged":[],"score":1431,"play_id":"0e74d403-f37e-4c02-bd67-637607470e3c","local_time":"20180916134529","is_ascension_mode":true,"campfire_choices":[{"data":"Zap","floor":7,"key":"SMITH"},{"data":"Buffer","floor":13,"key":"SMITH"},{"data":"Electrodynamics","floor":15,"key":"SMITH"},{"data":"Capacitor","floor":23,"key":"SMITH"},{"data":"Dualcast","floor":25,"key":"SMITH"},{"data":"Sunder","floor":28,"key":"SMITH"},{"floor":32,"key":"REST"},{"data":"Echo Form","floor":41,"key":"SMITH"},{"data":"White Noise","floor":49,"key":"SMITH"}],"neow_cost":"NO_GOLD","seed_source_timestamp":11677274273672,"circlet_count":0,"master_deck":["Strike_B","Strike_B","Strike_B+1","Strike_B","Defend_B","Defend_B","Defend_B","Defend_B","Zap+1","Dualcast+1","AscendersBane","Electrodynamics+1","Defragment+1","Turbo+1","Genetic Algorithm","Buffer+1","Gash","Capacitor+1","Seek","Sunder+1","Barrage","Defragment+1","Multi-Cast","Echo Form+1","Steam Power","Reprogram","Hyperbeam","Beam Cell","Tempest","Double Energy+1","Self Repair","Double Energy+1","Tempest","White Noise+1","White Noise+1","Core Surge","Static Discharge"],"relics":["Cracked Core","Anchor","Darkstone Periapt","Mercury Hourglass","Centennial Puzzle","Runic Dome","Pantograph","Blood Vial","Incense Burner","Strawberry","Bottled Flame","Orichalcum","Eternal Feather","DollysMirror","Bag of Marbles","Ancient Tea Set","Lantern","Blue Candle","Girya","Bag of Preparation"],"potions_floor_usage":[6,14,20,20,30,36,40,48],"damage_taken":[{"damage":12,"enemies":"Jaw Worm","floor":1,"turns":2},{"damage":2,"enemies":"2 Louse","floor":2,"turns":2},{"damage":0,"enemies":"Small Slimes","floor":4,"turns":2},{"damage":34,"enemies":"Gremlin Nob","floor":6,"turns":4},{"damage":13,"enemies":"Blue Slaver","floor":10,"turns":4},{"damage":0,"enemies":"Lagavulin","floor":14,"turns":5},{"damage":0,"enemies":"Slime Boss","floor":16,"turns":6},{"damage":2,"enemies":"Chosen","floor":18,"turns":3},{"damage":6,"enemies":"2 Thieves","floor":19,"turns":3},{"damage":8,"enemies":"Snake Plant","floor":20,"turns":4},{"damage":23,"enemies":"Gremlin Leader","floor":27,"turns":6},{"damage":9,"enemies":"Slavers","floor":30,"turns":3},{"damage":0,"enemies":"Sentry and Sphere","floor":31,"turns":5},{"damage":41,"enemies":"Collector","floor":33,"turns":6},{"damage":0,"enemies":"Orb Walker","floor":35,"turns":4},{"damage":0,"enemies":"3 Darklings","floor":36,"turns":2},{"damage":0,"enemies":"Maw","floor":37,"turns":7},{"damage":0,"enemies":"4 Shapes","floor":38,"turns":4},{"damage":10,"enemies":"Giant Head","floor":40,"turns":8},{"damage":34,"enemies":"2 Orb Walkers","floor":42,"turns":3},{"damage":7,"enemies":"Giant Head","floor":44,"turns":7},{"damage":8,"enemies":"Mysterious Sphere","floor":45,"turns":3},{"damage":1,"enemies":"Sphere and 2 Shapes","floor":46,"turns":3},{"damage":29,"enemies":"Spire Growth","floor":47,"turns":4},{"damage":0,"enemies":"2 Orb Walkers","floor":48,"turns":2},{"damage":80,"enemies":"Time Eater","floor":50,"turns":8}],"seed_played":"2186449531760192899","potions_obtained":[{"floor":1,"key":"Regen Potion"},{"floor":10,"key":"Poison Potion"},{"floor":16,"key":"SkillPotion"},{"floor":18,"key":"Weak Potion"},{"floor":27,"key":"SpeedPotion"},{"floor":33,"key":"GamblersBrew"},{"floor":35,"key":"SkillPotion"},{"floor":36,"key":"Strength Potion"},{"floor":40,"key":"Strength Potion"},{"floor":45,"key":"SkillPotion"}],"is_trial":false,"path_per_floor":["M","M","?","M","?","E","R","T","T","M","?","?","R","E","R","B",null,"M","M","M","?","?","R","T","R","T","E","R","$","E","M","R","B",null,"M","M","M","M","$","E","R","E","T","E","?","M","M","E","R","B"],"character_chosen":"DEFECT","items_purchased":["Echo Form","Strawberry","Bottled Flame","DollysMirror"],"campfire_rested":1,"item_purchase_floors":[29,29,29,39],"current_hp_per_floor":[56,54,39,39,39,17,17,17,17,4,29,29,29,29,29,29,64,62,56,55,55,55,55,55,55,55,34,34,41,34,36,60,41,72,74,76,78,80,80,79,82,48,48,50,44,52,32,34,55,9],"gold":283,"neow_bonus":"THREE_RARE_CARDS","is_prod":false,"is_daily":false,"chose_seed":false,"campfire_upgraded":8,"win_rate":0,"timestamp":1537098329,"path_taken":["M","M","?","M","?","E","R","?","T","?","?","?","R","E","R","BOSS","M","M","M","?","?","R","?","R","T","E","R","?","E","?","R","BOSS","M","M","M","M","$","E","R","E","T","E","?","M","M","E","R","BOSS"],"build_version":"2018-09-12","purchased_purges":0,"victory":true,"max_hp_per_floor":[75,75,75,75,75,75,75,75,75,75,75,75,75,75,75,75,75,75,75,75,75,75,75,75,75,75,75,75,82,82,82,82,82,82,82,82,82,82,82,82,82,82,82,82,82,82,82,82,82,82],"card_choices":[{"not_picked":["All For One","Buffer"],"picked":"Electrodynamics","floor":0},{"not_picked":["Beam Cell","Coolheaded"],"picked":"Defragment","floor":1},{"not_picked":["Cold Snap","Stack"],"picked":"Turbo","floor":2},{"not_picked":["Scrape","Blizzard"],"picked":"Genetic Algorithm","floor":4},{"not_picked":["Gash","Hologram"],"picked":"Buffer","floor":6},{"not_picked":["Hologram","Ball Lightning"],"picked":"Gash","floor":10},{"not_picked":["Sweeping Beam","Redo"],"picked":"Capacitor","floor":14},{"not_picked":["Rainbow","Hyperbeam"],"picked":"Seek","floor":16},{"not_picked":["Hologram","Compile Driver"],"picked":"Sunder","floor":18},{"not_picked":["Ball Lightning","Gash"],"picked":"Barrage","floor":19},{"not_picked":["Compile Driver","Stack+1"],"picked":"Defragment","floor":20},{"not_picked":["Beam Cell","Redo"],"picked":"Multi-Cast","floor":27},{"not_picked":["Rip and Tear","Darkness"],"picked":"Steam Power","floor":30},{"not_picked":["Rebound","Streamline"],"picked":"Reprogram","floor":31},{"not_picked":["Buffer","Electrodynamics"],"picked":"Hyperbeam","floor":33},{"not_picked":["Undo","Steam"],"picked":"Beam Cell","floor":35},{"not_picked":["Steam","Redo"],"picked":"Tempest","floor":36},{"not_picked":["Redo","Force Field"],"picked":"Double Energy+1","floor":37},{"not_picked":["Rip and Tear+1","Skim"],"picked":"Self Repair","floor":38},{"not_picked":["Turbo","Compile Driver+1"],"picked":"Tempest","floor":40},{"not_picked":["Rebound","Barrage"],"picked":"White Noise+1","floor":42},{"not_picked":["Cold Snap","Glacier+1"],"picked":"White Noise","floor":44},{"not_picked":["Undo+1","Aggregate"],"picked":"Core Surge","floor":46},{"not_picked":["Steam+1","Barrage","Hologram"],"picked":"SKIP","floor":47},{"not_picked":["Darkness","Lockon"],"picked":"Static Discharge","floor":48}],"player_experience":438959,"relics_obtained":[{"floor":6,"key":"Anchor"},{"floor":8,"key":"Darkstone Periapt"},{"floor":9,"key":"Mercury Hourglass"},{"floor":14,"key":"Centennial Puzzle"},{"floor":24,"key":"Pantograph"},{"floor":26,"key":"Blood Vial"},{"floor":27,"key":"Incense Burner"},{"floor":30,"key":"Orichalcum"},{"floor":40,"key":"Bag of Marbles"},{"floor":42,"key":"Ancient Tea Set"},{"floor":43,"key":"Lantern"},{"floor":44,"key":"Blue Candle"},{"floor":45,"key":"Girya"},{"floor":48,"key":"Bag of Preparation"}],"event_choices":[{"event_name":"Shining Light","player_choice":"Entered Light","floor":3,"damage_taken":0},{"event_name":"Golden Wing","player_choice":"Ignored","floor":5,"damage_taken":0},{"event_name":"Big Fish","player_choice":"Banana","floor":11,"damage_taken":0},{"event_name":"Upgrade Shrine","player_choice":"Upgraded","floor":12,"damage_taken":0},{"event_name":"Golden Shrine","player_choice":"Pray","floor":21,"damage_taken":0},{"event_name":"Upgrade Shrine","player_choice":"Upgraded","floor":22,"damage_taken":0},{"event_name":"Mysterious Sphere","player_choice":"Fight","floor":45,"damage_taken":0}],"is_beta":true,"boss_relics":[{"not_picked":["Empty Cage","Astrolabe"],"picked":"Runic Dome"},{"not_picked":["FrozenCore","Snecko Eye"],"picked":"Eternal Feather"}],"items_purged_floors":[],"is_endless":false,"potions_floor_spawned":[1,10,16,18,27,33,35,36,37,40,45,47],"ascension_level":12}