{"gold_per_floor":[211,28,103,63,76,104,104,123,146,146,160,189,204,92,92,171,171,188,188,203,219,234,252,252,284,284,284],"floor_reached":27,"playtime":1505,"items_purged":["Strike_B"],"score":490,"play_id":"75e87364-ab07-4ac2-8446-316a41996a64","local_time":"20190109144305","is_ascension_mode":true,"campfire_choices":[{"data":"Defragment","floor":7.0,"key":"SMITH"},{"floor":10.0,"key":"REST"},{"floor":15,"key":"REST"},{"data":"Storm","floor":24,"key":"SMITH"}],"neow_cost":"NONE","seed_source_timestamp":0,"circlet_count":0,"master_deck":["AscendersBane","Zap","Dualcast","Static Discharge","Coolheaded","Heatsinks","Defragment+1","Turbo","Loop","Darkness","Cold Snap","Capacitor","Leap","Creative AI","Hologram","Storm","Machine Learning","Loop","Glacier","Capacitor","Biased Cognition","Conserve Battery+1","Coolheaded","FTL","Storm+1","Loop"],"special_seed":0,"relics":["Cracked Core","Ancient Tea Set","Happy Flower","Bird Faced Urn","Pandora\u0027s Box","Mercury Hourglass"],"potions_floor_usage":[13,22,25,25],"damage_taken":[{"damage":1.0,"enemies":"Cultist","floor":1.0,"turns":3.0},{"damage":7.0,"enemies":"Small Slimes","floor":5.0,"turns":3.0},{"damage":27.0,"enemies":"3 Sentries","floor":6.0,"turns":9.0},{"damage":5.0,"enemies":"2 Louse","floor":8.0,"turns":2.0},{"damage":5.0,"enemies":"Red Slaver","floor":11.0,"turns":3.0},{"damage":7.0,"enemies":"Lagavulin","floor":12.0,"turns":7.0},{"damage":22,"enemies":"Gremlin Gang","floor":13,"turns":4},{"damage":22,"enemies":"The Guardian","floor":16,"turns":10},{"damage":14,"enemies":"3 Byrds","floor":18,"turns":5},{"damage":23,"enemies":"Shell Parasite","floor":20,"turns":3},{"damage":17,"enemies":"Snake Plant","floor":21,"turns":4},{"damage":0,"enemies":"Sentry and Sphere","floor":22,"turns":4},{"damage":39,"enemies":"Cultist and Chosen","floor":23,"turns":5},{"damage":77,"enemies":"Slavers","floor":25,"turns":4},{"damage":11,"enemies":"Centurion and Healer","floor":27,"turns":1}],"seed_played":"-3003313025272449654","potions_obtained":[{"floor":4.0,"key":"Poison Potion"},{"floor":4.0,"key":"Energy Potion"},{"floor":12.0,"key":"GamblersBrew"},{"floor":16,"key":"Dexterity Potion"},{"floor":19,"key":"Poison Potion"},{"floor":22,"key":"Regen Potion"},{"floor":23,"key":"Regen Potion"}],"is_trial":false,"path_per_floor":["M","$","?","?","M","E","R","M","T","R","M","E","M","$","R","B",null,"M","?","M","M","M","M","R","E","T","M"],"character_chosen":"DEFECT","items_purchased":["Coolheaded","Heatsinks","Capacitor","Leap"],"campfire_rested":2,"item_purchase_floors":[2,2,14,14],"current_hp_per_floor":[63,63,52,52,45,18,18,13,13,34,29,22,4,4,25,13,57,63,63,56,55,71,40,40,8,8,0],"gold":284,"neow_bonus":"HUNDRED_GOLD","is_prod":false,"is_daily":false,"chose_seed":false,"campfire_upgraded":2,"win_rate":0,"timestamp":1547041385,"path_taken":["M","$","?","?","M","E","R","M","T","R","?","E","M","?","R","BOSS","M","?","M","M","?","?","R","E","T","?"],"build_version":"2019-01-03v4","purchased_purges":1,"victory":false,"max_hp_per_floor":[71,71,71,71,71,71,71,71,71,71,71,71,71,71,71,71,71,71,71,71,71,71,71,71,71,71,71],"card_choices":[{"not_picked":["Leap","Steam"],"picked":"Static Discharge","floor":1.0},{"not_picked":["Beam Cell","Go for the Eyes"],"picked":"Defragment","floor":5.0},{"not_picked":["All For One","Melter"],"picked":"Turbo","floor":6.0},{"not_picked":["Aggregate","Turbo","Barrage"],"picked":"SKIP","floor":8.0},{"not_picked":["Go for the Eyes","Chill"],"picked":"Loop","floor":11.0},{"not_picked":["Leap","Compile Driver"],"picked":"Darkness","floor":12.0},{"not_picked":["Barrage","Core Surge"],"picked":"Cold Snap","floor":13},{"not_picked":["All For One","Core Surge"],"picked":"Creative AI","floor":16},{"not_picked":["Barrage","Gash"],"picked":"Conserve Battery+1","floor":18},{"not_picked":["Sunder","Rebound"],"picked":"Coolheaded","floor":20},{"not_picked":["Hello World","Aggregate"],"picked":"FTL","floor":21},{"not_picked":["Reinforced Body","Tempest","Cold Snap"],"picked":"SKIP","floor":22},{"not_picked":["Sunder","Conserve Battery"],"picked":"Storm","floor":23},{"not_picked":["Blizzard","Auto Shields"],"picked":"Loop","floor":25}],"player_experience":1085660,"relics_obtained":[{"floor":6.0,"key":"Ancient Tea Set"},{"floor":9.0,"key":"Happy Flower"},{"floor":12.0,"key":"Bird Faced Urn"},{"floor":25,"key":"Mercury Hourglass"}],"event_choices":[{"damage_healed":0.0,"max_hp_gain":0.0,"max_hp_loss":0.0,"gold_gain":75.0,"event_name":"World of Goop","player_choice":"Gather Gold","floor":3.0,"gold_loss":0.0,"damage_taken":11.0},{"damage_healed":0.0,"max_hp_gain":0.0,"max_hp_loss":0.0,"gold_gain":0.0,"event_name":"The Woman in Blue","player_choice":"Bought 3 Potions","floor":4.0,"gold_loss":0.0,"damage_taken":0.0},{"damage_healed":0,"gold_gain":0,"player_choice":"Got Potions","damage_taken":0,"max_hp_gain":0,"max_hp_loss":0,"event_name":"Lab","floor":19,"gold_loss":0}],"is_beta":false,"boss_relics":[{"not_picked":["Lizard Tail","Busted Crown"],"picked":"Pandora\u0027s Box"}],"items_purged_floors":[2],"is_endless":false,"potions_floor_spawned":[8,11,12,16,20,22,23],"killed_by":"Centurion and Healer","ascension_level":20}