{"gold_per_floor":[115,128,43,0,20,20,20,20,67,82,147,157,157,223,223,296,296,296,296,296,296,42,42,42,42,42,42,42,42,42,42,42,42,42,42,42,42,42,42,42,42,42,42,42,42,42,42,42,42,42],"floor_reached":51,"playtime":2702,"items_purged":[],"score":1164,"play_id":"14c1a0bb-1f9a-498c-b282-c64e48ad8d3c","local_time":"20191001180457","is_ascension_mode":true,"campfire_choices":[{"data":"Sunder","floor":6.0,"key":"SMITH"},{"floor":8.0,"key":"REST"},{"data":"Go for the Eyes","floor":13.0,"key":"SMITH"},{"floor":15.0,"key":"REST"},{"data":"Defragment","floor":23.0,"key":"SMITH"},{"floor":25.0,"key":"REST"},{"floor":28.0,"key":"REST"},{"floor":32.0,"key":"REST"},{"floor":40.0,"key":"REST"},{"floor":46.0,"key":"REST"},{"floor":49.0,"key":"REST"}],"neow_cost":"NONE","seed_source_timestamp":0,"circlet_count":0,"master_deck":["AscendersBane","Strike_B+1","Strike_B+1","Strike_B+1","Strike_B+1","Defend_B+1","Defend_B+1","Defend_B+1","Defend_B+1","Zap+1","Dualcast+1","Echo Form","Reinforced Body","Sunder+1","Leap","Ball Lightning","Gash","Go for the Eyes+1","Conserve Battery","Biased Cognition","Leap","Cold Snap","Defragment+1","Cold Snap","Self Repair","Core Surge","Consume","Coolheaded","Barrage","Conserve Battery+1","Undo+1","Glacier","Compile Driver+1","FTL"],"special_seed":0,"relics":["Cracked Core","Dream Catcher","Tiny Chest","Ectoplasm","Happy Flower","Kunai","Art of War","Inserter","Bottled Lightning","Ginger","Pear"],"potions_floor_usage":[50,50],"damage_taken":[{"damage":3.0,"enemies":"2 Louse","floor":1.0,"turns":2.0},{"damage":6.0,"enemies":"Jaw Worm","floor":2.0,"turns":5.0},{"damage":0.0,"enemies":"Small Slimes","floor":5.0,"turns":2.0},{"damage":0.0,"enemies":"3 Louse","floor":10.0,"turns":3.0},{"damage":10.0,"enemies":"Gremlin Nob","floor":11.0,"turns":3.0},{"damage":5.0,"enemies":"Exordium Wildlife","floor":12.0,"turns":4.0},{"damage":35.0,"enemies":"Hexaghost","floor":16.0,"turns":7.0},{"damage":0.0,"enemies":"Chosen","floor":18.0,"turns":4.0},{"damage":6.0,"enemies":"Spheric Guardian","floor":19.0,"turns":3.0},{"damage":9.0,"enemies":"Chosen and Byrds","floor":21.0,"turns":5.0},{"damage":23.0,"enemies":"3 Cultists","floor":24.0,"turns":6.0},{"damage":26.0,"enemies":"Snake Plant","floor":29.0,"turns":4.0},{"damage":18.0,"enemies":"Chosen and Byrds","floor":31.0,"turns":6.0},{"damage":24.0,"enemies":"Collector","floor":33.0,"turns":14.0},{"damage":36.0,"enemies":"3 Darklings","floor":35.0,"turns":7.0},{"damage":4.0,"enemies":"3 Shapes","floor":38.0,"turns":6.0},{"damage":19.0,"enemies":"Maw","floor":39.0,"turns":8.0},{"damage":17.0,"enemies":"4 Shapes","floor":41.0,"turns":6.0},{"damage":29.0,"enemies":"Reptomancer","floor":42.0,"turns":9.0},{"damage":8.0,"enemies":"Spire Growth","floor":44.0,"turns":7.0},{"damage":17.0,"enemies":"Writhing Mass","floor":45.0,"turns":9.0},{"damage":22.0,"enemies":"Jaw Worm Horde","floor":47.0,"turns":7.0},{"damage":0.0,"enemies":"4 Shapes","floor":48.0,"turns":5.0},{"damage":49,"enemies":"Awakened One","floor":50,"turns":20}],"seed_played":"5352512661382314914","potions_obtained":[{"floor":1.0,"key":"PowerPotion"},{"floor":2.0,"key":"PowerPotion"},{"floor":18.0,"key":"Weak Potion"},{"floor":29.0,"key":"Ancient Potion"},{"floor":38.0,"key":"GamblersBrew"},{"floor":39.0,"key":"Block Potion"},{"floor":42.0,"key":"Energy Potion"},{"floor":44.0,"key":"SkillPotion"},{"floor":47.0,"key":"Poison Potion"}],"is_trial":false,"path_per_floor":["M","M","$","?","M","R","?","R","T","M","E","M","R","?","R","B",null,"M","M","?","M","$","R","M","R","T","$","R","M","T","M","R","B",null,"M","T","$","M","M","R","M","E","T","M","M","R","M","M","R","B",null],"character_chosen":"DEFECT","items_purchased":["Sunder","Happy Flower","Defragment"],"campfire_rested":8,"item_purchase_floors":[3,22,22],"current_hp_per_floor":[61,55,55,55,55,55,34,55,55,55,45,40,40,40,61,26,60,60,54,54,45,45,45,22,43,43,43,64,45,45,41,62,45,65,43,43,43,46,34,55,45,23,33,32,22,46,38,45,69,27],"gold":42,"neow_bonus":"ONE_RANDOM_RARE_CARD","is_prod":false,"is_daily":false,"chose_seed":false,"campfire_upgraded":3,"win_rate":0,"timestamp":1569978297,"path_taken":["M","M","$","?","M","R","?","R","T","M","E","M","R","?","R","BOSS","M","M","?","M","$","R","M","R","T","$","R","M","?","M","R","BOSS","M","?","$","M","?","R","M","E","T","M","M","R","M","M","R","BOSS"],"build_version":"2019-07-17","purchased_purges":0,"victory":true,"max_hp_per_floor":[71,71,71,71,71,71,71,71,71,71,71,71,71,71,71,71,71,71,71,71,71,71,71,71,71,71,71,71,71,71,71,71,71,71,71,71,71,71,71,71,71,71,81,81,81,81,81,81,81,81],"card_choices":[{"not_picked":["Steam","Loop"],"picked":"Reinforced Body","floor":1.0},{"not_picked":["Redo","Aggregate","Beam Cell"],"picked":"SKIP","floor":2.0},{"not_picked":["Chaos","Stack"],"picked":"Leap","floor":5.0},{"not_picked":["Sweeping Beam","Reprogram"],"picked":"Ball Lightning","floor":10.0},{"not_picked":["Beam Cell","Steam Power"],"picked":"Gash","floor":11.0},{"not_picked":["Redo","Machine Learning"],"picked":"Go for the Eyes","floor":12.0},{"not_picked":["Turbo","Go for the Eyes"],"picked":"Conserve Battery","floor":15.0},{"not_picked":["Core Surge","Fission"],"picked":"Biased Cognition","floor":16.0},{"not_picked":["Auto Shields","Stack"],"picked":"Leap","floor":18.0},{"not_picked":["Doom and Gloom","Tempest","Auto Shields"],"picked":"SKIP","floor":19.0},{"not_picked":["Doom and Gloom","Sweeping Beam+1"],"picked":"Cold Snap","floor":21.0},{"not_picked":["Conserve Battery","Hologram"],"picked":"Cold Snap","floor":24.0},{"not_picked":["Leap","Go for the Eyes"],"picked":"Self Repair","floor":25.0},{"not_picked":["Auto Shields","Beam Cell","Steam"],"picked":"SKIP","floor":29.0},{"not_picked":["Barrage","Force Field","Streamline"],"picked":"SKIP","floor":31.0},{"not_picked":["Reboot","Thunder Strike"],"picked":"Core Surge","floor":33.0},{"not_picked":["Stack","Steam Power","Static Discharge"],"picked":"SKIP","floor":35.0},{"not_picked":["Streamline","Steam"],"picked":"Consume","floor":38.0},{"not_picked":["Sweeping Beam","Rebound"],"picked":"Coolheaded","floor":39.0},{"not_picked":["Rebound+1","Sweeping Beam"],"picked":"Barrage","floor":40.0},{"not_picked":["Cold Snap","Rebound"],"picked":"Conserve Battery+1","floor":41.0},{"not_picked":["BootSequence","Thunder Strike"],"picked":"Undo+1","floor":42.0},{"not_picked":["Blizzard","Darkness"],"picked":"Glacier","floor":44.0},{"not_picked":["Hello World","Rebound"],"picked":"Compile Driver+1","floor":45.0},{"not_picked":["Heatsinks","Turbo"],"picked":"FTL","floor":46.0},{"not_picked":["Loop","Stack","Genetic Algorithm+1"],"picked":"SKIP","floor":47.0},{"not_picked":["Fusion","Beam Cell","Sweeping Beam"],"picked":"SKIP","floor":48.0}],"player_experience":657202,"relics_obtained":[{"floor":9.0,"key":"Dream Catcher"},{"floor":11.0,"key":"Tiny Chest"},{"floor":26.0,"key":"Kunai"},{"floor":30.0,"key":"Art of War"},{"floor":36.0,"key":"Bottled Lightning"},{"floor":42.0,"key":"Ginger"},{"floor":43.0,"key":"Pear"}],"event_choices":[{"damage_healed":0.0,"max_hp_gain":0.0,"max_hp_loss":0.0,"gold_gain":0.0,"event_name":"World of Goop","player_choice":"Left Gold","floor":4.0,"gold_loss":43.0,"damage_taken":0.0},{"damage_healed":0.0,"max_hp_gain":0.0,"max_hp_loss":0.0,"gold_gain":0.0,"event_name":"Shining Light","player_choice":"Entered Light","floor":7.0,"gold_loss":0.0,"damage_taken":21.0,"cards_upgraded":["Dualcast","Zap"]},{"damage_healed":0.0,"max_hp_gain":0.0,"max_hp_loss":0.0,"gold_gain":66.0,"event_name":"Golden Wing","player_choice":"Gained Gold","floor":14.0,"gold_loss":0.0,"damage_taken":0.0},{"damage_healed":0.0,"max_hp_gain":0.0,"max_hp_loss":0.0,"gold_gain":0.0,"event_name":"Back to Basics","player_choice":"Simplicity","floor":20.0,"gold_loss":0.0,"damage_taken":0.0,"cards_upgraded":["Strike_B","Strike_B","Strike_B","Strike_B","Defend_B","Defend_B","Defend_B","Defend_B"]}],"is_beta":false,"boss_relics":[{"not_picked":["Philosopher\u0027s Stone","Pandora\u0027s Box"],"picked":"Ectoplasm"},{"not_picked":["Black Star","Runic Dome"],"picked":"Inserter"}],"items_purged_floors":[],"is_endless":false,"potions_floor_spawned":[1,2,10,18,29,38,39,42,44,47],"ascension_level":16}