{"gold_per_floor":[118,83,83,93,93,118,118,133,133,133,145,145,474,493,493,568,568,568,568,367,367,367,367,367,367,367,367,367,367,367,367,367,367,367,367,367,367,158,158],"floor_reached":39,"playtime":6929,"items_purged":[],"score":878,"play_id":"e85291ce-c35d-41c9-8dd2-1d35be97cf67","local_time":"20181013162811","is_ascension_mode":true,"campfire_choices":[{"data":"Footwork","floor":7.0,"key":"SMITH"},{"data":"Footwork","floor":10.0,"key":"SMITH"},{"floor":12.0,"key":"REST"},{"floor":15.0,"key":"REST"},{"data":"Catalyst","floor":23.0,"key":"SMITH"},{"data":"RitualDagger","floor":27.0,"key":"SMITH"},{"data":"Malaise","floor":32,"key":"SMITH"}],"neow_cost":"NONE","seed_source_timestamp":0,"circlet_count":0,"master_deck":["Defend_G","Defend_G","Defend_G","Defend_G+1","Defend_G+1","Survivor","Neutralize+1","AscendersBane","Quick Slash","Footwork+1","Flying Knee","Footwork+1","Backflip","Dagger Spray","Flying Knee","Corpse Explosion","Catalyst+1","Bite","Bite","Bite","Bite","Bite","Footwork+1","Dagger Throw","RitualDagger+1","Catalyst","Malaise+1","Terror","Neutralize+1","Deadly Poison","Night Terror","Bouncing Flask+1","Clumsy","Bandage Up","Bane+1"],"special_seed":0,"relics":["Black Star","Bag of Marbles","War Paint","Question Card","Thread and Needle","Old Coin","Ectoplasm","DollysMirror","Bottled Flame","Meat on the Bone","Molten Egg 2","Matryoshka","Letter Opener","Gremlin Horn","Eternal Feather","TwistedFunnel"],"potions_floor_usage":[33],"damage_taken":[{"damage":12.0,"enemies":"Small Slimes","floor":1.0,"turns":5.0},{"damage":1.0,"enemies":"Jaw Worm","floor":4.0,"turns":4.0},{"damage":55.0,"enemies":"Lagavulin","floor":6.0,"turns":13.0},{"damage":0.0,"enemies":"2 Louse","floor":8.0,"turns":2.0},{"damage":4.0,"enemies":"2 Fungi Beasts","floor":11.0,"turns":6.0},{"damage":19.0,"enemies":"3 Sentries","floor":13.0,"turns":14.0},{"damage":0.0,"enemies":"Exordium Thugs","floor":14.0,"turns":7.0},{"damage":0.0,"enemies":"The Guardian","floor":16.0,"turns":18.0},{"damage":6.0,"enemies":"Shell Parasite","floor":18.0,"turns":6.0},{"damage":0.0,"enemies":"3 Byrds","floor":21.0,"turns":3.0},{"damage":8.0,"enemies":"Shelled Parasite and Fungi","floor":22.0,"turns":7.0},{"damage":53,"enemies":"Gremlin Leader","floor":28,"turns":9},{"damage":21,"enemies":"Snecko","floor":29,"turns":7},{"damage":14,"enemies":"Book of Stabbing","floor":31,"turns":12},{"damage":55,"enemies":"Automaton","floor":33,"turns":13},{"damage":10,"enemies":"3 Shapes","floor":35,"turns":4},{"damage":3,"enemies":"Orb Walker","floor":37,"turns":2},{"damage":47,"enemies":"Spire Growth","floor":39,"turns":5}],"seed_played":"-7506132904871835973","potions_obtained":[{"floor":6.0,"key":"SteroidPotion"},{"floor":13.0,"key":"Explosive Potion"},{"floor":21.0,"key":"FearPotion"},{"floor":29,"key":"Regen Potion"}],"is_trial":false,"path_per_floor":["M","?","?","M","?","E","R","M","T","R","M","R","E","M","R","B",null,"M","?","$","M","M","R","?","T","T","R","E","M","?","E","R","B",null,"M","?","M","$"],"character_chosen":"THE_SILENT","items_purchased":["DollysMirror","TwistedFunnel"],"campfire_rested":2,"item_purchase_floors":[20,38],"current_hp_per_floor":[51,68,73,72,72,17,17,17,17,17,13,35,16,16,38,38,66,60,52,52,52,52,52,46,46,46,46,27,32,32,32,32,28,46,40,40,39,39,0],"gold":158,"neow_bonus":"BOSS_RELIC","is_prod":false,"is_daily":false,"chose_seed":false,"campfire_upgraded":5,"win_rate":0,"timestamp":1539440891,"path_taken":["M","?","?","M","?","E","R","?","T","R","M","R","E","M","R","BOSS","M","?","$","M","M","R","?","?","T","R","E","M","?","E","R","BOSS","M","?","M","$","M"],"build_version":"2018-10-11","purchased_purges":0,"victory":false,"max_hp_per_floor":[70,70,75,75,75,75,75,75,75,75,75,75,75,75,75,75,75,75,52,52,52,52,52,52,52,52,52,52,52,52,52,52,52,52,52,52,52,52,52],"card_choices":[{"not_picked":["Backflip","Prepared"],"picked":"Quick Slash","floor":1.0},{"not_picked":["Riddle With Holes","Reflex"],"picked":"Footwork","floor":4.0},{"not_picked":["Outmaneuver","Distraction"],"picked":"Flying Knee","floor":6.0},{"not_picked":["Sucker Punch","Blur"],"picked":"Footwork","floor":8.0},{"not_picked":["Dagger Spray","Expertise","Slice"],"picked":"Backflip","floor":11.0},{"not_picked":["Setup","Bane","Crippling Poison"],"picked":"Dagger Spray","floor":13.0},{"not_picked":["Envenom","Acrobatics","Calculated Gamble"],"picked":"Flying Knee","floor":14.0},{"not_picked":["Envenom","Storm of Steel","Malaise"],"picked":"Corpse Explosion","floor":16.0},{"not_picked":["Dagger Spray","Underhanded Strike","PiercingWail"],"picked":"Catalyst","floor":18.0},{"not_picked":["Choke","Distraction","Backflip","Dagger Throw"],"picked":"SKIP","floor":21.0},{"not_picked":["Bane","PiercingWail","Finisher"],"picked":"Dagger Throw","floor":22.0},{"not_picked":["Cloak And Dagger","Footwork","Dagger Spray"],"picked":"Catalyst","floor":28},{"not_picked":["Sucker Punch+1","Slice+1","Deflect"],"picked":"Malaise","floor":29},{"not_picked":["Sucker Punch+1","Bane+1","Masterful Stab+1"],"picked":"Deadly Poison","floor":31},{"not_picked":["Wraith Form v2","Tools of the Trade","After Image"],"picked":"Night Terror","floor":33},{"not_picked":["Cloak And Dagger","Leg Sweep","Infinite Blades"],"picked":"Bouncing Flask+1","floor":35},{"not_picked":["PiercingWail","Cloak And Dagger","Noxious Fumes"],"picked":"Bane+1","floor":37}],"player_experience":597202,"relics_obtained":[{"floor":6.0,"key":"Bag of Marbles"},{"floor":6.0,"key":"War Paint"},{"floor":9.0,"key":"Question Card"},{"floor":13.0,"key":"Thread and Needle"},{"floor":13.0,"key":"Old Coin"},{"floor":25.0,"key":"Bottled Flame"},{"floor":26.0,"key":"Meat on the Bone"},{"floor":28,"key":"Molten Egg 2"},{"floor":28,"key":"Matryoshka"},{"floor":31,"key":"Letter Opener"},{"floor":31,"key":"Gremlin Horn"}],"event_choices":[{"event_name":"The Cleric","player_choice":"Healed","floor":2.0,"damage_taken":0.0},{"event_name":"Big Fish","player_choice":"Donut","floor":3.0,"damage_taken":0.0},{"event_name":"Living Wall","player_choice":"Grow","floor":5.0,"damage_taken":0.0},{"event_name":"Vampires","player_choice":"Became a vampire","floor":19.0,"damage_taken":0.0},{"event_name":"Nest","player_choice":"Joined the Cult","floor":24.0,"damage_taken":0.0},{"event_name":"Match and Keep!","player_choice":"2 cards matched","floor":30,"damage_taken":0},{"event_name":"Match and Keep!","player_choice":"2 cards matched","floor":36,"damage_taken":0}],"is_beta":true,"boss_relics":[{"not_picked":["Empty Cage","Lizard Tail"],"picked":"Ectoplasm"},{"not_picked":["Runic Pyramid","White Beast Statue"],"picked":"Eternal Feather"}],"items_purged_floors":[],"is_endless":false,"potions_floor_spawned":[6,13,14,21,29,31],"killed_by":"Spire Growth","ascension_level":13}