{"path_per_floor":["M","M","M","?","M","R","M","R","T","$","?","R","$","M","R","B",null,"M","?","M","?","M","R","?","R","T","R","?"],"character_chosen":"DEFECT","items_purchased":["Defragment"],"gold_per_floor":[10,21,33,33,52,52,67,67,67,31,59,59,59,72,72,172,172,186,336,356,356,368,368,368,368,368,368,401,401],"floor_reached":29,"campfire_rested":4,"playtime":1399,"item_purchase_floors":[],"current_hp_per_floor":[71,64,52,52,20,20,13,35,35,35,15,37,37,33,33,20,75,65,65,53,39,13,37,21,45,45,45,6,0],"items_purged":[],"gold":401,"score":234,"play_id":"75bd192a-8285-4105-954e-482807357a38","local_time":"20180613124128","is_prod":false,"is_daily":false,"chose_seed":false,"is_ascension_mode":true,"campfire_upgraded":3,"win_rate":0,"timestamp":1528864888,"campfire_choices":[{"data":"Chaos","floor":6.0,"key":"SMITH"},{"floor":8.0,"key":"REST"},{"floor":12.0,"key":"REST"},{"data":"Defragment","floor":15.0,"key":"SMITH"},{"floor":23,"key":"REST"},{"floor":25,"key":"REST"},{"data":"Rainbow","floor":27,"key":"SMITH"}],"path_taken":["M","M","M","?","M","R","M","R","T","$","?","R","?","M","R","BOSS","M","?","M","?","M","R","?","R","T","R","?","?"],"build_version":"2018-06-07v3","seed_source_timestamp":169512710420547,"purchased_purges":0,"victory":false,"master_deck":["Strike_B","Strike_B","Defend_B","Defend_B","Defend_B","Defend_B","Zap","Dualcast","Fission","Skim","Chaos+1","Ball Lightning","Consume","Coolheaded","Static Discharge","Defragment+1","Auto Shields","Hyperbeam","Rainbow+1","Redo+1","Force Field"],"max_hp_per_floor":[75,75,75,75,75,75,75,75,75,75,75,75,75,75,75,75,75,75,75,75,80,80,80,80,80,80,80,80,80],"relics":["Cracked Core","Blood Vial","Odd Mushroom","Nuclear Battery","Enchiridion","Gambling Chip","Red Mask"],"card_choices":[{"not_picked":["Doom and Gloom","Reprogram"],"picked":"Chaos","floor":1.0},{"not_picked":["Doom and Gloom","Steam"],"picked":"Ball Lightning","floor":2.0},{"not_picked":["Barrage","Stack"],"picked":"Consume","floor":3.0},{"not_picked":["Chaos","Barrage"],"picked":"Coolheaded","floor":5.0},{"not_picked":["Chaos","Auto Shields"],"picked":"Static Discharge","floor":7.0},{"not_picked":["Static Discharge","Redo"],"picked":"Auto Shields","floor":11.0},{"not_picked":["Gash","Force Field"],"picked":"Hyperbeam","floor":14.0},{"not_picked":["Meteor Strike","Biased Cognition"],"picked":"Rainbow","floor":16.0},{"not_picked":["Leap","Sunder","Coolheaded"],"picked":"SKIP","floor":18.0},{"not_picked":["Conserve Battery","Steam"],"picked":"Redo+1","floor":20.0},{"not_picked":["Blizzard","FTL","Beam Cell"],"picked":"SKIP","floor":22.0},{"not_picked":["Ball Lightning","Cold Snap"],"picked":"Force Field","floor":28}],"player_experience":236593,"potions_floor_usage":[29],"damage_taken":[{"damage":4.0,"enemies":"2 Louse","floor":1.0,"turns":3.0},{"damage":7.0,"enemies":"Jaw Worm","floor":2.0,"turns":3.0},{"damage":12.0,"enemies":"Small Slimes","floor":3.0,"turns":3.0},{"damage":32.0,"enemies":"Exordium Wildlife","floor":5.0,"turns":4.0},{"damage":7.0,"enemies":"Red Slaver","floor":7.0,"turns":5.0},{"damage":22.0,"floor":11.0,"turns":6.0},{"damage":6.0,"enemies":"Looter","floor":14.0,"turns":4.0},{"damage":15.0,"enemies":"Slime Boss","floor":16.0,"turns":8.0},{"damage":10.0,"enemies":"Spheric Guardian","floor":18.0,"turns":3.0},{"damage":14.0,"enemies":"Shell Parasite","floor":20.0,"turns":5.0},{"damage":28.0,"enemies":"Snake Plant","floor":22.0,"turns":4.0},{"damage":41,"floor":28,"turns":4},{"damage":8,"enemies":"Chosen and Byrds","floor":29,"turns":2}],"relics_obtained":[{"floor":9.0,"key":"Blood Vial"},{"floor":11.0,"key":"Odd Mushroom"},{"floor":24,"key":"Enchiridion"},{"floor":26,"key":"Gambling Chip"},{"floor":28,"key":"Red Mask"}],"event_choices":[{"event_name":"Liars Game","player_choice":"disagreed","floor":4.0,"damage_taken":0.0},{"event_name":"Mushrooms","player_choice":"Fought Mushrooms","floor":11.0,"damage_taken":0.0},{"event_name":"Nest","player_choice":"Stole From Cult","floor":19.0,"damage_taken":0.0},{"event_name":"Forgotten Altar","player_choice":"Shed Blood","floor":21.0,"damage_taken":0.0},{"event_name":"Cursed Tome","player_choice":"Obtained Book","floor":24,"damage_taken":0},{"event_name":"Masked Bandits","player_choice":"Fought over 368 gold","floor":28,"damage_taken":0}],"boss_relics":[{"not_picked":["Lizard Tail","Calling Bell"],"picked":"Nuclear Battery"}],"items_purged_floors":[],"potions_floor_spawned":[1,2,11,14,22],"seed_played":"-765240780643947671","killed_by":"Chosen and Byrds","ascension_level":2,"potions_obtained":[{"floor":1.0,"key":"Ancient Potion"},{"floor":2.0,"key":"Dexterity Potion"},{"floor":11.0,"key":"GamblersBrew"}],"is_trial":false}