{"gold_per_floor":[216,141,141,216,13,39,39,51,101,101,136,60,60,71,71,146,146,164,175,209,209,227,227,227],"floor_reached":24,"playtime":920,"items_purged":["Strike_R"],"score":374,"play_id":"2ab94cc1-5317-4a84-b664-47947cdb3106","local_time":"20181206110042","is_ascension_mode":true,"campfire_choices":[{"data":"Shockwave","floor":7,"key":"SMITH"},{"data":"Carnage","floor":10,"key":"SMITH"},{"data":"Uppercut","floor":13,"key":"SMITH"},{"data":"Pommel Strike","floor":15,"key":"SMITH"},{"data":"Immolate","floor":23,"key":"SMITH"}],"neow_cost":"NONE","seed_source_timestamp":2661855473604,"circlet_count":0,"master_deck":["AscendersBane","Strike_R","Strike_R","Strike_R+1","Defend_R","Defend_R+1","Defend_R","Defend_R","Bash","Shockwave+1","Uppercut+1","Carnage+1","Pommel Strike+1","Flame Barrier","Burning Pact","Inflame+1","Metallicize+1","Immolate+1","Sword Boomerang","Flex+1","Havoc","Flame Barrier"],"relics":["Burning Blood","Bottled Lightning","Paper Frog","Bronze Scales","Frozen Egg 2","Black Star","Red Mask","Enchiridion"],"potions_floor_usage":[16,16,22,24],"damage_taken":[{"damage":1,"enemies":"2 Louse","floor":1,"turns":2},{"damage":17,"enemies":"Lagavulin","floor":6,"turns":6},{"damage":0,"enemies":"Small Slimes","floor":8,"turns":3},{"damage":27,"enemies":"3 Sentries","floor":11,"turns":7},{"damage":1,"enemies":"Jaw Worm","floor":14,"turns":3},{"damage":24,"enemies":"Slime Boss","floor":16,"turns":9},{"damage":21,"enemies":"Shell Parasite","floor":18,"turns":4},{"damage":0,"enemies":"3 Byrds","floor":19,"turns":4},{"damage":8,"enemies":"Masked Bandits","floor":20,"turns":2},{"damage":14,"enemies":"Snake Plant","floor":22,"turns":4},{"damage":35,"enemies":"Slavers","floor":24,"turns":4}],"seed_played":"4420466462936396342","potions_obtained":[{"floor":1,"key":"EssenceOfSteel"},{"floor":6,"key":"Block Potion"},{"floor":18,"key":"Block Potion"},{"floor":19,"key":"Regen Potion"}],"is_trial":false,"path_per_floor":["M","?","?","T","$","E","R","M","T","R","E","$","R","M","R","B",null,"M","M","?","?","M","R","E"],"character_chosen":"IRONCLAD","items_purchased":["Uppercut","Carnage","Inflame+1"],"campfire_rested":0,"item_purchase_floors":[5,5,12],"current_hp_per_floor":[73,73,50,50,50,39,39,45,45,45,24,24,24,29,29,11,59,44,50,48,27,19,19,0],"gold":227,"neow_bonus":"HUNDRED_GOLD","is_prod":false,"is_daily":false,"chose_seed":false,"campfire_upgraded":5,"win_rate":0,"timestamp":1544090442,"path_taken":["M","?","?","?","$","E","R","M","T","R","E","?","R","M","R","BOSS","M","M","?","?","M","R","E"],"build_version":"2018-12-06","purchased_purges":1,"victory":false,"max_hp_per_floor":[75,75,75,75,75,75,75,75,75,75,75,75,75,75,75,75,75,75,75,75,75,75,75,75],"card_choices":[{"not_picked":["Second Wind","Pommel Strike"],"picked":"Shockwave","floor":1},{"not_picked":["Clothesline","Clash"],"picked":"Pommel Strike","floor":6},{"not_picked":["Twin Strike","True Grit"],"picked":"Flame Barrier","floor":8},{"not_picked":["Pommel Strike","Blood for Blood"],"picked":"Burning Pact","floor":11},{"not_picked":["Pommel Strike","Body Slam"],"picked":"Metallicize+1","floor":14},{"not_picked":["Offering","Feed"],"picked":"Immolate","floor":16},{"not_picked":["Intimidate","Sentinel"],"picked":"Sword Boomerang","floor":18},{"not_picked":["Second Wind+1","Entrench"],"picked":"Flex+1","floor":19},{"not_picked":["Sentinel","Clash"],"picked":"Havoc","floor":20},{"not_picked":["Pommel Strike+1","Wild Strike"],"picked":"Flame Barrier","floor":22}],"player_experience":960798,"relics_obtained":[{"floor":4,"key":"Bottled Lightning"},{"floor":6,"key":"Paper Frog"},{"floor":9,"key":"Bronze Scales"},{"floor":11,"key":"Frozen Egg 2"},{"floor":20,"key":"Red Mask"},{"floor":21,"key":"Enchiridion"}],"event_choices":[{"cards_removed":["Strike_R"],"damage_healed":0,"gold_gain":0,"player_choice":"Card Removal","damage_taken":0,"max_hp_gain":0,"max_hp_loss":0,"event_name":"The Cleric","floor":2,"gold_loss":75},{"damage_healed":0,"gold_gain":0,"player_choice":"Entered Light","damage_taken":23,"max_hp_gain":0,"max_hp_loss":0,"event_name":"Shining Light","floor":3,"gold_loss":0,"cards_upgraded":["Strike_R","Defend_R"]},{"damage_healed":0,"gold_gain":0,"player_choice":"Fought Bandits","damage_taken":0,"max_hp_gain":0,"max_hp_loss":0,"event_name":"Masked Bandits","floor":20,"gold_loss":0},{"damage_healed":0,"gold_gain":0,"player_choice":"Obtained Book","damage_taken":21,"max_hp_gain":0,"max_hp_loss":0,"event_name":"Cursed Tome","floor":21,"gold_loss":0}],"is_beta":true,"boss_relics":[{"not_picked":["Black Blood","Lizard Tail"],"picked":"Black Star"}],"items_purged_floors":[5],"is_endless":false,"potions_floor_spawned":[1,6,11,18,19],"killed_by":"Slavers","ascension_level":17}