{"gold_per_floor":[111,111,13,32,51,51,63,91,91,104,104,104,104,131,131,208,208,223,243,243,243,254,254],"floor_reached":23,"playtime":959,"items_purged":[],"score":402,"play_id":"1e8bf574-5fb9-4f54-9489-60f44fecd69b","local_time":"20190718193424","is_ascension_mode":true,"campfire_choices":[{"data":"Poisoned Stab","floor":6,"key":"SMITH"},{"floor":11,"key":"REST"},{"data":"Catalyst","floor":15,"key":"SMITH"}],"neow_cost":"NONE","seed_source_timestamp":24702843258171,"circlet_count":0,"master_deck":["AscendersBane","Strike_G","Strike_G","Strike_G","Strike_G","Strike_G","Defend_G","Defend_G+1","Defend_G","Defend_G","Defend_G","Survivor+1","Neutralize","Quick Slash","Poisoned Stab+1","Catalyst+1","PiercingWail","Cloak And Dagger","Deadly Poison","Endless Agony","Backstab","Calculated Gamble","Adrenaline","Backflip","Backstab","Ghostly","Ghostly","Ghostly","Backflip+1"],"relics":["Ring of the Snake","Question Card","Pantograph","Blue Candle","Boot","Sundial","Cursed Key"],"potions_floor_usage":[14],"damage_taken":[{"damage":5,"enemies":"Small Slimes","floor":1,"turns":6},{"damage":0,"enemies":"Jaw Worm","floor":4,"turns":3},{"damage":7,"enemies":"2 Louse","floor":5,"turns":3},{"damage":0,"enemies":"Blue Slaver","floor":7,"turns":5},{"damage":14,"enemies":"Lagavulin","floor":8,"turns":8},{"damage":3,"enemies":"3 Louse","floor":10,"turns":3},{"damage":30,"enemies":"Gremlin Nob","floor":14,"turns":5},{"damage":17,"enemies":"The Guardian","floor":16,"turns":9},{"damage":2,"enemies":"Chosen","floor":18,"turns":4},{"damage":5,"enemies":"Shell Parasite","floor":19,"turns":5},{"damage":17,"enemies":"Snake Plant","floor":22,"turns":4},{"damage":36,"enemies":"Gremlin Leader","floor":23,"turns":6}],"seed_played":"-2025090221166773238","potions_obtained":[{"floor":1,"key":"SpeedPotion"},{"floor":5,"key":"EssenceOfSteel"},{"floor":22,"key":"SpeedPotion"}],"is_trial":false,"path_per_floor":["M","?","$","M","M","R","M","E","T","M","R","?","T","E","R","B",null,"M","M","?","?","M","E"],"character_chosen":"THE_SILENT","items_purchased":["Poisoned Stab","Catalyst"],"campfire_rested":1,"item_purchase_floors":[3,3],"current_hp_per_floor":[60,38,38,38,31,31,31,17,17,14,35,35,35,5,5,13,57,55,50,36,36,19,0],"gold":254,"neow_bonus":"TEN_PERCENT_HP_BONUS","is_prod":false,"is_daily":false,"chose_seed":false,"campfire_upgraded":2,"win_rate":0,"timestamp":1563471264,"path_taken":["M","?","$","M","M","R","M","E","T","M","R","?","?","E","R","BOSS","M","M","?","?","M","E"],"build_version":"2019-07-17","purchased_purges":0,"victory":false,"max_hp_per_floor":[72,72,72,72,72,72,72,72,72,72,72,72,72,72,72,72,72,72,72,36,36,36,36],"card_choices":[{"not_picked":["All Out Attack","Acrobatics"],"picked":"Quick Slash","floor":1},{"not_picked":["Dodge and Roll","Accuracy"],"picked":"PiercingWail","floor":4},{"not_picked":["Deflect","Sucker Punch"],"picked":"Cloak And Dagger","floor":5},{"not_picked":["Leg Sweep","Grand Finale"],"picked":"Deadly Poison","floor":7},{"not_picked":["Reflex","Prepared"],"picked":"Endless Agony","floor":8},{"not_picked":["Slice","Dagger Throw","Accuracy"],"picked":"Backstab","floor":10},{"not_picked":["Dagger Throw","Quick Slash","Prepared"],"picked":"Calculated Gamble","floor":14},{"not_picked":["Bullet Time","Wraith Form v2","Malaise"],"picked":"Adrenaline","floor":16},{"not_picked":["Outmaneuver","Cloak And Dagger","Escape Plan"],"picked":"Backflip","floor":18},{"not_picked":["Acrobatics","Heel Hook","Blade Dance"],"picked":"Backstab","floor":19},{"not_picked":["Slice","Eviscerate","Expertise"],"picked":"Backflip+1","floor":22}],"player_experience":1816237,"relics_obtained":[{"floor":8,"key":"Question Card"},{"floor":9,"key":"Pantograph"},{"floor":13,"key":"Boot"},{"floor":14,"key":"Sundial"}],"event_choices":[{"damage_healed":0,"gold_gain":0,"player_choice":"Entered Light","damage_taken":22,"max_hp_gain":0,"max_hp_loss":0,"event_name":"Shining Light","floor":2,"gold_loss":0,"cards_upgraded":["Defend_G","Survivor"]},{"damage_healed":0,"gold_gain":0,"player_choice":"Searched \u00271\u0027 times","damage_taken":0,"relics_obtained":["Blue Candle"],"max_hp_gain":0,"max_hp_loss":0,"event_name":"Dead Adventurer","floor":12,"gold_loss":0},{"damage_healed":0,"gold_gain":0,"player_choice":"Became a Ghost","damage_taken":0,"max_hp_gain":0,"max_hp_loss":36,"event_name":"Ghosts","floor":20,"gold_loss":0,"cards_obtained":["Ghostly","Ghostly","Ghostly"]},{"damage_healed":0,"gold_gain":0,"player_choice":"Ignored","damage_taken":0,"max_hp_gain":0,"max_hp_loss":0,"event_name":"The Mausoleum","floor":21,"gold_loss":0}],"is_beta":false,"boss_relics":[{"not_picked":["WristBlade","HoveringKite"],"picked":"Cursed Key"}],"items_purged_floors":[],"is_endless":false,"potions_floor_spawned":[1,5,7,8,22],"killed_by":"Gremlin Leader","ascension_level":20}