{"gold_per_floor":[119,4,22,37,57,84,84,84,84,64],"floor_reached":10,"playtime":254,"items_purged":["Clumsy"],"score":136,"play_id":"fdc184a8-55b6-434e-8153-47c861fb9ec1","local_time":"20190120132444","is_ascension_mode":true,"campfire_choices":[{"data":"Biased Cognition","floor":7,"key":"SMITH"}],"neow_cost":"CURSE","seed_source_timestamp":13791753054659,"circlet_count":0,"master_deck":["AscendersBane","Strike_B+1","Strike_B","Strike_B","Strike_B+1","Defend_B","Defend_B","Defend_B","Defend_B","Zap","Dualcast","Biased Cognition+1","Streamline","Static Discharge","Ball Lightning","Gash","Cold Snap","Darkness"],"relics":["Cracked Core","Lantern","hubris:TenFootPole"],"potions_floor_usage":[6,10,10],"damage_taken":[{"damage":6,"enemies":"Cultist","floor":1,"turns":4},{"damage":1,"enemies":"2 Louse","floor":3,"turns":2},{"damage":7,"enemies":"Jaw Worm","floor":4,"turns":3},{"damage":8,"enemies":"3 Louse","floor":5,"turns":4},{"damage":17,"enemies":"Gremlin Nob","floor":6,"turns":4},{"damage":14,"enemies":"Exordium Thugs","floor":10,"turns":1}],"seed_played":"7706493182176007233","potions_obtained":[{"floor":1,"key":"Dexterity Potion"},{"floor":5,"key":"Weak Potion"},{"floor":6,"key":"Regen Potion"}],"is_trial":false,"path_per_floor":["M","$","M","M","M","E","R","?","T","M"],"character_chosen":"DEFECT","items_purchased":["Static Discharge"],"campfire_rested":0,"item_purchase_floors":[2],"current_hp_per_floor":[58,58,57,50,42,25,25,4,4,0],"gold":64,"neow_bonus":"THREE_RARE_CARDS","is_prod":false,"is_daily":false,"chose_seed":false,"campfire_upgraded":1,"win_rate":0,"timestamp":1547987084,"path_taken":["M","$","M","?","M","E","R","?","T","M"],"build_version":"2019-01-17v2","purchased_purges":1,"victory":false,"max_hp_per_floor":[71,71,71,71,71,71,71,71,71,71],"card_choices":[{"not_picked":["Fission","Buffer"],"picked":"Biased Cognition","floor":0},{"not_picked":["Go for the Eyes","Skim"],"picked":"Streamline","floor":1},{"not_picked":["Darkness","Redo"],"picked":"Ball Lightning","floor":3},{"not_picked":["Turbo","Capacitor"],"picked":"Gash","floor":4},{"not_picked":["Hologram","Compile Driver"],"picked":"Cold Snap","floor":5},{"not_picked":["Leap","Barrage"],"picked":"Darkness","floor":6}],"player_experience":1140013,"relics_obtained":[{"floor":6,"key":"Lantern"},{"floor":9,"key":"hubris:TenFootPole"}],"event_choices":[{"damage_healed":0,"gold_gain":0,"player_choice":"Entered Light","damage_taken":21,"max_hp_gain":0,"max_hp_loss":0,"event_name":"Shining Light","floor":8,"gold_loss":0,"cards_upgraded":["Strike_B","Strike_B"]}],"is_beta":false,"boss_relics":[],"items_purged_floors":[2],"is_endless":false,"potions_floor_spawned":[1,5,6],"killed_by":"Exordium Thugs","ascension_level":20}