{"gold_per_floor":[360,15,27,27,43,76,1,27,27,60,60,77,94,105,105,178,178,178,178,178,178,178,178,178,178,178,178,178,178,178,178,178,178,178,178,178,103,103,0,0,0,0,0,0,0,0,0,0],"floor_reached":48,"playtime":2895,"items_purged":["Strike_G"],"score":1271,"play_id":"c1c0cd6f-4ad5-404d-a885-6cdeb4bc58a3","local_time":"20190825191143","is_ascension_mode":true,"campfire_choices":[{"data":"Apotheosis","floor":11.0,"key":"SMITH"},{"data":"Footwork","floor":15.0,"key":"SMITH"},{"data":"Wraith Form v2","floor":24.0,"key":"SMITH"},{"data":"Noxious Fumes","floor":28.0,"key":"SMITH"},{"floor":32.0,"key":"RECALL"},{"data":"Well Laid Plans","floor":41.0,"key":"SMITH"}],"neow_cost":"TEN_PERCENT_HP_LOSS","seed_source_timestamp":0,"circlet_count":0,"master_deck":["AscendersBane","Defend_G","Defend_G","Defend_G","Defend_G","Defend_G","Survivor","Neutralize","Noxious Fumes+1","Apotheosis+1","Leg Sweep","Dash","Backstab","Well Laid Plans+1","Footwork+1","Poisoned Stab","Dagger Spray","Wraith Form v2+1","PiercingWail+1","Flying Knee","PiercingWail+1","Crippling Poison+1","PiercingWail+1","Leg Sweep+1","Acrobatics+1","Heel Hook","Expertise+1","PiercingWail+1","Acrobatics+1","Deadly Poison+1","Dodge and Roll+1","Deflect+1","Deflect+1"],"special_seed":0,"relics":["Ring of the Snake","Orichalcum","Anchor","Toxic Egg 2","Juzu Bracelet","Ancient Tea Set","Ectoplasm","Letter Opener","Dream Catcher","Lantern","Tiny Chest","PreservedInsect","Black Star","Red Mask","Regal Pillow","Kunai","Vajra","Pear","Ginger","Blue Candle","Art of War"],"potions_floor_usage":[],"damage_taken":[{"damage":1.0,"enemies":"Cultist","floor":1.0,"turns":5.0},{"damage":0.0,"enemies":"2 Louse","floor":3.0,"turns":4.0},{"damage":2.0,"enemies":"Jaw Worm","floor":5.0,"turns":5.0},{"damage":14.0,"enemies":"3 Sentries","floor":6.0,"turns":8.0},{"damage":10.0,"enemies":"Gremlin Nob","floor":8.0,"turns":4.0},{"damage":9.0,"enemies":"3 Sentries","floor":10.0,"turns":9.0},{"damage":0.0,"enemies":"3 Louse","floor":12.0,"turns":5.0},{"damage":0.0,"enemies":"Exordium Thugs","floor":13.0,"turns":4.0},{"damage":2.0,"enemies":"Lots of Slimes","floor":14.0,"turns":4.0},{"damage":8.0,"enemies":"The Guardian","floor":16.0,"turns":12.0},{"damage":5.0,"enemies":"Spheric Guardian","floor":18.0,"turns":5.0},{"damage":1.0,"enemies":"3 Byrds","floor":20.0,"turns":5.0},{"damage":6.0,"enemies":"Sentry and Sphere","floor":21.0,"turns":7.0},{"damage":6.0,"enemies":"Book of Stabbing","floor":23.0,"turns":6.0},{"damage":0.0,"enemies":"Gremlin Leader","floor":25.0,"turns":8.0},{"damage":2.0,"enemies":"Centurion and Healer","floor":27.0,"turns":10.0},{"damage":9.0,"enemies":"Slavers","floor":29.0,"turns":5.0},{"damage":13.0,"enemies":"Automaton","floor":33.0,"turns":13.0},{"damage":0.0,"enemies":"3 Darklings","floor":35.0,"turns":4.0},{"damage":0.0,"enemies":"3 Shapes","floor":36.0,"turns":7.0},{"damage":8.0,"enemies":"Giant Head","floor":40.0,"turns":11.0},{"damage":22.0,"enemies":"Nemesis","floor":42.0,"turns":9.0},{"damage":0.0,"enemies":"Mind Bloom Boss Battle","floor":44.0,"turns":9.0},{"damage":4.0,"enemies":"Jaw Worm Horde","floor":45.0,"turns":5.0},{"damage":21.0,"enemies":"Giant Head","floor":46.0,"turns":11.0},{"damage":0.0,"enemies":"3 Darklings","floor":47.0,"turns":6.0},{"damage":9,"enemies":"Nemesis","floor":48,"turns":2}],"seed_played":"-5853749887418044000","potions_obtained":[{"floor":1.0,"key":"FearPotion"},{"floor":5.0,"key":"Strength Potion"},{"floor":14.0,"key":"SkillPotion"},{"floor":16.0,"key":"SkillPotion"},{"floor":25.0,"key":"PowerPotion"},{"floor":33.0,"key":"FearPotion"},{"floor":38.0,"key":"LiquidBronze"},{"floor":38.0,"key":"SpeedPotion"}],"is_trial":false,"path_per_floor":["M","$","M","?","M","E","?","E","T","E","R","M","M","M","R","B",null,"M","?","M","M","?","E","R","E","T","M","R","E","T","?","R","B",null,"M","M","$","?","?","E","R","E","T","?","M","E","M","E"],"character_chosen":"THE_SILENT","items_purchased":["Apotheosis","Orichalcum"],"campfire_rested":0,"item_purchase_floors":[2,2],"current_hp_per_floor":[58,58,58,63,61,47,47,37,37,28,28,28,28,26,26,18,53,48,48,47,41,41,35,35,35,35,33,33,24,24,24,24,11,52,52,52,52,52,52,44,44,32,32,32,28,7,7,0],"gold":0,"neow_bonus":"TWO_FIFTY_GOLD","is_prod":false,"is_daily":false,"chose_seed":false,"campfire_upgraded":5,"win_rate":0,"timestamp":1566753103,"path_taken":["M","$","M","?","M","E","?","E","T","E","R","M","M","M","R","BOSS","M","?","M","M","?","E","R","E","T","M","R","E","?","?","R","BOSS","M","M","$","?","?","E","R","E","T","?","M","E","M","E"],"build_version":"2019-07-17","purchased_purges":1,"victory":false,"max_hp_per_floor":[60,60,60,65,65,65,65,65,65,65,65,65,65,65,65,65,65,65,65,65,65,65,65,65,65,65,65,65,65,65,65,65,65,65,65,65,65,65,65,65,65,75,75,75,75,75,75,75],"card_choices":[{"not_picked":["Bouncing Flask","Sucker Punch"],"picked":"Noxious Fumes","floor":1.0},{"not_picked":["Dagger Throw","Outmaneuver"],"picked":"Leg Sweep","floor":3.0},{"not_picked":["Flechettes","Outmaneuver"],"picked":"Dash","floor":5.0},{"not_picked":["Finisher","Bane"],"picked":"Backstab","floor":6.0},{"not_picked":["Tactician","PiercingWail"],"picked":"Well Laid Plans","floor":8.0},{"not_picked":["Poisoned Stab","Acrobatics+1"],"picked":"Footwork","floor":10.0},{"not_picked":["Setup+1","Distraction+1"],"picked":"Poisoned Stab","floor":12.0},{"not_picked":["Tactician+1","Doppelganger+1"],"picked":"Dagger Spray","floor":13.0},{"not_picked":["Riddle With Holes","Prepared+1","Quick Slash"],"picked":"SKIP","floor":14.0},{"not_picked":["Glass Knife","Phantasmal Killer+1"],"picked":"Wraith Form v2","floor":16.0},{"not_picked":["Skewer+1","Slice"],"picked":"PiercingWail+1","floor":18.0},{"not_picked":["Blade Dance+1","Cloak And Dagger+1","Sucker Punch+1"],"picked":"SKIP","floor":20.0},{"not_picked":["Tactician+1","Setup+1"],"picked":"PiercingWail+1","floor":21.0},{"not_picked":["Grand Finale","Blade Dance+1"],"picked":"PiercingWail+1","floor":23.0},{"not_picked":["Cloak And Dagger+1","Eviscerate","Bane"],"picked":"SKIP","floor":25.0},{"not_picked":["Flechettes+1","Dagger Spray"],"picked":"Leg Sweep+1","floor":27.0},{"not_picked":["Prepared+1","Quick Slash"],"picked":"Acrobatics+1","floor":29.0},{"not_picked":["Bouncing Flask+1","Footwork"],"picked":"PiercingWail+1","floor":35.0},{"not_picked":["Acrobatics+1","Underhanded Strike","Poisoned Stab+1"],"picked":"SKIP","floor":36.0},{"not_picked":["Underhanded Strike","Poisoned Stab+1"],"picked":"Acrobatics+1","floor":36.0},{"not_picked":["Eviscerate+1","Slice","Underhanded Strike"],"picked":"SKIP","floor":40.0},{"not_picked":["Distraction+1","Masterful Stab","Choke+1"],"picked":"SKIP","floor":42.0},{"not_picked":["Concentrate+1","Acrobatics+1"],"picked":"Deadly Poison+1","floor":44.0},{"not_picked":["Slice","Deadly Poison+1"],"picked":"Dodge and Roll+1","floor":45.0},{"not_picked":["Skewer+1","Outmaneuver+1"],"picked":"Deflect+1","floor":46.0},{"not_picked":["Concentrate+1","Underhanded Strike"],"picked":"Deflect+1","floor":47.0}],"player_experience":1962180,"relics_obtained":[{"floor":6.0,"key":"Anchor"},{"floor":8.0,"key":"Toxic Egg 2"},{"floor":9.0,"key":"Juzu Bracelet"},{"floor":10.0,"key":"Ancient Tea Set"},{"floor":23.0,"key":"Letter Opener"},{"floor":25.0,"key":"Dream Catcher"},{"floor":26.0,"key":"Lantern"},{"floor":29.0,"key":"Tiny Chest"},{"floor":30.0,"key":"PreservedInsect"},{"floor":40.0,"key":"Regal Pillow"},{"floor":40.0,"key":"Kunai"},{"floor":42.0,"key":"Vajra"},{"floor":42.0,"key":"Pear"},{"floor":44.0,"key":"Ginger"},{"floor":46.0,"key":"Blue Candle"},{"floor":46.0,"key":"Art of War"}],"event_choices":[{"damage_healed":0.0,"max_hp_gain":5.0,"max_hp_loss":0.0,"gold_gain":0.0,"event_name":"Big Fish","player_choice":"Donut","floor":4.0,"gold_loss":0.0,"damage_taken":0.0},{"cards_removed":["Strike_G"],"damage_healed":0.0,"max_hp_gain":0.0,"max_hp_loss":0.0,"gold_gain":0.0,"event_name":"The Cleric","player_choice":"Card Removal","floor":7.0,"gold_loss":75.0,"damage_taken":0.0},{"damage_healed":0.0,"max_hp_gain":0.0,"max_hp_loss":0.0,"gold_gain":0.0,"cards_transformed":["Strike_G"],"event_name":"Transmorgrifier","player_choice":"Transformed","floor":19.0,"gold_loss":0.0,"damage_taken":0.0,"cards_obtained":["Flying Knee"]},{"damage_healed":0.0,"max_hp_gain":0.0,"max_hp_loss":0.0,"gold_gain":0.0,"event_name":"The Library","player_choice":"Read","floor":22.0,"gold_loss":0.0,"damage_taken":0.0,"cards_obtained":["Crippling Poison"]},{"damage_healed":0.0,"max_hp_gain":0.0,"max_hp_loss":0.0,"gold_gain":0.0,"cards_transformed":["Strike_G","Strike_G"],"event_name":"Drug Dealer","player_choice":"Became Test Subject","floor":31.0,"gold_loss":0.0,"damage_taken":0.0,"cards_obtained":["Heel Hook","Expertise"]},{"damage_healed":0.0,"max_hp_gain":0.0,"max_hp_loss":0.0,"gold_gain":0.0,"event_name":"Lab","player_choice":"Got Potions","floor":38.0,"gold_loss":0.0,"damage_taken":0.0},{"damage_healed":0.0,"max_hp_gain":0.0,"max_hp_loss":0.0,"gold_gain":0.0,"event_name":"Tomb of Lord Red Mask","player_choice":"Paid","floor":39.0,"gold_loss":103.0,"damage_taken":0.0,"relics_obtained":["Red Mask"]},{"damage_healed":0.0,"max_hp_gain":0.0,"max_hp_loss":0.0,"gold_gain":0.0,"event_name":"MindBloom","player_choice":"Fight","floor":44.0,"gold_loss":0.0,"damage_taken":0.0}],"is_beta":false,"boss_relics":[{"not_picked":["WristBlade","Lizard Tail"],"picked":"Ectoplasm"},{"not_picked":["Philosopher\u0027s Stone","Ring of the Serpent"],"picked":"Black Star"}],"items_purged_floors":[37],"is_endless":false,"potions_floor_spawned":[1,5,6,14,16,21,23,25,33,40,44,45],"killed_by":"Nemesis","ascension_level":20}