{"path_per_floor":["M","M","?","$","?","E","R","E","T","E","?","M","R","?","R","B",null,"M","?","M","M","?","E","M","E","T","E","M","M","M","T","R","B",null,"M","?","M","M","?","E","R","E","T","E","T","R","?","?","R","B"],"character_chosen":"IRONCLAD","items_purchased":["Flex","Heavy Blade"],"gold_per_floor":[112,128,128,50,20,46,46,76,76,110,110,130,130,130,130,228,228,245,245,263,283,312,340,358,384,384,414,433,451,465,465,465,563,563,578,628,641,657,657,691,691,721,721,746,746,746,746,746,746,746],"floor_reached":51,"campfire_rested":1,"playtime":2323,"current_hp_per_floor":[80,80,80,80,80,80,80,72,72,60,44,50,50,50,50,35,80,66,66,78,80,80,52,54,62,62,69,69,77,43,43,43,71,80,75,67,78,51,51,47,47,41,41,54,54,54,54,54,78,30],"items_purged":[],"gold":746,"score":952,"play_id":"92a9ed04-9be0-4b75-b08f-b6dd5ff47be7","local_time":"20180515200533","is_prod":false,"is_daily":false,"chose_seed":false,"is_ascension_mode":true,"campfire_upgraded":6,"timestamp":1526407533,"path_taken":["M","M","?","$","?","E","R","E","T","E","?","M","R","?","R","BOSS","M","?","M","M","?","E","M","E","T","E","M","?","?","?","R","BOSS","M","?","M","M","?","E","R","E","T","E","?","R","?","?","R","BOSS"],"build_version":"2018-05-10","seed_source_timestamp":37453340218688,"purchased_purges":0,"victory":true,"master_deck":["Strike_R","Strike_R","Strike_R","Strike_R","Strike_R+1","Defend_R","Defend_R","Defend_R","Bash","Sword Boomerang","Heavy Blade+1","Flex+1","Heavy Blade+1","Anger","Flex+1","Heavy Blade+1","Brutality","Clash+1","Flex+1","Inflame","Inflame","Flex+1","Dual Wield","Demon Form+1","Flex","Spot Weakness","Warcry","Demon Form+1","Seeing Red+1","Sentinel","Flex","Trip+1","Inflame+1","Battle Trance+1","Battle Trance+1","Pommel Strike+1"],"max_hp_per_floor":[80,80,80,80,80,80,80,80,80,80,80,80,80,80,80,80,80,80,80,80,80,80,80,80,80,80,80,80,80,80,80,80,80,80,80,80,80,80,80,80,80,80,80,80,80,80,80,80,80,80],"relics":["Black Blood","NeowsBlessing","Torii","Smiling Mask","Magic Flower","Blood Vial","Cursed Key","Bag of Preparation","Red Mask","Toolbox","Frozen Egg 2","Mummified Hand","Pantograph","Centennial Puzzle","Du-Vu Doll","Prayer Wheel","Champion Belt","Gambling Chip","Bronze Scales","Thread and Needle"],"card_choices":[{"not_picked":["Armaments","Shrug It Off"],"picked":"Sword Boomerang","floor":1},{"not_picked":["Clothesline","True Grit"],"picked":"Heavy Blade","floor":2},{"not_picked":["Wild Strike","Bloodletting"],"picked":"Anger","floor":6},{"not_picked":["Barricade","Wild Strike"],"picked":"Flex","floor":8},{"not_picked":["Sword Boomerang","Dropkick"],"picked":"Heavy Blade","floor":10},{"not_picked":["Dark Embrace","Exhume"],"picked":"Brutality","floor":16},{"not_picked":["Heavy Blade","Warcry"],"picked":"Clash","floor":18},{"not_picked":["Warcry","Wild Strike"],"picked":"Flex","floor":20},{"not_picked":["Perfected Strike","Thunderclap"],"picked":"Inflame","floor":21},{"not_picked":["Dual Wield","Metallicize"],"picked":"Inflame","floor":22},{"not_picked":["Metallicize","Blood for Blood"],"picked":"Flex","floor":23},{"not_picked":["Iron Wave","Shrug It Off"],"picked":"Dual Wield","floor":24},{"not_picked":["Armaments","Sword Boomerang"],"picked":"Demon Form","floor":25},{"not_picked":["Shrug It Off","Headbutt"],"picked":"Flex","floor":27},{"not_picked":["Clash","Armaments"],"picked":"Spot Weakness","floor":28},{"not_picked":["Power Through","Heavy Blade"],"picked":"Warcry","floor":30},{"not_picked":["Reaper","Dark Embrace"],"picked":"Demon Form","floor":33},{"not_picked":["Shockwave","Perfected Strike"],"picked":"Seeing Red","floor":36},{"not_picked":["Havoc","Rampage"],"picked":"Inflame","floor":40},{"not_picked":["Heavy Blade","Corruption"],"picked":"Battle Trance","floor":42},{"not_picked":["Warcry","Infernal Blade"],"picked":"Battle Trance","floor":44},{"not_picked":["Thunderclap","Carnage"],"picked":"Pommel Strike","floor":45}],"player_experience":98612,"potions_floor_usage":[10,16,23,25,38,40,50,50,50],"damage_taken":[{"damage":0,"enemies":"2 Louse","floor":1,"turns":1},{"damage":0,"enemies":"Small Slimes","floor":2,"turns":1},{"damage":0,"enemies":"3 Sentries","floor":6,"turns":2},{"damage":14,"enemies":"Gremlin Nob","floor":8,"turns":3},{"damage":21,"enemies":"Lagavulin","floor":10,"turns":4},{"damage":6,"enemies":"Jaw Worm","floor":12,"turns":2},{"damage":27,"enemies":"The Guardian","floor":16,"turns":10},{"damage":23,"enemies":"2 Thieves","floor":18,"turns":3},{"damage":0,"enemies":"Spheric Guardian","floor":20,"turns":1},{"damage":5,"enemies":"Chosen and Byrds","floor":21,"turns":3},{"damage":2,"enemies":"Masked Bandits","floor":22,"turns":2},{"damage":37,"enemies":"Gremlin Leader","floor":23,"turns":4},{"damage":10,"enemies":"Centurion and Healer","floor":24,"turns":3},{"damage":4,"enemies":"Slavers","floor":25,"turns":3},{"damage":5,"enemies":"Gremlin Leader","floor":27,"turns":2},{"damage":12,"enemies":"Slaver and Parasite","floor":28,"turns":3},{"damage":10,"enemies":"Cultist and Chosen","floor":29,"turns":3},{"damage":46,"enemies":"Centurion and Healer","floor":30,"turns":5},{"damage":18,"enemies":"Champ","floor":33,"turns":5},{"damage":20,"enemies":"3 Shapes","floor":35,"turns":4},{"damage":26,"enemies":"Mysterious Sphere","floor":36,"turns":5},{"damage":7,"enemies":"Orb Walker","floor":37,"turns":2},{"damage":50,"enemies":"Maw","floor":38,"turns":6},{"damage":22,"enemies":"Giant Head","floor":40,"turns":4},{"damage":24,"enemies":"2 Orb Walkers","floor":42,"turns":3},{"damage":5,"enemies":"Giant Head","floor":44,"turns":4},{"damage":65,"enemies":"Time Eater","floor":50,"turns":5}],"event_choices":[{"event_name":"Living Wall","player_choice":"Grow","floor":3,"damage_taken":0},{"event_name":"The Woman in Blue","player_choice":"Bought 2 Potions","floor":5,"damage_taken":0},{"event_name":"Shining Light","player_choice":"Entered Light","floor":11,"damage_taken":0},{"event_name":"Bonfire Elementals","player_choice":"BASIC","floor":14,"damage_taken":0},{"event_name":"The Mausoleum","player_choice":"Yes","floor":19,"damage_taken":0},{"event_name":"Masked Bandits","player_choice":"Fought over 283 gold","floor":22,"damage_taken":0},{"event_name":"Mysterious Sphere","player_choice":"Fight","floor":36,"damage_taken":0},{"event_name":"Match and Keep!","player_choice":"3 cards matched","floor":39,"damage_taken":0},{"event_name":"Fountain of Cleansing","player_choice":"Removed Curse","floor":47,"damage_taken":0},{"event_name":"The Lab","player_choice":"Got Potions","floor":48,"damage_taken":0}],"boss_relics":[{"not_picked":["Philosopher\u0027s Stone","Sozu"],"picked":"Cursed Key"},{"not_picked":["Eternal Feather","Orrery"],"picked":"Black Blood"}],"potions_floor_spawned":[2,6,20,27,28,33,36,37,42,44],"seed_played":"-480373007617770425","ascension_level":1,"is_trial":false}