{"gold_per_floor":[361,391,51,62,113,140,140,159,184,184,26,38,38,65,65,65],"floor_reached":16,"playtime":756,"items_purged":["Strike_G"],"score":216,"play_id":"6e4e7f29-b37e-48eb-b49c-6ed87db78f8f","local_time":"20190924230738","is_ascension_mode":true,"campfire_choices":[{"floor":7.0,"key":"REST"},{"data":"Terror","floor":10.0,"key":"SMITH"},{"data":"Predator","floor":13.0,"key":"SMITH"},{"data":"Noxious Fumes","floor":15.0,"key":"SMITH"}],"neow_cost":"PERCENT_DAMAGE","seed_source_timestamp":0,"circlet_count":0,"master_deck":["AscendersBane","Strike_G","Strike_G","Strike_G","Strike_G","Defend_G","Defend_G","Defend_G","Defend_G","Defend_G","Survivor+1","Neutralize","Deadly Poison+1","Bouncing Flask","Blade Dance","Infinite Blades","All Out Attack","Terror+1","Predator+1","PiercingWail","Noxious Fumes+1"],"special_seed":0,"relics":["Ring of the Snake","Tiny Chest","Regal Pillow","Matryoshka","Potion Belt","War Paint","Membership Card","Bronze Scales"],"potions_floor_usage":[16],"damage_taken":[{"damage":4.0,"enemies":"Small Slimes","floor":1.0,"turns":5.0},{"damage":0.0,"enemies":"Jaw Worm","floor":4.0,"turns":4.0},{"damage":17.0,"enemies":"Lagavulin","floor":6.0,"turns":4.0},{"damage":0.0,"enemies":"2 Louse","floor":8.0,"turns":2.0},{"damage":11.0,"enemies":"Gremlin Gang","floor":12.0,"turns":5.0},{"damage":30.0,"enemies":"3 Sentries","floor":14.0,"turns":8.0},{"damage":16,"enemies":"The Guardian","floor":16,"turns":8}],"seed_played":"8608837179002876123","potions_obtained":[{"floor":1.0,"key":"FearPotion"},{"floor":4.0,"key":"Poison Potion"},{"floor":8.0,"key":"Regen Potion"}],"is_trial":false,"path_per_floor":["M","?","$","M","T","E","R","M","T","R","$","M","R","E","R","B"],"character_chosen":"THE_SILENT","items_purchased":["Bouncing Flask","Blade Dance","Infinite Blades","All Out Attack","Membership Card"],"campfire_rested":1,"item_purchase_floors":[3,3,3,3,11],"current_hp_per_floor":[40,22,22,22,22,5,39,39,39,39,39,28,28,13,13,0],"gold":65,"neow_bonus":"TWO_FIFTY_GOLD","is_prod":false,"is_daily":false,"chose_seed":false,"campfire_upgraded":3,"win_rate":0,"timestamp":1569359258,"path_taken":["M","?","$","M","?","E","R","M","T","R","$","M","R","E","R","BOSS"],"build_version":"2019-09-24","purchased_purges":1,"victory":false,"max_hp_per_floor":[66,66,66,66,66,66,66,66,66,66,66,66,66,66,66,66],"card_choices":[{"not_picked":["Calculated Gamble","Dodge and Roll"],"picked":"Deadly Poison","floor":1.0},{"not_picked":["Concentrate","Sucker Punch"],"picked":"Terror","floor":4.0},{"not_picked":["Flying Knee","Phantasmal Killer"],"picked":"Predator","floor":6.0},{"not_picked":["Dash","Prepared"],"picked":"PiercingWail","floor":8.0},{"not_picked":["Dodge and Roll","Infinite Blades","Acrobatics"],"picked":"SKIP","floor":12.0},{"not_picked":["PiercingWail","Skewer"],"picked":"Noxious Fumes","floor":14.0}],"player_experience":2102208,"relics_obtained":[{"floor":5.0,"key":"Regal Pillow"},{"floor":6.0,"key":"Matryoshka"},{"floor":9.0,"key":"Potion Belt"},{"floor":9.0,"key":"War Paint"},{"floor":14.0,"key":"Bronze Scales"}],"event_choices":[{"damage_healed":0.0,"max_hp_gain":0.0,"max_hp_loss":0.0,"gold_gain":0.0,"event_name":"Scrap Ooze","player_choice":"Success","floor":2.0,"gold_loss":0.0,"damage_taken":18.0,"relics_obtained":["Tiny Chest"]}],"is_beta":true,"boss_relics":[],"items_purged_floors":[3],"is_endless":false,"potions_floor_spawned":[1,4,8],"killed_by":"The Guardian","ascension_level":20}