{"gold_per_floor":[110,129,54,28,28,28,71,71,153,186,210,224,251,60,60,60],"floor_reached":16,"playtime":523,"items_purged":["Strike_G"],"score":246,"play_id":"476ea2e0-7d19-437a-8d29-10376eaf3523","local_time":"20181206210423","is_ascension_mode":true,"campfire_choices":[{"data":"Dash","floor":6,"key":"SMITH"},{"data":"Leg Sweep","floor":8,"key":"SMITH"},{"data":"Noxious Fumes","floor":15,"key":"SMITH"}],"neow_cost":"NONE","seed_source_timestamp":39280737136300,"circlet_count":0,"master_deck":["AscendersBane","Defend_G","Defend_G","Defend_G","Defend_G","Defend_G","Strike_G","Strike_G","Strike_G","Survivor","Neutralize","Dash+1","Leg Sweep+1","Dagger Spray","Escape Plan","Blur","Crippling Poison","Noxious Fumes+1","Blur"],"relics":["Ring of the Snake","NeowsBlessing","Golden Idol","Dead Branch","Tiny Chest","Potion Belt","Happy Flower"],"potions_floor_usage":[16,16],"damage_taken":[{"damage":0,"enemies":"Cultist","floor":1,"turns":1},{"damage":0,"enemies":"Jaw Worm","floor":2,"turns":1},{"damage":0,"enemies":"Gremlin Nob","floor":7,"turns":1},{"damage":35,"enemies":"Lagavulin","floor":10,"turns":15},{"damage":0,"enemies":"Small Slimes","floor":11,"turns":3},{"damage":0,"enemies":"Blue Slaver","floor":12,"turns":4},{"damage":24,"enemies":"Slime Boss","floor":16,"turns":9}],"seed_played":"7882541933955084292","potions_obtained":[{"floor":2,"key":"SpeedPotion"},{"floor":7,"key":"LiquidBronze"},{"floor":12,"key":"Energy Potion"}],"is_trial":false,"path_per_floor":["M","M","?","$","?","R","E","R","T","E","M","M","T","$","R","B"],"character_chosen":"THE_SILENT","items_purchased":["Dagger Spray","Noxious Fumes","Blur"],"campfire_rested":0,"item_purchase_floors":[4,14,14],"current_hp_per_floor":[59,59,59,59,59,59,59,59,59,24,24,24,24,24,24,0],"gold":60,"neow_bonus":"THREE_ENEMY_KILL","is_prod":false,"is_daily":false,"chose_seed":false,"campfire_upgraded":3,"win_rate":0,"timestamp":1544126663,"path_taken":["M","?","?","?","?","R","E","R","T","E","M","M","?","$","R","BOSS"],"build_version":"2018-12-06","purchased_purges":1,"victory":false,"max_hp_per_floor":[66,66,66,66,60,60,60,60,60,60,60,60,60,60,60,60],"card_choices":[{"not_picked":["Outmaneuver","Leg Sweep"],"picked":"Dash","floor":1},{"not_picked":["Concentrate","Masterful Stab"],"picked":"Leg Sweep","floor":2},{"not_picked":["Flying Knee","Poisoned Stab"],"picked":"Escape Plan","floor":7},{"not_picked":["Wraith Form v2","Dash"],"picked":"Blur","floor":10},{"not_picked":["Deflect","Prepared"],"picked":"Crippling Poison","floor":11},{"not_picked":["Dagger Spray","Dagger Throw","Underhanded Strike"],"picked":"SKIP","floor":12}],"player_experience":969474,"relics_obtained":[{"floor":7,"key":"Dead Branch"},{"floor":9,"key":"Tiny Chest"},{"floor":10,"key":"Potion Belt"},{"floor":13,"key":"Happy Flower"}],"event_choices":[{"cards_removed":["Strike_G"],"damage_healed":0,"gold_gain":0,"player_choice":"Card Removal","damage_taken":0,"max_hp_gain":0,"max_hp_loss":0,"event_name":"The Cleric","floor":3,"gold_loss":75},{"damage_healed":0,"gold_gain":0,"player_choice":"Lose Max HP","damage_taken":0,"relics_obtained":["Golden Idol"],"max_hp_gain":0,"max_hp_loss":6,"event_name":"Golden Idol","floor":5,"gold_loss":0}],"is_beta":true,"boss_relics":[],"items_purged_floors":[14],"is_endless":false,"potions_floor_spawned":[2,7,12],"killed_by":"Slime Boss","ascension_level":17}