{"gold_per_floor":[110,124,141,141,87,130,130,169,192,192],"floor_reached":10,"playtime":577,"items_purged":[],"score":152,"play_id":"8730eceb-5906-464c-a11b-acf329c1c05e","local_time":"20190108221254","is_ascension_mode":true,"campfire_choices":[{"floor":7,"key":"REST"}],"neow_cost":"TEN_PERCENT_HP_LOSS","seed_source_timestamp":0,"circlet_count":0,"master_deck":["AscendersBane","Defend_G","Defend_G","Defend_G","Defend_G","Defend_G","Strike_G","Strike_G","Strike_G","Strike_G","Strike_G","Survivor","Neutralize","Corpse Explosion","Well Laid Plans","PiercingWail","Cloak And Dagger","Backflip","Poisoned Stab","Dagger Spray"],"special_seed":0,"relics":["Ring of the Snake","Golden Idol","Strawberry","Anchor","PreservedInsect"],"potions_floor_usage":[6,6,10],"damage_taken":[{"damage":0.0,"enemies":"2 Louse","floor":1.0,"turns":3.0},{"damage":2.0,"enemies":"Jaw Worm","floor":2.0,"turns":5.0},{"damage":0.0,"enemies":"Cultist","floor":3.0,"turns":4.0},{"damage":49,"enemies":"Gremlin Nob","floor":6,"turns":6},{"damage":22,"enemies":"3 Sentries","floor":8,"turns":5},{"damage":16,"enemies":"Lagavulin","floor":10,"turns":7}],"seed_played":"113370887022593077","potions_obtained":[{"floor":1.0,"key":"EssenceOfSteel"},{"floor":2.0,"key":"LiquidBronze"},{"floor":8,"key":"Fruit Juice"}],"is_trial":false,"path_per_floor":["M","M","M","?","$","E","R","E","T","E"],"character_chosen":"THE_SILENT","items_purchased":["Backflip"],"campfire_rested":1,"item_purchase_floors":[5],"current_hp_per_floor":[59,57,57,54,54,12,30,8,8,0],"gold":192,"neow_bonus":"THREE_RARE_CARDS","is_prod":false,"is_daily":false,"chose_seed":false,"campfire_upgraded":0,"win_rate":0,"timestamp":1546981974,"path_taken":["M","M","M","?","$","E","R","E","T","E"],"build_version":"2019-01-03v4","purchased_purges":0,"victory":false,"max_hp_per_floor":[60,60,60,54,54,61,61,61,61,66],"card_choices":[{"not_picked":["Unload","Phantasmal Killer"],"picked":"Corpse Explosion","floor":0.0},{"not_picked":["Dagger Spray","Underhanded Strike"],"picked":"Well Laid Plans","floor":1.0},{"not_picked":["Glass Knife","Backflip"],"picked":"PiercingWail","floor":2.0},{"not_picked":["Quick Slash","Flechettes"],"picked":"Cloak And Dagger","floor":3.0},{"not_picked":["Leg Sweep","Sucker Punch"],"picked":"Poisoned Stab","floor":6},{"not_picked":["Caltrops","Bane"],"picked":"Dagger Spray","floor":8}],"player_experience":1085083,"relics_obtained":[{"floor":6,"key":"Strawberry"},{"floor":8,"key":"Anchor"},{"floor":9,"key":"PreservedInsect"}],"event_choices":[{"damage_healed":0.0,"max_hp_gain":0.0,"max_hp_loss":6.0,"gold_gain":0.0,"event_name":"Golden Idol","player_choice":"Lose Max HP","floor":4.0,"gold_loss":0.0,"damage_taken":0.0,"relics_obtained":["Golden Idol"]}],"is_beta":false,"boss_relics":[],"items_purged_floors":[],"is_endless":false,"potions_floor_spawned":[1,2,8],"killed_by":"Lagavulin","ascension_level":20}