{"gold_per_floor":[117,9,9,9,9,9,43,43,43,43,59,114,130,141,141,218,218,229,240,312,92,109,109,135,150,218,218,218,244,255,285,285,359,359,378,378,98,117,129,154,376,376,423,751,751,764,798,812,812,812,812,812,812,10,40,40],"floor_reached":57,"playtime":2991,"items_purged":["Strike_R","Writhe","Rampage"],"score":2926,"play_id":"e24df742-e369-4cd5-aaff-c170b5ebed29","local_time":"20190812100228","is_ascension_mode":true,"campfire_choices":[{"data":"Pommel Strike","floor":6.0,"key":"SMITH"},{"data":"Demon Form","floor":8.0,"key":"SMITH"},{"data":"Shrug It Off","floor":10.0,"key":"SMITH"},{"data":"Flame Barrier","floor":15.0,"key":"SMITH"},{"data":"Armaments","floor":23.0,"key":"SMITH"},{"floor":28,"key":"REST"},{"floor":32,"key":"REST"},{"data":"Corruption","floor":42,"key":"SMITH"},{"floor":49,"key":"RECALL"},{"data":"Feel No Pain","floor":53,"key":"SMITH"}],"neow_cost":"NONE","seed_source_timestamp":0,"circlet_count":0,"master_deck":["AscendersBane","Bash+1","Pommel Strike+1","Shrug It Off+1","Demon Form+1","Iron Wave","Thunderclap","Flame Barrier+1","Reaper","Feel No Pain","Dropkick+1","Feel No Pain","Shrug It Off","Armaments+1","Shrug It Off","Shockwave+1","Heavy Blade","Disarm+1","Offering+1","Anger","Rupture","Bludgeon","Shrug It Off+1","Twin Strike","Demon Form","Feel No Pain+1","True Grit+1","Corruption+1","Dual Wield+1","True Grit+1","Sentinel+1","Sword Boomerang","Limit Break+1","Finesse+1","Violence+1","Double Tap+1","Rage+1","Shrug It Off+1","Armaments+1","Good Instincts+1","Sentinel+1"],"special_seed":0,"relics":["Burning Blood","Art of War","Unceasing Top","Centennial Puzzle","Happy Flower","Paper Frog","Tiny Chest","Philosopher\u0027s Stone","Ornamental Fan","Dodecahedron","Gremlin Horn","Strawberry","Toxic Egg 2","Red Mask","Pandora\u0027s Box","Turnip","Old Coin","Ancient Tea Set","Oddly Smooth Stone","Sling","Charon\u0027s Ashes"],"potions_floor_usage":[24,31,56,56],"damage_taken":[{"damage":8.0,"enemies":"Jaw Worm","floor":1.0,"turns":6.0},{"damage":8.0,"enemies":"Gremlin Nob","floor":7.0,"turns":3.0},{"damage":5.0,"enemies":"Small Slimes","floor":11.0,"turns":3.0},{"damage":10.0,"enemies":"Lagavulin","floor":12.0,"turns":7.0},{"damage":0.0,"enemies":"Cultist","floor":13.0,"turns":2.0},{"damage":11.0,"enemies":"Exordium Thugs","floor":14.0,"turns":6.0},{"damage":9.0,"enemies":"Hexaghost","floor":16.0,"turns":8.0},{"damage":41.0,"enemies":"2 Thieves","floor":18.0,"turns":4.0},{"damage":2.0,"enemies":"3 Byrds","floor":19.0,"turns":1.0},{"damage":38.0,"enemies":"Centurion and Healer","floor":22.0,"turns":14.0},{"damage":47,"enemies":"Slavers","floor":24,"turns":6},{"damage":25,"enemies":"Chosen and Byrds","floor":25,"turns":5},{"damage":46,"enemies":"Gremlin Leader","floor":29,"turns":9},{"damage":12,"enemies":"Sentry and Sphere","floor":30,"turns":7},{"damage":32,"enemies":"Masked Bandits","floor":31,"turns":3},{"damage":19,"enemies":"Champ","floor":33,"turns":10},{"damage":10,"enemies":"Orb Walker","floor":35,"turns":3},{"damage":23,"enemies":"3 Darklings","floor":38,"turns":4},{"damage":31,"enemies":"Maw","floor":39,"turns":7},{"damage":6,"enemies":"Giant Head","floor":40,"turns":6},{"damage":26,"enemies":"Nemesis","floor":44,"turns":7},{"damage":27,"enemies":"Spire Growth","floor":46,"turns":6},{"damage":6,"enemies":"Reptomancer","floor":47,"turns":5},{"damage":6,"enemies":"Sphere and 2 Shapes","floor":48,"turns":4},{"damage":52,"enemies":"Donu and Deca","floor":50,"turns":8},{"damage":34,"enemies":"Awakened One","floor":51,"turns":9},{"damage":30,"enemies":"Shield and Spear","floor":55,"turns":8},{"damage":32,"enemies":"The Heart","floor":56,"turns":9}],"seed_played":"3969011901819357717","potions_obtained":[{"floor":11.0,"key":"PowerPotion"},{"floor":16.0,"key":"Dexterity Potion"},{"floor":25,"key":"FairyPotion"},{"floor":35,"key":"Poison Potion"},{"floor":39,"key":"Weak Potion"}],"is_trial":false,"path_per_floor":["M","$","?","?","T","R","E","R","T","R","M","E","M","M","R","B",null,"M","M","T","$","M","R","E","M","T","?","R","E","M","?","R","B",null,"M","?","$","M","M","E","?","R","T","E","?","M","E","M","R","B","B",null,"R","$","E","B",null],"character_chosen":"IRONCLAD","items_purchased":["Shrug It Off","AttackPotion","Feel No Pain","Shrug It Off","Armaments","Corruption","Dual Wield+1","True Grit+1","Shrug It Off+1","Armaments+1","Oddly Smooth Stone","Sling","Ancient Potion","SpeedPotion","Good Instincts+1"],"campfire_rested":2,"item_purchase_floors":[2,2,21,21,21,37,37,37,54,54,54,54,54,54,54],"current_hp_per_floor":[66,66,43,38,38,38,36,36,36,36,37,33,39,34,34,31,64,48,52,52,52,51,51,28,9,9,16,40,31,36,10,34,59,76,72,72,72,55,70,78,78,78,78,58,48,27,78,78,78,51,69,76,76,76,52,78],"gold":40,"neow_bonus":"RANDOM_COMMON_RELIC","is_prod":false,"is_daily":false,"chose_seed":false,"campfire_upgraded":7,"win_rate":0,"timestamp":1565596948,"path_taken":["M","$","?","?","?","R","E","R","T","R","M","E","M","?","R","BOSS","M","M","?","$","M","R","E","?","T","?","R","E","M","?","R","BOSS","M","?","$","M","M","E","?","R","T","E","?","M","E","M","R","BOSS","BOSS","R","$","E","BOSS"],"build_version":"2019-07-17","purchased_purges":3,"victory":true,"max_hp_per_floor":[75,75,75,75,75,75,75,75,75,75,75,75,75,75,75,75,75,75,75,75,75,75,75,75,75,75,82,82,82,82,82,82,82,82,82,78,78,78,78,78,78,78,78,78,78,78,78,78,78,78,78,78,78,78,78,78],"card_choices":[{"not_picked":["True Grit","Headbutt"],"picked":"Pommel Strike","floor":1.0},{"not_picked":["True Grit","Havoc"],"picked":"Demon Form","floor":7.0},{"not_picked":["Clash","Sentinel"],"picked":"Iron Wave","floor":11.0},{"not_picked":["Havoc","Wild Strike"],"picked":"Thunderclap","floor":12.0},{"not_picked":["Searing Blow","Iron Wave","Clash"],"picked":"SKIP","floor":13.0},{"not_picked":["Second Wind","Perfected Strike"],"picked":"Flame Barrier","floor":14.0},{"not_picked":["Limit Break","Double Tap"],"picked":"Reaper","floor":16.0},{"not_picked":["Shockwave","Reckless Charge"],"picked":"Feel No Pain","floor":18.0},{"not_picked":["Wild Strike","Clash"],"picked":"Dropkick+1","floor":19.0},{"not_picked":["Carnage","Pommel Strike"],"picked":"Shrug It Off","floor":22.0},{"not_picked":["Searing Blow+1","Entrench","Armaments"],"picked":"SKIP","floor":24},{"not_picked":["Uppercut","Fire Breathing","Rampage+1"],"picked":"SKIP","floor":25},{"not_picked":["Blood for Blood","Infernal Blade"],"picked":"Shockwave","floor":29},{"not_picked":["Shrug It Off+1","Clash"],"picked":"Heavy Blade","floor":30},{"not_picked":["Flex+1","Second Wind+1"],"picked":"Disarm+1","floor":31},{"not_picked":["Feed","Bludgeon"],"picked":"Offering+1","floor":33},{"not_picked":["Clothesline","Body Slam"],"picked":"True Grit+1","floor":35},{"not_picked":["Entrench+1","True Grit+1"],"picked":"Sentinel+1","floor":38},{"not_picked":["Perfected Strike","Wild Strike","Carnage"],"picked":"SKIP","floor":39},{"not_picked":["Cleave","Twin Strike"],"picked":"Sword Boomerang","floor":40},{"not_picked":["Anger+1","Shrug It Off+1"],"picked":"Limit Break+1","floor":44},{"not_picked":["Discovery+1","Metamorphosis+1"],"picked":"Finesse+1","floor":45},{"not_picked":["Chrysalis+1","HandOfGreed"],"picked":"Violence+1","floor":45},{"not_picked":["Wild Strike+1","Power Through+1","Intimidate+1"],"picked":"SKIP","floor":46},{"not_picked":["Rampage","Feel No Pain"],"picked":"Double Tap+1","floor":47},{"not_picked":["Body Slam","Ghostly Armor+1"],"picked":"Rage+1","floor":48},{"not_picked":["Whirlwind","Bludgeon"],"picked":"Sentinel+1","floor":55}],"player_experience":1901798,"relics_obtained":[{"floor":5.0,"key":"Centennial Puzzle"},{"floor":7.0,"key":"Happy Flower"},{"floor":9.0,"key":"Paper Frog"},{"floor":12.0,"key":"Tiny Chest"},{"floor":20.0,"key":"Ornamental Fan"},{"floor":24,"key":"Dodecahedron"},{"floor":26,"key":"Gremlin Horn"},{"floor":29,"key":"Toxic Egg 2"},{"floor":31,"key":"Red Mask"},{"floor":40,"key":"Turnip"},{"floor":44,"key":"Old Coin"},{"floor":47,"key":"Ancient Tea Set"},{"floor":55,"key":"Charon\u0027s Ashes"}],"event_choices":[{"damage_healed":0.0,"max_hp_gain":0.0,"max_hp_loss":0.0,"gold_gain":0.0,"event_name":"Shining Light","player_choice":"Entered Light","floor":3.0,"gold_loss":0.0,"damage_taken":23.0,"cards_upgraded":["Strike_R","Bash"]},{"damage_healed":0.0,"max_hp_gain":0.0,"max_hp_loss":0.0,"gold_gain":0.0,"event_name":"Scrap Ooze","player_choice":"Success","floor":4.0,"gold_loss":0.0,"damage_taken":5.0,"relics_obtained":["Unceasing Top"]},{"damage_healed":0,"gold_gain":0,"player_choice":"Opened","damage_taken":0,"relics_obtained":["Strawberry"],"max_hp_gain":0,"max_hp_loss":0,"event_name":"The Mausoleum","floor":27,"gold_loss":0,"cards_obtained":["Writhe"]},{"damage_healed":0,"gold_gain":0,"player_choice":"Fought Bandits","damage_taken":0,"max_hp_gain":0,"max_hp_loss":0,"event_name":"Masked Bandits","floor":31,"gold_loss":0},{"damage_healed":0,"gold_gain":0,"player_choice":"Max HP","damage_taken":0,"max_hp_gain":0,"max_hp_loss":4,"event_name":"Winding Halls","floor":36,"gold_loss":0},{"damage_healed":0,"gold_gain":222,"player_choice":"Wore Mask","damage_taken":0,"max_hp_gain":0,"max_hp_loss":0,"event_name":"Tomb of Lord Red Mask","floor":41,"gold_loss":0},{"damage_healed":0,"gold_gain":0,"player_choice":"Memory 3","damage_taken":10,"max_hp_gain":0,"max_hp_loss":0,"event_name":"SensoryStone","floor":45,"gold_loss":0}],"is_beta":false,"boss_relics":[{"not_picked":["Runic Cube","Sozu"],"picked":"Philosopher\u0027s Stone"},{"not_picked":["White Beast Statue","Lizard Tail"],"picked":"Pandora\u0027s Box"}],"items_purged_floors":[21,37,54],"is_endless":false,"potions_floor_spawned":[11,13,16,22,25,35,39,44,46],"ascension_level":20}