{"gold_per_floor":[363,68,68,83,95,95,113,126,126,155,174,144,144,164,164,164],"floor_reached":16,"playtime":1189,"items_purged":[],"score":179,"play_id":"eee2a465-3d8d-4613-ae92-607db6500177","local_time":"20181018170831","is_ascension_mode":true,"campfire_choices":[{"data":"Offering","floor":6,"key":"SMITH"},{"floor":13,"key":"REST"},{"data":"Rampage","floor":15,"key":"SMITH"}],"neow_cost":"CURSE","seed_source_timestamp":29880672815087,"circlet_count":0,"master_deck":["Strike_R","Strike_R","Strike_R","Strike_R","Strike_R","Defend_R","Defend_R","Defend_R","Defend_R","Bash","AscendersBane","Shame","Headbutt","Cleave","Offering+1","Clash","Thunderclap","Rampage+1","Headbutt","Whirlwind"],"relics":["Burning Blood","Dead Branch","Bronze Scales","Centennial Puzzle","Odd Mushroom"],"potions_floor_usage":[4,11,14,14],"damage_taken":[{"damage":8,"enemies":"2 Louse","floor":1,"turns":3},{"damage":13,"enemies":"Small Slimes","floor":4,"turns":4},{"damage":9,"enemies":"Cultist","floor":5,"turns":4},{"damage":16,"enemies":"Blue Slaver","floor":7,"turns":3},{"damage":11,"enemies":"2 Fungi Beasts","floor":8,"turns":4},{"damage":33,"enemies":"Lagavulin","floor":10,"turns":4},{"damage":7,"enemies":"Looter","floor":11,"turns":2},{"damage":13,"enemies":"The Mushroom Lair","floor":14,"turns":3},{"damage":40,"enemies":"Hexaghost","floor":16,"turns":7}],"seed_played":"-3225800768046687818","potions_obtained":[{"floor":1,"key":"EssenceOfSteel"},{"floor":7,"key":"FearPotion"},{"floor":8,"key":"Explosive Potion"},{"floor":12,"key":"SteroidPotion"}],"is_trial":false,"path_per_floor":["M","$","?","M","M","R","M","M","T","E","M","?","R","?","R"],"character_chosen":"IRONCLAD","items_purchased":["Dead Branch"],"campfire_rested":1,"item_purchase_floors":[2],"current_hp_per_floor":[66,66,71,64,61,61,51,46,46,19,18,18,42,35,35,0],"gold":164,"neow_bonus":"TWO_FIFTY_GOLD","is_prod":false,"is_daily":false,"chose_seed":false,"campfire_upgraded":2,"win_rate":0,"timestamp":1539875311,"path_taken":["M","$","?","M","M","R","M","M","T","E","M","?","R","?","R","BOSS"],"build_version":"2018-10-17v3","purchased_purges":0,"victory":false,"max_hp_per_floor":[75,75,80,80,80,80,80,80,80,80,80,80,80,80,80,80],"card_choices":[{"not_picked":["Second Wind","Warcry"],"picked":"Headbutt","floor":1},{"not_picked":["Wild Strike","Hemokinesis"],"picked":"Cleave","floor":4},{"not_picked":["Perfected Strike","Iron Wave"],"picked":"Offering","floor":5},{"not_picked":["Iron Wave","Cleave"],"picked":"Clash","floor":7},{"not_picked":["Combust","Iron Wave"],"picked":"Thunderclap","floor":8},{"not_picked":["Sever Soul","Entrench"],"picked":"Rampage","floor":10},{"not_picked":["Fire Breathing","Power Through"],"picked":"Headbutt","floor":11},{"not_picked":["Ghostly Armor","Clothesline"],"picked":"Whirlwind","floor":14}],"player_experience":653756,"relics_obtained":[{"floor":9,"key":"Bronze Scales"},{"floor":10,"key":"Centennial Puzzle"},{"floor":14,"key":"Odd Mushroom"}],"event_choices":[{"damage_healed":0,"gold_gain":0,"player_choice":"Donut","damage_taken":0,"max_hp_gain":5,"max_hp_loss":0,"event_name":"Big Fish","floor":3,"gold_loss":0},{"damage_healed":0,"gold_gain":0,"player_choice":"Bought 2 Potions","damage_taken":0,"max_hp_gain":0,"max_hp_loss":0,"event_name":"The Woman in Blue","floor":12,"gold_loss":0},{"damage_healed":0,"gold_gain":0,"player_choice":"Fought Mushrooms","damage_taken":0,"max_hp_gain":0,"max_hp_loss":0,"event_name":"Mushrooms","floor":14,"gold_loss":0}],"is_beta":true,"boss_relics":[],"items_purged_floors":[],"is_endless":false,"potions_floor_spawned":[1,7,8,10],"killed_by":"Hexaghost","ascension_level":15}