{"gold_per_floor":[114,129,129,147,73,73,114,114,114,114,114,135,135,173,173,266,266,284,299,299,259,145,145,177,177,177,189,203,253,253],"floor_reached":30,"playtime":1517,"items_purged":["Strike_G"],"score":512,"play_id":"7a4d8e01-8746-4898-ac2b-9f7917eb7470","local_time":"20190119213226","is_ascension_mode":true,"campfire_choices":[{"data":"Infinite Blades","floor":6.0,"key":"SMITH"},{"data":"Sucker Punch","floor":8.0,"key":"SMITH"},{"data":"Dash","floor":11.0,"key":"SMITH"},{"data":"Envenom","floor":15.0,"key":"SMITH"},{"floor":23.0,"key":"REST"},{"floor":25,"key":"REST"}],"neow_cost":"NONE","seed_source_timestamp":0,"circlet_count":0,"master_deck":["AscendersBane","Defend_G","Defend_G","Defend_G","Defend_G","Defend_G","Strike_G","Strike_G","Strike_G","Survivor","Neutralize","Infinite Blades+1","Dash+1","Backflip","Well Laid Plans","Sucker Punch+1","Envenom+1","Wraith Form v2","Night Terror","Infinite Blades","Slice","Quick Slash","PiercingWail","Riddle With Holes","Quick Slash+1","Heel Hook","Riddle With Holes"],"special_seed":0,"relics":["Ring of the Snake","Bloody Idol","Art of War","hubris:Metronome","Vajra","Orrery","Potion Belt","hubris:CrystalStatue"],"potions_floor_usage":[24,30,30],"damage_taken":[{"damage":3.0,"enemies":"Small Slimes","floor":1.0,"turns":5.0},{"damage":0.0,"enemies":"2 Louse","floor":2.0,"turns":3.0},{"damage":2.0,"enemies":"Cultist","floor":4.0,"turns":5.0},{"damage":30.0,"enemies":"3 Sentries","floor":7.0,"turns":11.0},{"damage":1.0,"enemies":"Blue Slaver","floor":12.0,"turns":3.0},{"damage":6.0,"enemies":"Gremlin Nob","floor":14.0,"turns":3.0},{"damage":10.0,"enemies":"Slime Boss","floor":16.0,"turns":9.0},{"damage":36.0,"enemies":"2 Thieves","floor":18.0,"turns":5.0},{"damage":0.0,"enemies":"Spheric Guardian","floor":19.0,"turns":3.0},{"damage":21,"enemies":"Slavers","floor":24,"turns":6},{"damage":13,"enemies":"Centurion and Healer","floor":27,"turns":6},{"damage":18,"enemies":"Cultist and Chosen","floor":28,"turns":5},{"damage":20,"enemies":"Book of Stabbing","floor":30,"turns":5}],"seed_played":"-2758243585461473414","potions_obtained":[{"floor":0.0,"key":"construct:ShiftPotion"},{"floor":0.0,"key":"SkillPotion"},{"floor":13.0,"key":"GhostInAJar"},{"floor":13.0,"key":"Fire Potion"},{"floor":19.0,"key":"Dexterity Potion"},{"floor":21.0,"key":"Fire Potion"},{"floor":24,"key":"GhostInAJar"}],"is_trial":false,"path_per_floor":["M","M","?","M","$","R","E","R","T","?","R","M","?","E","R","B",null,"M","M","?","?","$","R","E","R","T","M","M","?","E"],"character_chosen":"THE_SILENT","items_purchased":["Well Laid Plans","Riddle With Holes"],"campfire_rested":2,"item_purchase_floors":[5,22],"current_hp_per_floor":[56,56,56,54,54,54,24,24,24,24,24,23,23,17,17,7,47,11,11,11,11,11,29,13,31,31,23,10,15,0],"gold":253,"neow_bonus":"THREE_SMALL_POTIONS","is_prod":false,"is_daily":false,"chose_seed":false,"campfire_upgraded":4,"win_rate":0,"timestamp":1547929946,"path_taken":["M","M","?","M","$","R","E","R","T","?","R","?","?","E","R","BOSS","M","?","?","?","$","R","E","R","T","M","?","?","E"],"build_version":"2019-01-17v2","purchased_purges":1,"victory":false,"max_hp_per_floor":[66,66,60,60,60,60,60,60,60,60,60,60,60,60,60,60,60,60,60,60,60,60,60,60,60,60,60,60,60,60],"card_choices":[{"not_picked":["Poisoned Stab","Deflect"],"picked":"Infinite Blades","floor":1.0},{"not_picked":["Cloak And Dagger","PiercingWail"],"picked":"Dash","floor":2.0},{"not_picked":["Dagger Throw","Deflect"],"picked":"Backflip","floor":4.0},{"not_picked":["Prepared","Reflex"],"picked":"Sucker Punch","floor":7.0},{"not_picked":["Prepared","Choke"],"picked":"Envenom","floor":12.0},{"not_picked":["Backflip","Tactician"],"picked":"Wraith Form v2","floor":14.0},{"not_picked":["Malaise","Unload"],"picked":"Night Terror","floor":16.0},{"not_picked":["Well Laid Plans","Skewer"],"picked":"Infinite Blades","floor":17.0},{"not_picked":["Concentrate","Bane"],"picked":"Slice","floor":17.0},{"not_picked":["Slice","Cloak And Dagger"],"picked":"Quick Slash","floor":17.0},{"not_picked":["Dodge and Roll","Predator"],"picked":"PiercingWail","floor":17.0},{"not_picked":["Dagger Throw","Sucker Punch","Dodge and Roll"],"picked":"SKIP","floor":18.0},{"not_picked":["Flying Knee","Sucker Punch","Outmaneuver"],"picked":"SKIP","floor":19.0},{"not_picked":["Prepared","Eviscerate"],"picked":"Quick Slash+1","floor":24},{"not_picked":["Setup","Slice"],"picked":"Heel Hook","floor":27},{"not_picked":["A Thousand Cuts","Caltrops"],"picked":"Riddle With Holes","floor":28}],"player_experience":1131624,"relics_obtained":[{"floor":7.0,"key":"Art of War"},{"floor":9.0,"key":"hubris:Metronome"},{"floor":14.0,"key":"Vajra"},{"floor":24,"key":"Potion Belt"},{"floor":26,"key":"hubris:CrystalStatue"}],"event_choices":[{"damage_healed":0.0,"max_hp_gain":0.0,"max_hp_loss":6.0,"gold_gain":0.0,"event_name":"Golden Idol","player_choice":"Lose Max HP","floor":3.0,"gold_loss":0.0,"damage_taken":0.0,"relics_obtained":["Golden Idol"]},{"cards_removed":["Strike_G"],"damage_healed":0.0,"max_hp_gain":0.0,"max_hp_loss":0.0,"gold_gain":0.0,"event_name":"Wheel of Change","player_choice":"Card Removal","floor":10.0,"gold_loss":0.0,"damage_taken":0.0},{"damage_healed":0.0,"max_hp_gain":0.0,"max_hp_loss":0.0,"gold_gain":0.0,"event_name":"Lab","player_choice":"Got Potions","floor":13.0,"gold_loss":0.0,"damage_taken":0.0},{"damage_healed":0.0,"max_hp_gain":0.0,"max_hp_loss":0.0,"gold_gain":0.0,"event_name":"Forgotten Altar","player_choice":"Gave Idol","floor":20.0,"relics_lost":["Golden Idol"],"gold_loss":0.0,"damage_taken":0.0,"relics_obtained":["Bloody Idol"]},{"damage_healed":0.0,"max_hp_gain":0.0,"max_hp_loss":0.0,"gold_gain":0.0,"event_name":"The Woman in Blue","player_choice":"Bought 3 Potions","floor":21.0,"gold_loss":0.0,"damage_taken":0.0},{"damage_healed":0,"gold_gain":50,"player_choice":"Stole From Cult","damage_taken":0,"max_hp_gain":0,"max_hp_loss":0,"event_name":"Nest","floor":29,"gold_loss":0}],"is_beta":false,"boss_relics":[{"not_picked":["hubris:CrackedHourglass","Empty Cage"],"picked":"Orrery"}],"items_purged_floors":[22],"is_endless":false,"potions_floor_spawned":[1,19,24],"killed_by":"Book of Stabbing","ascension_level":20}