{"gold_per_floor":[116,66,66,85,10,37,37,37,37,37,65,65,85,96,96,197,197,208,208,221,266,446,446],"floor_reached":23,"playtime":1643,"items_purged":["Strike_R"],"score":256,"play_id":"eea9acc8-f03b-462b-b941-abac1a61461b","local_time":"20190603060624","is_ascension_mode":true,"campfire_choices":[{"floor":8.0,"key":"REST"},{"data":"Armaments","floor":10.0,"key":"SMITH"},{"data":"Pommel Strike","floor":12.0,"key":"SMITH"},{"data":"Bash","floor":15.0,"key":"SMITH"}],"neow_cost":"NONE","seed_source_timestamp":0,"circlet_count":0,"master_deck":["Strike_R","Strike_R","Strike_R","Defend_R","Defend_R","Defend_R","Defend_R","Bash+1","Armaments+1","Battle Trance","Pommel Strike+1","Anger","Thunderclap","Bludgeon","Clash","Demon Form","Pummel","RitualDagger","Writhe"],"special_seed":0,"relics":["Burning Blood","Matryoshka","Dream Catcher","Bronze Scales","Ornamental Fan","Letter Opener","Cursed Key","Omamori","Juzu Bracelet"],"potions_floor_usage":[],"damage_taken":[{"damage":2.0,"enemies":"Jaw Worm","floor":1.0,"turns":3.0},{"damage":11.0,"enemies":"Small Slimes","floor":4.0,"turns":3.0},{"damage":60.0,"enemies":"Lagavulin","floor":6.0,"turns":12.0},{"damage":18.0,"enemies":"3 Sentries","floor":11.0,"turns":6.0},{"damage":0.0,"enemies":"2 Louse","floor":13.0,"turns":2.0},{"damage":3.0,"enemies":"Gremlin Gang","floor":14.0,"turns":4.0},{"damage":22.0,"enemies":"The Guardian","floor":16.0,"turns":10.0},{"damage":0,"enemies":"Chosen","floor":18,"turns":3},{"damage":0,"enemies":"3 Byrds","floor":20,"turns":4},{"damage":60,"enemies":"Book of Stabbing","floor":23,"turns":4}],"seed_played":"923200434789951622","potions_obtained":[{"floor":1.0,"key":"Block Potion"},{"floor":11.0,"key":"Fruit Juice"},{"floor":16.0,"key":"Energy Potion"}],"is_trial":false,"path_per_floor":["M","?","?","M","$","E","?","R","T","R","E","R","M","M","R","B",null,"M","?","M","T","?","E"],"character_chosen":"IRONCLAD","items_purchased":[],"campfire_rested":1,"item_purchase_floors":[],"current_hp_per_floor":[84,84,84,79,79,25,22,48,48,48,41,41,47,50,50,34,78,84,78,84,84,57,0],"gold":446,"neow_bonus":"TEN_PERCENT_HP_BONUS","is_prod":false,"is_daily":false,"chose_seed":false,"campfire_upgraded":3,"win_rate":0,"timestamp":1559567184,"path_taken":["M","?","?","M","?","E","?","R","T","R","E","R","?","M","R","BOSS","M","?","M","?","?","E"],"build_version":"2019-01-23","purchased_purges":1,"victory":false,"max_hp_per_floor":[88,88,88,88,88,88,88,88,88,88,93,93,93,93,93,93,93,93,93,93,93,93,93],"card_choices":[{"not_picked":["Shockwave","Anger"],"picked":"Armaments","floor":1.0},{"not_picked":["Sever Soul","Burning Pact"],"picked":"Battle Trance","floor":4.0},{"not_picked":["Headbutt","Havoc"],"picked":"Pommel Strike","floor":6.0},{"not_picked":["Iron Wave","Wild Strike"],"picked":"Anger","floor":8.0},{"not_picked":["Battle Trance","Heavy Blade"],"picked":"Thunderclap","floor":11.0},{"not_picked":["Warcry","Heavy Blade"],"picked":"Bludgeon","floor":13.0},{"not_picked":["Cleave","Intimidate"],"picked":"Clash","floor":14.0},{"not_picked":["Juggernaut","Brutality"],"picked":"Demon Form","floor":16.0},{"not_picked":["Second Wind","Shrug It Off"],"picked":"Pummel","floor":18},{"not_picked":["True Grit","Pommel Strike","Twin Strike"],"picked":"SKIP","floor":20}],"player_experience":616999,"relics_obtained":[{"floor":6.0,"key":"Matryoshka"},{"floor":9.0,"key":"Bronze Scales"},{"floor":9.0,"key":"Ornamental Fan"},{"floor":11.0,"key":"Letter Opener"},{"floor":21,"key":"Omamori"},{"floor":21,"key":"Juzu Bracelet"}],"event_choices":[{"cards_removed":["Strike_R"],"damage_healed":0.0,"max_hp_gain":0.0,"max_hp_loss":0.0,"gold_gain":0.0,"event_name":"The Cleric","player_choice":"Card Removal","floor":2.0,"gold_loss":50.0,"damage_taken":0.0},{"damage_healed":0.0,"max_hp_gain":0.0,"max_hp_loss":0.0,"gold_gain":0.0,"event_name":"Liars Game","player_choice":"Ignored","floor":3.0,"gold_loss":0.0,"damage_taken":0.0},{"damage_healed":0.0,"max_hp_gain":0.0,"max_hp_loss":0.0,"gold_gain":0.0,"event_name":"Scrap Ooze","player_choice":"Success","floor":7.0,"gold_loss":0.0,"damage_taken":3.0,"relics_obtained":["Dream Catcher"]},{"damage_healed":0,"gold_gain":0,"player_choice":"Joined the Cult","damage_taken":6,"max_hp_gain":0,"max_hp_loss":0,"event_name":"Nest","floor":19,"gold_loss":0,"cards_obtained":["RitualDagger"]},{"damage_healed":0,"gold_gain":180,"player_choice":"GOLD GOLD ","damage_taken":27,"max_hp_gain":0,"max_hp_loss":0,"event_name":"Knowing Skull","floor":22,"potions_obtained":[],"gold_loss":0,"cards_obtained":[]}],"is_beta":false,"boss_relics":[{"not_picked":["Busted Crown","Philosopher\u0027s Stone"],"picked":"Cursed Key"}],"items_purged_floors":[5],"is_endless":false,"potions_floor_spawned":[1,11,16],"killed_by":"Book of Stabbing","ascension_level":6}