{"gold_per_floor":[110,110,126,146,166,166,198,198,198,198,233,248,248,277,277,277],"floor_reached":16,"playtime":407,"items_purged":[],"score":240,"play_id":"fa06eaa5-6df2-4d3a-8cdd-88bd0636e7ea","local_time":"20190211214920","is_ascension_mode":true,"campfire_choices":[{"data":"Perfected Strike","floor":6,"key":"SMITH"},{"data":"Metallicize","floor":8,"key":"SMITH"},{"data":"Perfected Strike","floor":13,"key":"SMITH"},{"data":"Perfected Strike","floor":15,"key":"SMITH"}],"neow_cost":"NONE","seed_source_timestamp":43919010906884,"circlet_count":0,"master_deck":["AscendersBane","Strike_R","Strike_R","Strike_R","Strike_R","Strike_R","Defend_R","Defend_R","Defend_R","Defend_R","Bash+1","Metallicize+1","Infernal Blade","Perfected Strike+1","Pommel Strike","Perfected Strike+1","Perfected Strike+1","Ghostly Armor"],"relics":["Burning Blood","Bronze Scales","Frozen Egg 2","WingedGreaves","Sundial"],"potions_floor_usage":[7,16,16],"damage_taken":[{"damage":3,"enemies":"2 Louse","floor":1,"turns":3},{"damage":1,"enemies":"Cultist","floor":3,"turns":3},{"damage":13,"enemies":"Jaw Worm","floor":4,"turns":4},{"damage":16,"enemies":"Blue Slaver","floor":5,"turns":4},{"damage":8,"enemies":"Gremlin Nob","floor":7,"turns":3},{"damage":23,"enemies":"3 Sentries","floor":11,"turns":6},{"damage":0,"enemies":"2 Fungi Beasts","floor":12,"turns":2},{"damage":31,"enemies":"Lagavulin","floor":14,"turns":6},{"damage":20,"enemies":"The Guardian","floor":16,"turns":8}],"seed_played":"-3417712628274129368","potions_obtained":[{"floor":0,"key":"AttackPotion"},{"floor":0,"key":"Weak Potion"},{"floor":3,"key":"Block Potion"},{"floor":7,"key":"Block Potion"},{"floor":10,"key":"FearPotion"}],"is_trial":false,"path_per_floor":["M","?","M","M","M","R","E","R","T","?","E","M","R","E","R","B"],"character_chosen":"IRONCLAD","items_purchased":[],"campfire_rested":0,"item_purchase_floors":[],"current_hp_per_floor":[71,71,75,68,58,58,56,56,56,56,39,45,45,20,20,0],"gold":277,"neow_bonus":"THREE_SMALL_POTIONS","is_prod":false,"is_daily":false,"chose_seed":false,"campfire_upgraded":4,"win_rate":0,"timestamp":1549918160,"path_taken":["M","?","M","M","M","R","E","R","T","?","E","?","R","E","R","BOSS"],"build_version":"2019-01-23","purchased_purges":0,"victory":false,"max_hp_per_floor":[75,75,75,75,75,75,75,75,75,75,75,75,75,75,75,75],"card_choices":[{"not_picked":["True Grit","Cleave"],"picked":"Metallicize","floor":1},{"not_picked":["Warcry","Body Slam"],"picked":"Infernal Blade","floor":3},{"not_picked":["Berserk","Cleave"],"picked":"Perfected Strike","floor":4},{"not_picked":["Heavy Blade","Clothesline","Havoc"],"picked":"SKIP","floor":5},{"not_picked":["Limit Break","Feel No Pain"],"picked":"Pommel Strike","floor":7},{"not_picked":["Rampage","Pommel Strike"],"picked":"Perfected Strike","floor":11},{"not_picked":["Heavy Blade","Metallicize+1"],"picked":"Perfected Strike","floor":12},{"not_picked":["Twin Strike","Pummel"],"picked":"Ghostly Armor","floor":14}],"player_experience":1244811,"relics_obtained":[{"floor":7,"key":"Bronze Scales"},{"floor":9,"key":"Frozen Egg 2"},{"floor":11,"key":"WingedGreaves"},{"floor":14,"key":"Sundial"}],"event_choices":[{"damage_healed":0,"gold_gain":0,"player_choice":"Grow","damage_taken":0,"max_hp_gain":0,"max_hp_loss":0,"event_name":"Living Wall","floor":2,"gold_loss":0,"cards_upgraded":["Bash"]},{"damage_healed":0,"gold_gain":0,"player_choice":"Got Potions","damage_taken":0,"max_hp_gain":0,"max_hp_loss":0,"event_name":"Lab","floor":10,"gold_loss":0}],"is_beta":false,"boss_relics":[],"items_purged_floors":[],"is_endless":false,"potions_floor_spawned":[3,5,7,14],"killed_by":"The Guardian","ascension_level":20}