{"gold_per_floor":[116,1,16,16,30,30,46,46,46,46,79,79,119,19,19,114,114,129,152,152,77,95,95],"floor_reached":23,"playtime":932,"items_purged":["Strike_B","Strike_B"],"score":548,"play_id":"be246dc2-ff1d-4a57-893c-70170c2b5b3a","local_time":"20190702151037","is_ascension_mode":true,"campfire_choices":[{"data":"Zap","floor":6,"key":"SMITH"},{"data":"Coolheaded","floor":8,"key":"SMITH"},{"data":"Ball Lightning","floor":10,"key":"SMITH"},{"data":"Coolheaded","floor":15,"key":"SMITH"}],"neow_cost":"TEN_PERCENT_HP_LOSS","seed_source_timestamp":104256112050319,"circlet_count":0,"master_deck":["AscendersBane","Strike_B","Defend_B","Defend_B","Defend_B","Defend_B","Zap+1","Dualcast","Ball Lightning+1","Defragment+1","Cold Snap","Gash","Coolheaded+1","Conserve Battery","Coolheaded+1","Seek","RitualDagger","Loop"],"relics":["Cracked Core","FossilizedHelix","Meat on the Bone","Thread and Needle","Golden Idol","Singing Bowl","Coffee Dripper"],"potions_floor_usage":[11,23],"damage_taken":[{"damage":0,"enemies":"Cultist","floor":1,"turns":3},{"damage":0,"enemies":"Jaw Worm","floor":3,"turns":3},{"damage":3,"enemies":"Small Slimes","floor":5,"turns":3},{"damage":0,"enemies":"Exordium Wildlife","floor":7,"turns":2},{"damage":0,"enemies":"Gremlin Nob","floor":11,"turns":3},{"damage":6,"enemies":"3 Sentries","floor":13,"turns":6},{"damage":0,"enemies":"The Guardian","floor":16,"turns":12},{"damage":0,"enemies":"3 Byrds","floor":18,"turns":5},{"damage":0,"enemies":"Spheric Guardian","floor":19,"turns":4},{"damage":0,"enemies":"Centurion and Healer","floor":22,"turns":8},{"damage":56,"enemies":"Slavers","floor":23,"turns":4}],"seed_played":"432563628067575187","potions_obtained":[{"floor":1,"key":"SteroidPotion"},{"floor":5,"key":"GamblersBrew"},{"floor":18,"key":"Explosive Potion"}],"is_trial":false,"path_per_floor":["M","$","M","?","M","R","M","R","T","R","E","?","E","$","R","B",null,"M","M","?","?","M","E"],"character_chosen":"DEFECT","items_purchased":["Defragment"],"campfire_rested":0,"item_purchase_floors":[2],"current_hp_per_floor":[64,64,64,64,61,61,61,61,61,61,61,39,33,33,33,33,56,58,60,54,54,54,0],"gold":95,"neow_bonus":"ONE_RARE_RELIC","is_prod":false,"is_daily":false,"chose_seed":false,"campfire_upgraded":4,"win_rate":0,"timestamp":1562073037,"path_taken":["M","?","?","?","M","R","M","R","T","R","E","?","E","?","R","BOSS","M","M","?","?","?","E"],"build_version":"2019-07-01","purchased_purges":2,"victory":false,"max_hp_per_floor":[64,64,64,64,64,64,64,64,64,64,64,64,64,64,64,64,64,66,68,68,68,68,68],"card_choices":[{"not_picked":["Fusion","White Noise"],"picked":"Ball Lightning","floor":1},{"not_picked":["Hologram","Sweeping Beam"],"picked":"Cold Snap","floor":3},{"not_picked":["Double Energy","Rebound"],"picked":"Gash","floor":5},{"not_picked":["Hello World","Heatsinks"],"picked":"Coolheaded","floor":7},{"not_picked":["Streamline","Steam Power"],"picked":"Conserve Battery","floor":11},{"not_picked":["Compile Driver","Stack"],"picked":"Coolheaded","floor":13},{"not_picked":["Meteor Strike","Hyperbeam"],"picked":"Seek","floor":16},{"not_picked":["Steam","Coolheaded","Storm"],"picked":"Singing Bowl","floor":18},{"not_picked":["Scrape","Consume","Barrage"],"picked":"Singing Bowl","floor":19},{"not_picked":["Stack","Rip and Tear"],"picked":"Loop","floor":22}],"player_experience":1762940,"relics_obtained":[{"floor":9,"key":"Meat on the Bone"},{"floor":11,"key":"Thread and Needle"},{"floor":13,"key":"Singing Bowl"}],"event_choices":[{"damage_healed":0,"gold_gain":0,"player_choice":"Grow","damage_taken":0,"max_hp_gain":0,"max_hp_loss":0,"event_name":"Living Wall","floor":4,"gold_loss":0,"cards_upgraded":["Defragment"]},{"damage_healed":0,"gold_gain":0,"player_choice":"Take Damage","damage_taken":22,"relics_obtained":["Golden Idol"],"max_hp_gain":0,"max_hp_loss":0,"event_name":"Golden Idol","floor":12,"gold_loss":0},{"damage_healed":0,"gold_gain":0,"player_choice":"Joined the Cult","damage_taken":6,"max_hp_gain":0,"max_hp_loss":0,"event_name":"Nest","floor":20,"gold_loss":0,"cards_obtained":["RitualDagger"]},{"cards_removed":["Strike_B"],"damage_healed":0,"gold_gain":0,"player_choice":"Gave Gold","damage_taken":0,"max_hp_gain":0,"max_hp_loss":0,"event_name":"Beggar","floor":21,"gold_loss":75}],"is_beta":false,"boss_relics":[{"not_picked":["Snecko Eye","Runic Dome"],"picked":"Coffee Dripper"}],"items_purged_floors":[2,14],"is_endless":false,"potions_floor_spawned":[1,5,18],"killed_by":"Slavers","ascension_level":20}