{"gold_per_floor":[216,291,302,302,30,66,82,96,96,96],"floor_reached":10,"playtime":653,"items_purged":[],"score":136,"play_id":"6ba9f32b-6f2e-4817-89c1-8b0d9eadb157","local_time":"20190218001310","is_ascension_mode":true,"campfire_choices":[],"neow_cost":"NONE","seed_source_timestamp":51050246336887,"circlet_count":0,"master_deck":["AscendersBane","Strike_B","Strike_B","Strike_B","Strike_B","Defend_B","Defend_B","Defend_B","Defend_B","Zap","Dualcast","Doom and Gloom","Ball Lightning","Ball Lightning","Conserve Battery","Loop","Cold Snap"],"relics":["Cracked Core","Golden Idol","Vajra","Boot","Cables"],"potions_floor_usage":[10],"damage_taken":[{"damage":1,"enemies":"2 Louse","floor":1,"turns":2},{"damage":7,"enemies":"Small Slimes","floor":3,"turns":4},{"damage":23,"enemies":"Lagavulin","floor":6,"turns":6},{"damage":0,"enemies":"Jaw Worm","floor":7,"turns":3},{"damage":20,"enemies":"3 Louse","floor":8,"turns":3},{"damage":11,"enemies":"Exordium Thugs","floor":10,"turns":2}],"seed_played":"-4543998987507463993","potions_obtained":[{"floor":3,"key":"Dexterity Potion"},{"floor":7,"key":"Fruit Juice"}],"is_trial":false,"path_per_floor":["M","?","M","?","$","E","M","M","T","M"],"character_chosen":"DEFECT","items_purchased":["Ball Lightning","Conserve Battery","Vajra"],"campfire_rested":0,"item_purchase_floors":[5,5,5],"current_hp_per_floor":[63,52,45,45,45,22,22,2,2,0],"gold":96,"neow_bonus":"HUNDRED_GOLD","is_prod":false,"is_daily":false,"chose_seed":false,"campfire_upgraded":0,"win_rate":0,"timestamp":1550445190,"path_taken":["M","?","M","?","$","E","M","M","T","M"],"build_version":"2019-01-23","purchased_purges":0,"victory":false,"max_hp_per_floor":[71,71,71,64,64,64,64,64,64,69],"card_choices":[{"not_picked":["Steam","Beam Cell"],"picked":"Doom and Gloom","floor":1},{"not_picked":["Loop","Barrage"],"picked":"Ball Lightning","floor":3},{"not_picked":["Auto Shields","Stack"],"picked":"Loop","floor":6},{"not_picked":["Tempest","Rebound","Beam Cell"],"picked":"SKIP","floor":7},{"not_picked":["Melter","Rebound"],"picked":"Cold Snap","floor":8}],"player_experience":1289865,"relics_obtained":[{"floor":6,"key":"Boot"},{"floor":9,"key":"Cables"}],"event_choices":[{"damage_healed":0,"gold_gain":75,"player_choice":"Gather Gold","damage_taken":11,"max_hp_gain":0,"max_hp_loss":0,"event_name":"World of Goop","floor":2,"gold_loss":0},{"damage_healed":0,"gold_gain":0,"player_choice":"Lose Max HP","damage_taken":0,"relics_obtained":["Golden Idol"],"max_hp_gain":0,"max_hp_loss":7,"event_name":"Golden Idol","floor":4,"gold_loss":0}],"is_beta":false,"boss_relics":[],"items_purged_floors":[],"is_endless":false,"potions_floor_spawned":[3,7,8],"killed_by":"Exordium Thugs","ascension_level":20}