{"path_per_floor":["M","?","?","M","$","E","R","M","T","R","?","M","$","E","R"],"character_chosen":"THE_SILENT","items_purchased":["Dramatic Entrance","Mummified Hand","Noxious Fumes"],"gold_per_floor":[217,317,317,330,0,33,33,51,77,77,152,169,130,155,155,155],"floor_reached":16,"campfire_rested":2,"playtime":1616,"current_hp_per_floor":[62,62,44,44,44,22,43,43,43,43,32,34,34,29,50,0],"items_purged":[],"gold":155,"score":113,"play_id":"7a58e6cd-5fd4-4135-90f1-996e44264800","local_time":"20180514140518","is_prod":false,"is_daily":false,"chose_seed":false,"is_ascension_mode":true,"campfire_upgraded":1,"timestamp":1526299518,"path_taken":["M","?","?","M","$","E","R","M","T","R","?","M","?","E","R","BOSS"],"build_version":"2018-05-10","seed_source_timestamp":8252350816922,"purchased_purges":0,"victory":false,"master_deck":["Defend_G","Defend_G","Defend_G","Defend_G","Defend_G","Strike_G","Strike_G","Strike_G","Strike_G","Strike_G","Survivor","Neutralize","Masterful Stab","Caltrops","Dramatic Entrance","Accuracy+1","Dodge and Roll","Noxious Fumes","Slice"],"max_hp_per_floor":[70,70,70,70,70,70,70,70,70,70,70,72,72,72,72,72],"relics":["Ring of the Snake","Omamori","Mummified Hand","Ninja Scroll","Singing Bowl","Pen Nib"],"card_choices":[{"not_picked":["Blur","Leg Sweep"],"picked":"Masterful Stab","floor":1},{"not_picked":["Dodge and Roll","Catalyst"],"picked":"Caltrops","floor":4},{"not_picked":["Dagger Spray","Leg Sweep"],"picked":"Accuracy","floor":6},{"not_picked":["Eviscerate","Bane"],"picked":"Dodge and Roll","floor":8},{"not_picked":["Acrobatics","Backflip"],"picked":"Slice","floor":14}],"player_experience":57813,"potions_floor_usage":[6,14,14],"damage_taken":[{"damage":8,"enemies":"Jaw Worm","floor":1,"turns":6},{"damage":0,"enemies":"Cultist","floor":4,"turns":4},{"damage":22,"enemies":"3 Sentries","floor":6,"turns":8},{"damage":0,"enemies":"2 Louse","floor":8,"turns":1},{"damage":0,"enemies":"Large Slime","floor":12,"turns":7},{"damage":5,"enemies":"Lagavulin","floor":14,"turns":7},{"damage":53,"enemies":"The Guardian","floor":16,"turns":10}],"event_choices":[{"event_name":"Golden Shrine","player_choice":"Pray","floor":2,"damage_taken":0},{"event_name":"Scrap Ooze","player_choice":"success","floor":3,"damage_taken":18},{"event_name":"World of Goop","player_choice":"Gather Gold","floor":11,"damage_taken":0}],"boss_relics":[],"potions_floor_spawned":[1,4,12,14],"seed_played":"-735494330622021070","killed_by":"The Guardian","ascension_level":1,"is_trial":false}