{"gold_per_floor":[218,233,71,71,71,71,105,105,105,137,153,153,185,204,204,278,278,294,304,229,429,446,446,446],"floor_reached":24,"playtime":726,"items_purged":[],"score":428,"play_id":"9d399a6e-b28b-4e94-b3a9-102b1ffce5a7","local_time":"20190320133531","is_ascension_mode":true,"campfire_choices":[{"data":"Uppercut","floor":6,"key":"SMITH"},{"floor":8,"key":"REST"},{"data":"Armaments","floor":15,"key":"SMITH"},{"data":"Inflame","floor":23,"key":"SMITH"}],"neow_cost":"NONE","seed_source_timestamp":10549236015347,"circlet_count":0,"master_deck":["AscendersBane","Strike_R","Strike_R","Strike_R","Defend_R","Defend_R","Defend_R","Defend_R","Bash","Iron Wave","Pommel Strike","Inflame+1","Uppercut+1","Armaments+1","Juggernaut","Anger","Reaper","Feel No Pain","Metallicize"],"relics":["Burning Blood","Paper Frog","Matryoshka","Pen Nib","Bottled Lightning","Cursed Key"],"potions_floor_usage":[16,24,24],"damage_taken":[{"damage":9,"enemies":"Jaw Worm","floor":1,"turns":4},{"damage":4,"enemies":"Small Slimes","floor":2,"turns":6},{"damage":40,"enemies":"3 Sentries","floor":7,"turns":11},{"damage":30,"enemies":"Gremlin Nob","floor":10,"turns":4},{"damage":0,"enemies":"2 Louse","floor":11,"turns":3},{"damage":35,"enemies":"3 Sentries","floor":13,"turns":9},{"damage":2,"enemies":"Red Slaver","floor":14,"turns":3},{"damage":6,"enemies":"Hexaghost","floor":16,"turns":7},{"damage":19,"enemies":"Shell Parasite","floor":18,"turns":5},{"damage":14,"enemies":"Chosen","floor":19,"turns":4},{"damage":27,"enemies":"Centurion and Healer","floor":22,"turns":7},{"damage":57,"enemies":"Gremlin Leader","floor":24,"turns":5}],"seed_played":"-2272845497158475119","potions_obtained":[{"floor":2,"key":"FairyPotion"},{"floor":10,"key":"SpeedPotion"},{"floor":14,"key":"Block Potion"},{"floor":18,"key":"SpeedPotion"}],"is_trial":false,"path_per_floor":["M","M","$","?","?","R","E","R","T","E","M","?","E","M","R","B",null,"M","M","?","?","M","R","E"],"character_chosen":"IRONCLAD","items_purchased":["Inflame","Uppercut"],"campfire_rested":1,"item_purchase_floors":[3,3],"current_hp_per_floor":[65,67,67,67,60,60,26,48,48,24,30,30,13,17,17,17,61,48,40,40,40,31,31,0],"gold":446,"neow_bonus":"HUNDRED_GOLD","is_prod":false,"is_daily":false,"chose_seed":false,"campfire_upgraded":3,"win_rate":0,"timestamp":1553085331,"path_taken":["M","M","$","?","?","R","E","R","T","E","M","?","E","M","R","BOSS","M","M","?","?","M","R","E"],"build_version":"2019-01-23","purchased_purges":0,"victory":false,"max_hp_per_floor":[75,75,75,75,75,75,75,75,75,75,75,75,75,75,75,75,75,75,75,75,75,75,75,75],"card_choices":[{"not_picked":["Havoc","True Grit"],"picked":"Iron Wave","floor":1},{"not_picked":["Body Slam","Heavy Blade"],"picked":"Pommel Strike","floor":2},{"not_picked":["Barricade","Flex","Perfected Strike"],"picked":"SKIP","floor":7},{"not_picked":["Rupture","Cleave"],"picked":"Armaments","floor":10},{"not_picked":["Perfected Strike","Thunderclap","Armaments"],"picked":"SKIP","floor":11},{"not_picked":["Iron Wave","Heavy Blade"],"picked":"Juggernaut","floor":13},{"not_picked":["Body Slam","Seeing Red"],"picked":"Anger","floor":14},{"not_picked":["Barricade","Fiend Fire"],"picked":"Reaper","floor":16},{"not_picked":["Sentinel","Pommel Strike+1"],"picked":"Feel No Pain","floor":18},{"not_picked":["Sentinel","Armaments","Ghostly Armor"],"picked":"SKIP","floor":19},{"not_picked":["True Grit","Twin Strike+1"],"picked":"Metallicize","floor":22}],"player_experience":1453456,"relics_obtained":[{"floor":7,"key":"Paper Frog"},{"floor":9,"key":"Matryoshka"},{"floor":10,"key":"Pen Nib"},{"floor":13,"key":"Bottled Lightning"}],"event_choices":[{"damage_healed":0,"gold_gain":0,"player_choice":"Leave","damage_taken":0,"max_hp_gain":0,"max_hp_loss":0,"event_name":"The Cleric","floor":4,"gold_loss":0},{"cards_removed":["Strike_R"],"damage_healed":0,"gold_gain":0,"player_choice":"Card Removal","damage_taken":7,"max_hp_gain":0,"max_hp_loss":0,"event_name":"Golden Wing","floor":5,"gold_loss":0},{"damage_healed":0,"gold_gain":0,"player_choice":"Searched \u00270\u0027 times","damage_taken":0,"max_hp_gain":0,"max_hp_loss":0,"event_name":"Dead Adventurer","floor":12,"gold_loss":0},{"cards_removed":["Strike_R"],"damage_healed":0,"gold_gain":0,"player_choice":"Gave Gold","damage_taken":0,"max_hp_gain":0,"max_hp_loss":0,"event_name":"Beggar","floor":20,"gold_loss":75},{"damage_healed":0,"gold_gain":200,"player_choice":"Gold","damage_taken":0,"max_hp_gain":0,"max_hp_loss":0,"event_name":"Wheel of Change","floor":21,"gold_loss":0}],"is_beta":false,"boss_relics":[{"not_picked":["Runic Cube","White Beast Statue"],"picked":"Cursed Key"}],"items_purged_floors":[],"is_endless":false,"potions_floor_spawned":[2,10,11,14,18],"killed_by":"Gremlin Leader","ascension_level":20}