{"gold_per_floor":[111,129,129,145,145,145,160,186,239,273,59,59,70,90,90,195,195,213,225,125,138,151,151,170,185,185,285,296,296,307,317,317,317],"floor_reached":33,"playtime":2619,"items_purged":["Strike_P","Defend_P"],"score":265,"play_id":"8ad43c01-dd7e-4b51-b39b-e8991542ebb1","local_time":"20190913185329","is_ascension_mode":false,"campfire_choices":[{"data":"Eruption","floor":6,"key":"SMITH"},{"data":"Perseverance","floor":12,"key":"SMITH"},{"floor":15,"key":"REST"},{"floor":23,"key":"REST"},{"floor":29,"key":"REST"},{"floor":32,"key":"REST"}],"neow_cost":"NONE","seed_source_timestamp":0,"circlet_count":0,"master_deck":["Strike_P","Strike_P","Defend_P","Defend_P","Defend_P","Eruption+1","Vigilance+1","Metaphysics","FearNoEvil","WindmillStrike","Devotion+1","Perseverance+1"],"special_seed":0,"relics":["PureWater","Frozen Egg 2","Pen Nib","Regal Pillow","Velvet Choker","Bag of Marbles"],"potions_floor_usage":[8,8,22,24,28],"damage_taken":[{"damage":6.0,"enemies":"Jaw Worm","floor":1.0,"turns":5.0},{"damage":0.0,"enemies":"Small Slimes","floor":2.0,"turns":3.0},{"damage":0,"enemies":"Cultist","floor":4,"turns":4},{"damage":14,"enemies":"Exordium Thugs","floor":7,"turns":7},{"damage":4,"enemies":"Lagavulin","floor":8,"turns":7},{"damage":16,"enemies":"Gremlin Nob","floor":10,"turns":3},{"damage":17,"enemies":"Lots of Slimes","floor":13,"turns":5},{"damage":5,"enemies":"Looter","floor":14,"turns":2},{"damage":13,"enemies":"Slime Boss","floor":16,"turns":5},{"damage":0,"enemies":"Chosen","floor":18,"turns":4},{"damage":25,"enemies":"2 Thieves","floor":19,"turns":5},{"damage":26,"enemies":"Centurion and Healer","floor":21,"turns":6},{"damage":1,"enemies":"Cultist and Chosen","floor":22,"turns":6},{"damage":13,"enemies":"Chosen and Byrds","floor":24,"turns":9},{"damage":16,"enemies":"Centurion and Healer","floor":25,"turns":6},{"damage":9,"enemies":"3 Cultists","floor":28,"turns":5},{"damage":18,"enemies":"Snake Plant","floor":30,"turns":3},{"damage":2,"enemies":"Centurion and Healer","floor":31,"turns":5},{"damage":78,"enemies":"Automaton","floor":33,"turns":6}],"seed_played":"-4876127667429889882","potions_obtained":[{"floor":1.0,"key":"AttackPotion"},{"floor":2,"key":"Dexterity Potion"},{"floor":4,"key":"Weak Potion"},{"floor":8,"key":"StancePotion"},{"floor":14,"key":"Weak Potion"},{"floor":22,"key":"SpeedPotion"},{"floor":24,"key":"AttackPotion"},{"floor":25,"key":"DuplicationPotion"},{"floor":30,"key":"Energy Potion"}],"is_trial":false,"path_per_floor":["M","M","?","M","?","R","M","E","T","E","$","R","M","M","R","B",null,"M","M","$","M","M","R","M","M","T","?","M","R","M","M","R","B"],"character_chosen":"WATCHER","items_purchased":["Devotion+1","Perseverance"],"campfire_rested":4,"item_purchase_floors":[11,11],"current_hp_per_floor":[59,59,64,64,64,64,50,46,46,30,30,30,13,8,44,31,70,70,45,45,19,18,54,41,25,25,25,16,52,34,32,68,0],"gold":317,"neow_bonus":"TRANSFORM_CARD","is_prod":false,"is_daily":false,"chose_seed":false,"campfire_upgraded":2,"win_rate":0.0,"timestamp":1568372009,"path_taken":["M","M","?","M","?","R","M","E","T","E","$","R","M","M","R","BOSS","M","M","$","?","M","R","M","M","T","?","M","R","M","M","R","BOSS"],"build_version":"2019-09-12","purchased_purges":2,"victory":false,"max_hp_per_floor":[65,65,70,70,70,70,70,70,70,70,70,70,70,70,70,70,70,70,70,70,70,70,70,70,70,70,70,70,70,70,70,70,70],"card_choices":[{"not_picked":["Scrawl","WreathOfFlame","InnerPeace"],"picked":"SKIP","floor":1.0},{"not_picked":["SandsOfTime","EmptyFist","Swivel"],"picked":"SKIP","floor":2},{"not_picked":["Prostrate","Halt","ClearTheMind"],"picked":"SKIP","floor":4},{"not_picked":["FollowUp","PathToVictory","Protect"],"picked":"SKIP","floor":7},{"not_picked":["Halt","Crescendo"],"picked":"FearNoEvil","floor":8},{"not_picked":["ClearTheMind","FlyingSleeves"],"picked":"WindmillStrike","floor":10},{"not_picked":["CutThroughFate","FlyingSleeves","WaveOfTheHand"],"picked":"SKIP","floor":13},{"not_picked":["Weave","Nirvana+1","FlyingSleeves"],"picked":"SKIP","floor":14},{"not_picked":["EmptyBody+1","Perseverance+1","FearNoEvil"],"picked":"SKIP","floor":18},{"not_picked":["Sanctity","BowlingBash","Prostrate"],"picked":"SKIP","floor":19},{"not_picked":["Halt","JustLucky","InnerPeace"],"picked":"SKIP","floor":21},{"not_picked":["BowlingBash","Halt","Protect"],"picked":"SKIP","floor":22},{"not_picked":["InnerPeace","CleanseEvil","WaveOfTheHand"],"picked":"SKIP","floor":24},{"not_picked":["EmptyMind","Adaptation+1","WaveOfTheHand"],"picked":"SKIP","floor":25},{"not_picked":["Consecrate","Halt","ReachHeaven"],"picked":"SKIP","floor":28},{"not_picked":["Consecrate","InnerPeace+1","CrushJoints+1"],"picked":"SKIP","floor":30},{"not_picked":["EmptyMind","SpiritShield","CutThroughFate"],"picked":"SKIP","floor":31}],"player_experience":313905,"relics_obtained":[{"floor":8,"key":"Frozen Egg 2"},{"floor":9,"key":"Pen Nib"},{"floor":10,"key":"Regal Pillow"},{"floor":26,"key":"Bag of Marbles"}],"event_choices":[{"damage_healed":0,"gold_gain":0,"player_choice":"Donut","damage_taken":0,"max_hp_gain":5,"max_hp_loss":0,"event_name":"Big Fish","floor":3,"gold_loss":0},{"damage_healed":0,"gold_gain":0,"player_choice":"Forge","damage_taken":0,"max_hp_gain":0,"max_hp_loss":0,"event_name":"Accursed Blacksmith","floor":5,"gold_loss":0,"cards_upgraded":["Vigilance"]},{"damage_healed":0,"gold_gain":100,"player_choice":"Pray","damage_taken":0,"max_hp_gain":0,"max_hp_loss":0,"event_name":"Golden Shrine","floor":27,"gold_loss":0}],"is_beta":true,"boss_relics":[{"not_picked":["Sozu","Coffee Dripper"],"picked":"Velvet Choker"}],"items_purged_floors":[11,20],"is_endless":false,"potions_floor_spawned":[1,2,4,8,14,22,24,25,30,31],"killed_by":"Automaton","ascension_level":0}