{"gold_per_floor":[116,135,151,167,181,216,216,232,232,258,277,308,320,348,348,422,422,436,451,395,414,429,454,474,500,500,500,208,224,253,327,327,406,406,418,438,451,502,516,516,516,516,543,574,574,585,617,635,635,635,635],"floor_reached":51,"playtime":2572,"items_purged":["Strike_R"],"score":1660,"play_id":"ef3fd72b-a1ff-482e-8241-6104a17e0344","local_time":"20190114183535","is_ascension_mode":true,"campfire_choices":[{"data":"Shockwave","floor":7.0,"key":"SMITH"},{"floor":15.0,"key":"REST"},{"data":"Armaments","floor":27.0,"key":"SMITH"},{"data":"Disarm","floor":32.0,"key":"SMITH"},{"data":"Fiend Fire","floor":40.0,"key":"SMITH"},{"floor":42.0,"key":"RECALL"},{"data":"Offering","floor":45.0,"key":"SMITH"},{"floor":49.0,"key":"REST"}],"neow_cost":"NONE","seed_source_timestamp":0,"circlet_count":0,"master_deck":["AscendersBane","Immolate+1","Strike_R","Strike_R","Strike_R","Strike_R","Defend_R","Defend_R","Defend_R","Defend_R","Bash","Iron Wave","Shockwave+1","Armaments+1","Shrug It Off","Disarm+1","Metallicize","Anger","Shrug It Off","Fiend Fire+1","Shrug It Off+1","Body Slam","Inflame","Exhume","Feel No Pain+1","Evolve","Corruption+1","Offering+1","Battle Trance"],"special_seed":0,"relics":["Burning Blood","hubris:Spice","Matryoshka","Charon\u0027s Ashes","Vajra","Oddly Smooth Stone","Singing Bowl","hubris:ToyBattleship","hubris:CrystalStatue","Lee\u0027s Waffle","Dream Catcher","Question Card","Calipers","Juzu Bracelet"],"potions_floor_usage":[51,51],"damage_taken":[{"damage":1.0,"enemies":"Cultist","floor":1.0,"turns":3.0},{"damage":0.0,"enemies":"Small Slimes","floor":2.0,"turns":1.0},{"damage":4.0,"enemies":"2 Louse","floor":3.0,"turns":2.0},{"damage":0.0,"enemies":"Exordium Wildlife","floor":4.0,"turns":1.0},{"damage":16.0,"enemies":"Exordium Thugs","floor":5.0,"turns":4.0},{"damage":35.0,"enemies":"Lagavulin","floor":6.0,"turns":7.0},{"damage":4.0,"enemies":"Blue Slaver","floor":8.0,"turns":2.0},{"damage":7.0,"enemies":"3 Sentries","floor":10.0,"turns":4.0},{"damage":1.0,"enemies":"Looter","floor":11.0,"turns":3.0},{"damage":32.0,"enemies":"Lagavulin","floor":12.0,"turns":7.0},{"damage":5.0,"enemies":"Lots of Slimes","floor":13.0,"turns":2.0},{"damage":26.0,"enemies":"Gremlin Nob","floor":14.0,"turns":4.0},{"damage":13.0,"enemies":"Slime Boss","floor":16.0,"turns":6.0},{"damage":5.0,"enemies":"Chosen","floor":18.0,"turns":4.0},{"damage":0.0,"enemies":"Spheric Guardian","floor":19.0,"turns":4.0},{"damage":0.0,"enemies":"Snake Plant","floor":21.0,"turns":2.0},{"damage":33.0,"enemies":"Sentry and Sphere","floor":22.0,"turns":6.0},{"damage":27.0,"enemies":"Book of Stabbing","floor":23.0,"turns":6.0},{"damage":10.0,"enemies":"Centurion and Healer","floor":24.0,"turns":6.0},{"damage":10.0,"enemies":"Gremlin Leader","floor":25.0,"turns":5.0},{"damage":0.0,"enemies":"Snecko","floor":29.0,"turns":3.0},{"damage":0.0,"enemies":"Slavers","floor":30.0,"turns":3.0},{"damage":17.0,"enemies":"hubris:MusketHawk","floor":33.0,"turns":6.0},{"damage":0.0,"enemies":"Orb Walker","floor":35.0,"turns":2.0},{"damage":0.0,"enemies":"3 Shapes","floor":36.0,"turns":5.0},{"damage":0.0,"enemies":"Jaw Worm Horde","floor":37.0,"turns":4.0},{"damage":5.0,"enemies":"2 Orb Walkers","floor":38.0,"turns":4.0},{"damage":3.0,"enemies":"Spire Growth","floor":39.0,"turns":4.0},{"damage":15.0,"enemies":"Nemesis","floor":44.0,"turns":5.0},{"damage":6.0,"enemies":"Maw","floor":46.0,"turns":5.0},{"damage":46.0,"enemies":"Giant Head","floor":47.0,"turns":8.0},{"damage":6.0,"enemies":"Writhing Mass","floor":48.0,"turns":7.0},{"damage":44,"enemies":"Donu and Deca","floor":50,"turns":10},{"damage":17,"enemies":"Awakened One","floor":51,"turns":14}],"seed_played":"7498707803623857196","potions_obtained":[{"floor":1.0,"key":"Block Potion"},{"floor":6.0,"key":"LiquidBronze"},{"floor":10.0,"key":"Weak Potion"},{"floor":12.0,"key":"Strength Potion"},{"floor":23.0,"key":"Strength Potion"},{"floor":35.0,"key":"Strength Potion"},{"floor":39.0,"key":"EssenceOfSteel"}],"is_trial":false,"path_per_floor":["M","M","M","M","M","E","R","M","T","E","M","E","M","E","R","B",null,"M","M","?","M","M","E","M","E","T","R","$","M","E","T","R","B",null,"M","M","M","?","M","R","?","R","T","E","R","M","E","M","R","B","B"],"character_chosen":"IRONCLAD","items_purchased":["Lee\u0027s Waffle"],"campfire_rested":2,"item_purchase_floors":[28],"current_hp_per_floor":[80,82,82,82,72,51,51,53,53,52,57,31,32,12,39,32,84,85,91,91,97,70,51,47,45,45,45,85,77,79,79,79,68,70,71,71,71,73,75,75,75,75,75,66,66,68,28,30,55,17,0],"gold":635,"neow_bonus":"TEN_PERCENT_HP_BONUS","is_prod":false,"is_daily":false,"chose_seed":false,"campfire_upgraded":5,"win_rate":0,"timestamp":1547487335,"path_taken":["M","M","M","M","M","E","R","M","T","E","M","E","?","E","R","BOSS","M","M","?","M","?","E","M","E","T","R","$","M","E","?","R","BOSS","M","M","M","?","M","R","?","R","T","E","R","M","E","M","R","BOSS","BOSS"],"build_version":"2019-01-10","purchased_purges":1,"victory":false,"max_hp_per_floor":[82,82,82,82,82,90,90,90,90,90,90,90,90,90,90,90,98,98,98,98,98,98,100,92,86,78,78,85,77,79,79,79,79,71,71,71,71,73,75,75,75,75,75,75,75,77,77,79,81,81,81],"card_choices":[{"not_picked":["Sever Soul","True Grit"],"picked":"Iron Wave","floor":1.0},{"not_picked":["Body Slam","Combust"],"picked":"Shockwave","floor":2.0},{"not_picked":["Rupture","Cleave","Wild Strike"],"picked":"SKIP","floor":3.0},{"not_picked":["Sword Boomerang","Headbutt"],"picked":"Armaments","floor":4.0},{"not_picked":["Reckless Charge","Havoc","hubris:SharpeningStone"],"picked":"SKIP","floor":5.0},{"not_picked":["Sever Soul","Warcry"],"picked":"Shrug It Off","floor":6.0},{"not_picked":["Flex","Limit Break"],"picked":"Disarm","floor":8.0},{"not_picked":["Carnage","Warcry"],"picked":"Havoc","floor":10.0},{"not_picked":["Headbutt","Body Slam"],"picked":"Metallicize","floor":11.0},{"not_picked":["Body Slam","Headbutt"],"picked":"Anger","floor":12.0},{"not_picked":["Infernal Blade","True Grit"],"picked":"Shrug It Off","floor":13.0},{"not_picked":["Combust","Flex","Armaments"],"picked":"SKIP","floor":14.0},{"not_picked":["Dark Embrace","Brutality"],"picked":"Fiend Fire","floor":16.0},{"not_picked":["Iron Wave","Perfected Strike"],"picked":"Shrug It Off+1","floor":18.0},{"not_picked":["Flame Barrier","Armaments","Whirlwind"],"picked":"SKIP","floor":19.0},{"not_picked":["Pommel Strike","Havoc"],"picked":"Body Slam","floor":21.0},{"not_picked":["Iron Wave","Twin Strike"],"picked":"Inflame","floor":22.0},{"not_picked":["Uppercut","Wild Strike","Immolate"],"picked":"Singing Bowl","floor":23.0},{"not_picked":["Headbutt","Iron Wave"],"picked":"hubris:SpiceAddiction","floor":24.0},{"not_picked":["Armaments","Headbutt","Cleave"],"picked":"Singing Bowl","floor":25.0},{"not_picked":["Anger","Clash"],"picked":"hubris:SpiceAddiction","floor":29.0},{"not_picked":["hubris:SpiceAddiction","Shrug It Off","Armaments"],"picked":"Singing Bowl","floor":30.0},{"not_picked":["Dark Embrace","Berserk","hubris:SpiceAddiction"],"picked":"Exhume","floor":33.0},{"not_picked":["Cleave","Iron Wave+1","Warcry"],"picked":"Feel No Pain+1","floor":35.0},{"not_picked":["Clash","Perfected Strike","Second Wind"],"picked":"Evolve","floor":36.0},{"not_picked":["hubris:SpiceAddiction","Clash","Perfected Strike"],"picked":"Corruption+1","floor":37.0},{"not_picked":["Power Through","Thunderclap","Twin Strike+1","Pommel Strike"],"picked":"Singing Bowl","floor":38.0},{"not_picked":["hubris:SpiceAddiction","Reckless Charge+1","Wild Strike","Warcry"],"picked":"Singing Bowl","floor":39.0},{"not_picked":["Corruption","Reckless Charge","Armaments"],"picked":"Offering","floor":44.0},{"not_picked":["Havoc","hubris:ReadiedAction+1","Fire Breathing","Headbutt"],"picked":"Singing Bowl","floor":46.0},{"not_picked":["Pummel","Anger","hubris:SpiceAddiction"],"picked":"Battle Trance","floor":47.0},{"not_picked":["Cleave","Wild Strike+1","hubris:SpiceAddiction","Perfected Strike"],"picked":"Singing Bowl","floor":48.0},{"not_picked":["Perfected Strike","hubris:SpiceAddiction","hubris:SpiceAddiction","Wild Strike+1"],"picked":"Singing Bowl","floor":49.0}],"player_experience":1105259,"relics_obtained":[{"floor":6.0,"key":"hubris:Spice"},{"floor":9.0,"key":"Matryoshka"},{"floor":10.0,"key":"Charon\u0027s Ashes"},{"floor":12.0,"key":"Vajra"},{"floor":14.0,"key":"Oddly Smooth Stone"},{"floor":23.0,"key":"hubris:ToyBattleship"},{"floor":25.0,"key":"hubris:Spice"},{"floor":26.0,"key":"hubris:Spice"},{"floor":26.0,"key":"hubris:CrystalStatue"},{"floor":30.0,"key":"Dream Catcher"},{"floor":31.0,"key":"Question Card"},{"floor":38.0,"key":"Calipers"},{"floor":43.0,"key":"Juzu Bracelet"}],"event_choices":[{"damage_healed":0.0,"max_hp_gain":0.0,"max_hp_loss":0.0,"gold_gain":0.0,"event_name":"WeMeetAgain","player_choice":"Paid Gold","floor":20.0,"gold_loss":56.0,"damage_taken":0.0,"relics_obtained":["Singing Bowl"]},{"damage_healed":0.0,"max_hp_gain":0.0,"max_hp_loss":0.0,"gold_gain":0.0,"event_name":"Mysterious Sphere","player_choice":"Fight","floor":38.0,"gold_loss":0.0,"damage_taken":0.0},{"cards_removed":["Havoc"],"damage_healed":0.0,"max_hp_gain":0.0,"max_hp_loss":0.0,"gold_gain":0.0,"event_name":"Falling","player_choice":"Removed Skill","floor":41.0,"gold_loss":0.0,"damage_taken":0.0}],"is_beta":false,"boss_relics":[{"not_picked":["Calling Bell","Busted Crown"],"picked":"hubris:Spice"},{"not_picked":["hubris:Spice","hubris:Spice"],"picked":"hubris:Spice"}],"items_purged_floors":[28],"is_endless":false,"potions_floor_spawned":[1,6,10,12,13,16,18,19,23,35,39,47,48],"killed_by":"Awakened One","ascension_level":20}