{"gold_per_floor":[16,16,36,50,50,50,79,94,120,120,145,164,164,164,164,239,239,251,251,166,184,9,38,38,52,77,77,88,122,45,63,63,63],"floor_reached":33,"playtime":1199,"items_purged":[],"score":715,"play_id":"34320b41-2de1-4ad8-b693-cc084bf72ee3","local_time":"20190505182701","is_ascension_mode":true,"campfire_choices":[{"data":"Spot Weakness","floor":6.0,"key":"SMITH"},{"floor":10.0,"key":"REST"},{"data":"Heavy Blade","floor":13.0,"key":"SMITH"},{"data":"Perfected Strike","floor":15.0,"key":"SMITH"},{"data":"Immolate","floor":27,"key":"SMITH"},{"floor":32,"key":"REST"}],"neow_cost":"NO_GOLD","seed_source_timestamp":29181149435606,"circlet_count":0,"master_deck":["AscendersBane","Strike_R+1","Strike_R+1","Strike_R+1","Strike_R+1","Strike_R+1","Defend_R+1","Defend_R+1","Defend_R+1","Defend_R+1","Bash+1","Feed","Perfected Strike+1","Spot Weakness+1","Anger","Twin Strike","Heavy Blade+1","Disarm","Immolate+1","Shrug It Off","Demon Form","Heavy Blade","Disarm","Feel No Pain","Burning Pact"],"special_seed":0,"relics":["Burning Blood","Regal Pillow","Pen Nib","Vajra","Mercury Hourglass","Snecko Eye","Singing Bowl","Centennial Puzzle","Smiling Mask","Dream Catcher"],"potions_floor_usage":[33],"damage_taken":[{"damage":7.0,"enemies":"Cultist","floor":1.0,"turns":4.0},{"damage":14.0,"enemies":"Jaw Worm","floor":3.0,"turns":4.0},{"damage":12.0,"enemies":"Small Slimes","floor":4.0,"turns":3.0},{"damage":39.0,"enemies":"Gremlin Nob","floor":7.0,"turns":4.0},{"damage":26.0,"enemies":"Exordium Thugs","floor":8.0,"turns":5.0},{"damage":30.0,"enemies":"Lagavulin","floor":11.0,"turns":7.0},{"damage":0.0,"enemies":"Large Slime","floor":12.0,"turns":3.0},{"damage":0.0,"enemies":"Slime Boss","floor":16.0,"turns":6.0},{"damage":0.0,"enemies":"Chosen","floor":18.0,"turns":3.0},{"damage":21.0,"enemies":"Shell Parasite","floor":21.0,"turns":4.0},{"damage":49.0,"enemies":"Slavers","floor":23.0,"turns":6.0},{"damage":0,"enemies":"Cultist and Chosen","floor":25,"turns":3},{"damage":21,"enemies":"Sentry and Sphere","floor":28,"turns":4},{"damage":7,"enemies":"Book of Stabbing","floor":29,"turns":3},{"damage":27,"enemies":"Snake Plant","floor":31,"turns":5},{"damage":89,"enemies":"Automaton","floor":33,"turns":6}],"seed_played":"-8663021847463147914","potions_obtained":[{"floor":7.0,"key":"SmokeBomb"},{"floor":11.0,"key":"SmokeBomb"},{"floor":12.0,"key":"Weak Potion"},{"floor":25,"key":"Energy Potion"}],"is_trial":false,"path_per_floor":["M","?","M","M","$","R","E","M","T","R","E","M","R","T","R","B",null,"M","?","?","M","$","E","?","M","T","R","M","E","$","M","R","B"],"character_chosen":"IRONCLAD","items_purchased":["Demon Form","Feel No Pain"],"campfire_rested":2,"item_purchase_floors":[22,30],"current_hp_per_floor":[70,70,65,62,62,62,29,9,9,49,25,34,34,34,34,40,75,84,84,84,74,74,31,31,39,39,39,29,31,31,10,58,0],"gold":63,"neow_bonus":"THREE_RARE_CARDS","is_prod":false,"is_daily":false,"chose_seed":false,"campfire_upgraded":4,"win_rate":0,"timestamp":1557073621,"path_taken":["M","?","M","M","$","R","E","?","T","R","E","M","R","?","R","BOSS","M","?","?","M","$","E","?","?","T","R","M","E","$","M","R","BOSS"],"build_version":"2019-01-23","purchased_purges":0,"victory":false,"max_hp_per_floor":[78,78,81,84,84,84,84,84,84,84,84,87,87,87,87,87,87,90,90,90,95,95,95,95,97,97,97,102,105,105,105,107,107],"card_choices":[{"not_picked":["Brutality","Impervious"],"picked":"Feed","floor":0.0},{"not_picked":["Pommel Strike","Thunderclap"],"picked":"Perfected Strike","floor":1.0},{"not_picked":["Sword Boomerang","Heavy Blade"],"picked":"Spot Weakness","floor":3.0},{"not_picked":["Heavy Blade","Entrench"],"picked":"Anger","floor":4.0},{"not_picked":["Impervious","Shockwave"],"picked":"Twin Strike","floor":7.0},{"not_picked":["Clash","Intimidate"],"picked":"Heavy Blade","floor":8.0},{"not_picked":["Sever Soul","Hemokinesis","Iron Wave"],"picked":"SKIP","floor":11.0},{"not_picked":["Body Slam","Reckless Charge"],"picked":"Disarm","floor":12.0},{"not_picked":["Fiend Fire","Brutality"],"picked":"Immolate","floor":16.0},{"not_picked":["Havoc","Wild Strike"],"picked":"Shrug It Off","floor":18.0},{"not_picked":["Heavy Blade","Warcry","Armaments"],"picked":"Singing Bowl","floor":21.0},{"not_picked":["Perfected Strike","Shrug It Off"],"picked":"Heavy Blade","floor":23.0},{"not_picked":["Armaments","Rupture","Rage"],"picked":"Singing Bowl","floor":25},{"not_picked":["Sentinel","Offering","Rage"],"picked":"Singing Bowl","floor":28},{"not_picked":["Second Wind","Body Slam"],"picked":"Disarm","floor":29},{"not_picked":["Pummel+1","Clash+1"],"picked":"Burning Pact","floor":31},{"not_picked":["Armaments","Reckless Charge","Twin Strike"],"picked":"Singing Bowl","floor":32}],"player_experience":1657422,"relics_obtained":[{"floor":7.0,"key":"Regal Pillow"},{"floor":9.0,"key":"Pen Nib"},{"floor":11.0,"key":"Vajra"},{"floor":14.0,"key":"Mercury Hourglass"},{"floor":23.0,"key":"Centennial Puzzle"},{"floor":26,"key":"Smiling Mask"},{"floor":29,"key":"Dream Catcher"}],"event_choices":[{"damage_healed":0.0,"max_hp_gain":0.0,"max_hp_loss":0.0,"gold_gain":0.0,"event_name":"Upgrade Shrine","player_choice":"Upgraded","floor":2.0,"gold_loss":0.0,"damage_taken":0.0,"cards_upgraded":["Bash"]},{"damage_healed":0.0,"max_hp_gain":0.0,"max_hp_loss":0.0,"gold_gain":0.0,"event_name":"Back to Basics","player_choice":"Simplicity","floor":19.0,"gold_loss":0.0,"damage_taken":0.0,"cards_upgraded":["Strike_R","Strike_R","Strike_R","Strike_R","Strike_R","Defend_R","Defend_R","Defend_R","Defend_R"]},{"damage_healed":0.0,"max_hp_gain":0.0,"max_hp_loss":0.0,"gold_gain":0.0,"event_name":"Addict","player_choice":"Obtained Relic","floor":20.0,"gold_loss":85.0,"damage_taken":0.0,"relics_obtained":["Singing Bowl"]},{"damage_healed":0,"gold_gain":0,"player_choice":"Ignored","damage_taken":0,"max_hp_gain":0,"max_hp_loss":0,"event_name":"The Mausoleum","floor":24,"gold_loss":0}],"is_beta":false,"boss_relics":[{"not_picked":["Fusion Hammer","Tiny House"],"picked":"Snecko Eye"}],"items_purged_floors":[],"is_endless":false,"potions_floor_spawned":[7,11,12,23,25,28,31],"killed_by":"Automaton","ascension_level":20}