{"gold_per_floor":[115,40,40,50,50,50,81,93,182,194,233,260,299,323,335,347],"floor_reached":16,"playtime":283,"items_purged":[],"score":286,"play_id":"af40977a-971c-4bb6-a120-1e8a6b3d045f","local_time":"20190816162850","is_ascension_mode":true,"campfire_choices":[{"data":"Zap","floor":6.0,"key":"SMITH"},{"data":"Doom and Gloom","floor":8.0,"key":"SMITH"},{"data":"Defragment","floor":15,"key":"SMITH"}],"neow_cost":"NONE","seed_source_timestamp":24664667582821,"circlet_count":0,"master_deck":["AscendersBane","Strike_B","Strike_B","Strike_B","Defend_B","Defend_B","Defend_B","Defend_B","Zap+1","Dualcast","Sweeping Beam","Consume","Doom and Gloom+1","Defragment+1","Glacier","Ball Lightning","Coolheaded"],"special_seed":0,"relics":["Cracked Core","NeowsBlessing","Singing Bowl","MawBank","Anchor","Shuriken"],"potions_floor_usage":[13,16],"damage_taken":[{"damage":0.0,"enemies":"Jaw Worm","floor":1.0,"turns":1.0},{"damage":0.0,"enemies":"2 Louse","floor":4.0,"turns":1.0},{"damage":0.0,"enemies":"Gremlin Nob","floor":7.0,"turns":1.0},{"damage":15,"enemies":"3 Sentries","floor":11,"turns":4},{"damage":6,"enemies":"Cultist","floor":12,"turns":3},{"damage":14,"enemies":"Gremlin Nob","floor":13,"turns":3},{"damage":0,"enemies":"3 Louse","floor":14,"turns":2},{"damage":11,"enemies":"Hexaghost","floor":16,"turns":7}],"seed_played":"4092303129210202168","potions_obtained":[{"floor":1.0,"key":"Explosive Potion"},{"floor":13,"key":"Dexterity Potion"},{"floor":14,"key":"Energy Potion"}],"is_trial":false,"path_per_floor":["M","?","?","M","$","R","E","R","T","$","E","M","E","M","R","B"],"character_chosen":"DEFECT","items_purchased":[],"campfire_rested":0,"item_purchase_floors":[],"current_hp_per_floor":[64,64,38,38,38,38,38,38,38,38,23,17,3,3,3,0],"gold":347,"neow_bonus":"THREE_ENEMY_KILL","is_prod":false,"is_daily":false,"chose_seed":false,"campfire_upgraded":3,"win_rate":0,"timestamp":1565965730,"path_taken":["M","?","?","M","?","R","E","R","T","$","E","M","E","?","R","BOSS"],"build_version":"2019-07-17","purchased_purges":0,"victory":false,"max_hp_per_floor":[71,71,71,71,71,71,71,71,71,71,71,71,71,71,71,71],"card_choices":[{"not_picked":["Reprogram","Streamline"],"picked":"Sweeping Beam","floor":1.0},{"not_picked":["Recycle","Rebound"],"picked":"Consume","floor":4.0},{"not_picked":["Beam Cell","White Noise"],"picked":"Doom and Gloom","floor":7.0},{"not_picked":["Buffer","Barrage"],"picked":"Defragment","floor":11},{"not_picked":["Leap","Doom and Gloom"],"picked":"Glacier","floor":12},{"not_picked":["Gash","Leap"],"picked":"Ball Lightning","floor":13},{"not_picked":["Rebound","Fusion"],"picked":"Coolheaded","floor":14}],"player_experience":1927266,"relics_obtained":[{"floor":7.0,"key":"MawBank"},{"floor":11,"key":"Anchor"},{"floor":13,"key":"Shuriken"}],"event_choices":[{"cards_removed":["Strike_B"],"damage_healed":0.0,"max_hp_gain":0.0,"max_hp_loss":0.0,"gold_gain":0.0,"event_name":"The Cleric","player_choice":"Card Removal","floor":2.0,"gold_loss":75.0,"damage_taken":0.0},{"damage_healed":0.0,"max_hp_gain":0.0,"max_hp_loss":0.0,"gold_gain":0.0,"event_name":"Scrap Ooze","player_choice":"Success","floor":3.0,"gold_loss":0.0,"damage_taken":26.0,"relics_obtained":["Singing Bowl"]}],"is_beta":false,"boss_relics":[],"items_purged_floors":[],"is_endless":false,"potions_floor_spawned":[1,13,14],"killed_by":"Hexaghost","ascension_level":20}