{"gold_per_floor":[111,111,111,57,73,101,101,115,139,153,153,153,153,186,186,280,280,280,2,2,2,2,2],"floor_reached":23,"playtime":964,"items_purged":[],"score":444,"play_id":"c520405f-9ef8-4275-b875-1bbfada58a3b","local_time":"20190326125520","is_ascension_mode":true,"campfire_choices":[{"data":"Inflame","floor":7,"key":"SMITH"},{"data":"Armaments","floor":13,"key":"SMITH"},{"data":"Metallicize","floor":15,"key":"SMITH"}],"neow_cost":"NONE","seed_source_timestamp":101317033974418,"circlet_count":0,"master_deck":["AscendersBane","Strike_R","Strike_R","Strike_R","Strike_R","Defend_R","Defend_R","Defend_R","Defend_R","Bash+1","Inflame+1","Shrug It Off","Anger","Bludgeon","Armaments+1","Heavy Blade","Metallicize+1","Juggernaut","True Grit+1","Inflame+1","Heavy Blade"],"relics":["Burning Blood","NeowsBlessing","Happy Flower","Blood Vial","Peace Pipe","Golden Idol","Pen Nib","Ectoplasm","DollysMirror"],"potions_floor_usage":[16],"damage_taken":[{"damage":0,"enemies":"Small Slimes","floor":1,"turns":2},{"damage":0,"enemies":"Jaw Worm","floor":5,"turns":1},{"damage":0,"enemies":"Gremlin Nob","floor":6,"turns":1},{"damage":0,"enemies":"2 Louse","floor":8,"turns":2},{"damage":0,"enemies":"2 Fungi Beasts","floor":10,"turns":2},{"damage":12,"enemies":"3 Sentries","floor":14,"turns":7},{"damage":14,"enemies":"Hexaghost","floor":16,"turns":9},{"damage":0,"enemies":"Chosen","floor":18,"turns":3},{"damage":19,"enemies":"Shell Parasite","floor":22,"turns":5},{"damage":65,"enemies":"Gremlin Leader","floor":23,"turns":6}],"seed_played":"-5361379378035090783","potions_obtained":[{"floor":6,"key":"Weak Potion"},{"floor":8,"key":"Weak Potion"},{"floor":10,"key":"SpeedPotion"},{"floor":18,"key":"SpeedPotion"},{"floor":22,"key":"EssenceOfSteel"}],"is_trial":false,"path_per_floor":["M","?","?","$","M","E","R","M","T","M","T","?","R","E","R","B",null,"M","$","?","$","M","E"],"character_chosen":"IRONCLAD","items_purchased":["Shrug It Off","DollysMirror","Heavy Blade"],"campfire_rested":0,"item_purchase_floors":[4,19,19],"current_hp_per_floor":[74,67,67,67,73,75,75,75,75,75,75,68,68,62,62,56,65,68,68,68,68,55,0],"gold":2,"neow_bonus":"THREE_ENEMY_KILL","is_prod":false,"is_daily":false,"chose_seed":false,"campfire_upgraded":3,"win_rate":0,"timestamp":1553601320,"path_taken":["M","?","?","?","M","E","R","M","T","M","?","?","R","E","R","BOSS","M","$","?","$","M","E"],"build_version":"2019-01-23","purchased_purges":0,"victory":false,"max_hp_per_floor":[75,75,75,75,75,75,75,75,75,75,75,68,68,68,68,68,68,68,68,68,68,68,68],"card_choices":[{"not_picked":["Twin Strike","Flame Barrier"],"picked":"Inflame","floor":1},{"not_picked":["Battle Trance","True Grit"],"picked":"Anger","floor":5},{"not_picked":["Pommel Strike","Clothesline"],"picked":"Bludgeon","floor":6},{"not_picked":["Havoc","Power Through"],"picked":"Armaments","floor":8},{"not_picked":["Dropkick","Havoc"],"picked":"Heavy Blade","floor":10},{"not_picked":["Flex","Cleave"],"picked":"Metallicize","floor":14},{"not_picked":["Double Tap","Berserk"],"picked":"Juggernaut","floor":16},{"not_picked":["Body Slam","Wild Strike"],"picked":"True Grit+1","floor":18},{"not_picked":["Headbutt","Perfected Strike","Armaments"],"picked":"SKIP","floor":22}],"player_experience":1480052,"relics_obtained":[{"floor":6,"key":"Happy Flower"},{"floor":9,"key":"Blood Vial"},{"floor":11,"key":"Peace Pipe"},{"floor":14,"key":"Pen Nib"}],"event_choices":[{"cards_removed":["Strike_R"],"damage_healed":0,"gold_gain":0,"player_choice":"Card Removal","damage_taken":7,"max_hp_gain":0,"max_hp_loss":0,"event_name":"Golden Wing","floor":2,"gold_loss":0},{"damage_healed":0,"gold_gain":0,"player_choice":"Grow","damage_taken":0,"max_hp_gain":0,"max_hp_loss":0,"event_name":"Living Wall","floor":3,"gold_loss":0,"cards_upgraded":["Bash"]},{"damage_healed":0,"gold_gain":0,"player_choice":"Lose Max HP","damage_taken":0,"relics_obtained":["Golden Idol"],"max_hp_gain":0,"max_hp_loss":7,"event_name":"Golden Idol","floor":12,"gold_loss":0},{"damage_healed":0,"gold_gain":0,"player_choice":"Ignored","damage_taken":0,"max_hp_gain":0,"max_hp_loss":0,"event_name":"The Mausoleum","floor":20,"gold_loss":0}],"is_beta":false,"boss_relics":[{"not_picked":["Mark of Pain","Eternal Feather"],"picked":"Ectoplasm"}],"items_purged_floors":[],"is_endless":false,"potions_floor_spawned":[6,8,10,18,22],"killed_by":"Gremlin Leader","ascension_level":20}