{"gold_per_floor":[116,134,209,220,220,220,252,271,271,302,267,267,326,353,353,353],"floor_reached":16,"playtime":1405,"items_purged":[],"score":218,"play_id":"6f8857c5-11d1-4e5b-a543-916c696c81ab","local_time":"20181124185822","is_ascension_mode":true,"campfire_choices":[{"data":"Cleave","floor":6,"key":"SMITH"},{"data":"Flex","floor":12,"key":"SMITH"},{"data":"Shrug It Off","floor":15,"key":"SMITH"}],"neow_cost":"PERCENT_DAMAGE","seed_source_timestamp":36247879788880,"circlet_count":0,"master_deck":["AscendersBane","Strike_R+1","Strike_R","Strike_R+1","Strike_R","Strike_R","Defend_R","Defend_R","Defend_R","Defend_R","Bash","Flex+1","Cleave+1","Pommel Strike","Shrug It Off","Impervious","Shrug It Off","Shrug It Off+1","Body Slam+1"],"relics":["Burning Blood","Thread and Needle","Frozen Egg 2","Molten Egg 2","Whetstone","Bag of Preparation","Ornamental Fan"],"potions_floor_usage":[7,8,14,16],"damage_taken":[{"damage":0,"enemies":"Jaw Worm","floor":1,"turns":5},{"damage":6,"enemies":"Small Slimes","floor":2,"turns":3},{"damage":7,"enemies":"2 Louse","floor":4,"turns":2},{"damage":23,"enemies":"Lagavulin","floor":7,"turns":5},{"damage":2,"enemies":"Exordium Wildlife","floor":8,"turns":3},{"damage":19,"enemies":"3 Sentries","floor":10,"turns":6},{"damage":12,"enemies":"Gremlin Nob","floor":13,"turns":4},{"damage":16,"enemies":"Lagavulin","floor":14,"turns":8},{"damage":28,"enemies":"Hexaghost","floor":16,"turns":12}],"seed_played":"516349050425114842","potions_obtained":[{"floor":1,"key":"GamblersBrew"},{"floor":2,"key":"Energy Potion"},{"floor":4,"key":"SteroidPotion"},{"floor":13,"key":"Poison Potion"},{"floor":14,"key":"BloodPotion"}],"is_trial":false,"path_per_floor":["M","M","?","M","?","R","E","M","T","E","?","R","?","E","R","B"],"character_chosen":"IRONCLAD","items_purchased":[],"campfire_rested":0,"item_purchase_floors":[],"current_hp_per_floor":[56,56,45,44,44,44,27,31,31,18,36,36,30,20,20,0],"gold":353,"neow_bonus":"ONE_RARE_RELIC","is_prod":false,"is_daily":false,"chose_seed":false,"campfire_upgraded":3,"win_rate":0,"timestamp":1543082302,"path_taken":["M","M","?","M","?","R","E","M","T","E","?","R","?","E","R","BOSS"],"build_version":"2018-11-15","purchased_purges":0,"victory":false,"max_hp_per_floor":[75,75,75,75,75,75,75,75,75,75,75,75,75,75,75,75],"card_choices":[{"not_picked":["Rupture","Corruption"],"picked":"Flex","floor":1},{"not_picked":["Sentinel","Evolve"],"picked":"Cleave","floor":2},{"not_picked":["Wild Strike","Uppercut"],"picked":"Pommel Strike","floor":4},{"not_picked":["Twin Strike","Dropkick"],"picked":"Shrug It Off","floor":7},{"not_picked":["Pommel Strike","Anger"],"picked":"Impervious","floor":8},{"not_picked":["Warcry","Havoc"],"picked":"Shrug It Off","floor":10},{"not_picked":["Heavy Blade+1","Clash+1"],"picked":"Shrug It Off","floor":13},{"not_picked":["Havoc","Armaments"],"picked":"Body Slam+1","floor":14}],"player_experience":881731,"relics_obtained":[{"floor":7,"key":"Frozen Egg 2"},{"floor":9,"key":"Molten Egg 2"},{"floor":10,"key":"Whetstone"},{"floor":13,"key":"Bag of Preparation"},{"floor":14,"key":"Ornamental Fan"}],"event_choices":[{"damage_healed":0,"gold_gain":75,"player_choice":"Gather Gold","damage_taken":11,"max_hp_gain":0,"max_hp_loss":0,"event_name":"World of Goop","floor":3,"gold_loss":0},{"damage_healed":0,"gold_gain":0,"player_choice":"Ignored","damage_taken":0,"max_hp_gain":0,"max_hp_loss":0,"event_name":"Golden Wing","floor":5,"gold_loss":0},{"damage_healed":18,"gold_gain":0,"player_choice":"Healed","damage_taken":0,"max_hp_gain":0,"max_hp_loss":0,"event_name":"The Cleric","floor":11,"gold_loss":35},{"damage_healed":0,"gold_gain":0,"player_choice":"Searched \u00271\u0027 times","damage_taken":0,"max_hp_gain":0,"max_hp_loss":0,"event_name":"Dead Adventurer","floor":13,"gold_loss":0}],"is_beta":true,"boss_relics":[],"items_purged_floors":[],"is_endless":false,"potions_floor_spawned":[1,2,4,13,14],"killed_by":"Hexaghost","ascension_level":17}