{"gold_per_floor":[111,121,121,135,135,135,166,166,166,177,205,221,231,231,231,308,308,324,339,349,359,374,374],"floor_reached":23,"playtime":1135,"items_purged":[],"score":362,"play_id":"568bf887-33a7-4f64-b972-c096b19c10ad","local_time":"20181129213032","is_ascension_mode":true,"campfire_choices":[{"data":"Neutralize","floor":6,"key":"SMITH"},{"data":"Dash","floor":8,"key":"SMITH"},{"data":"Deadly Poison","floor":15,"key":"SMITH"}],"neow_cost":"NONE","seed_source_timestamp":46553943749004,"circlet_count":0,"master_deck":["AscendersBane","Defend_G","Defend_G","Defend_G","Defend_G","Defend_G","Strike_G","Strike_G","Strike_G","Strike_G","Survivor","Neutralize+1","Deadly Poison","Crippling Poison+1","Dodge and Roll","Dash+1","Deadly Poison+1","Blur+1","Dagger Spray","Night Terror","Storm of Steel"],"relics":["Ring of the Snake","Dream Catcher","Paper Crane","Torii","The Specimen","Snecko Eye"],"potions_floor_usage":[7,7,7,7,16,21,23],"damage_taken":[{"damage":0,"enemies":"Jaw Worm","floor":1,"turns":6},{"damage":4,"enemies":"Small Slimes","floor":2,"turns":6},{"damage":2,"enemies":"Cultist","floor":4,"turns":4},{"damage":13,"enemies":"Gremlin Nob","floor":7,"turns":3},{"damage":0,"enemies":"2 Fungi Beasts","floor":10,"turns":2},{"damage":15,"enemies":"Lagavulin","floor":11,"turns":7},{"damage":7,"enemies":"Lots of Slimes","floor":12,"turns":4},{"damage":8,"enemies":"Gremlin Gang","floor":13,"turns":2},{"damage":1,"enemies":"Hexaghost","floor":16,"turns":12},{"damage":0,"enemies":"Spheric Guardian","floor":18,"turns":4},{"damage":10,"enemies":"3 Byrds","floor":19,"turns":4},{"damage":1,"enemies":"Centurion and Healer","floor":20,"turns":6},{"damage":7,"enemies":"3 Cultists","floor":21,"turns":4},{"damage":0,"enemies":"Snake Plant","floor":22,"turns":4},{"damage":35,"enemies":"Book of Stabbing","floor":23,"turns":7}],"seed_played":"-1663434136627109864","potions_obtained":[{"floor":1,"key":"Poison Potion"},{"floor":2,"key":"EntropicBrew"},{"floor":12,"key":"SkillPotion"},{"floor":13,"key":"PowerPotion"},{"floor":22,"key":"Poison Potion"}],"is_trial":false,"path_per_floor":["M","M","?","M","?","R","E","R","T","M","E","M","M","?","R","B",null,"M","M","M","M","M","E"],"character_chosen":"THE_SILENT","items_purchased":[],"campfire_rested":0,"item_purchase_floors":[],"current_hp_per_floor":[59,55,55,53,53,53,40,40,40,40,25,18,10,10,10,9,52,52,42,41,34,34,0],"gold":374,"neow_bonus":"RANDOM_COMMON_RELIC","is_prod":false,"is_daily":false,"chose_seed":false,"campfire_upgraded":3,"win_rate":0,"timestamp":1543523432,"path_taken":["M","M","?","M","?","R","E","R","T","?","E","M","M","?","R","BOSS","M","M","?","M","M","E"],"build_version":"2018-11-15","purchased_purges":0,"victory":false,"max_hp_per_floor":[66,66,66,66,66,66,66,66,66,66,66,66,66,66,66,66,66,66,66,66,66,66,66],"card_choices":[{"not_picked":["Skewer","Flying Knee"],"picked":"Deadly Poison","floor":1},{"not_picked":["Heel Hook","Prepared"],"picked":"Crippling Poison","floor":2},{"not_picked":["Poisoned Stab","Dagger Throw"],"picked":"Dodge and Roll","floor":4},{"not_picked":["Blade Dance","Dagger Spray"],"picked":"Deadly Poison","floor":7},{"not_picked":["Sucker Punch","Backstab"],"picked":"Blur","floor":10},{"not_picked":["Choke","Backstab"],"picked":"Dagger Spray","floor":11},{"not_picked":["Eviscerate","Underhanded Strike","Skewer"],"picked":"SKIP","floor":12},{"not_picked":["Terror","Phantasmal Killer","Underhanded Strike"],"picked":"SKIP","floor":13},{"not_picked":["Adrenaline","Unload"],"picked":"Night Terror","floor":16},{"not_picked":["Deflect","Terror","Dagger Throw"],"picked":"SKIP","floor":18},{"not_picked":["Setup","Dagger Throw","Outmaneuver"],"picked":"SKIP","floor":19},{"not_picked":["Outmaneuver","Slice","Sucker Punch"],"picked":"SKIP","floor":20},{"not_picked":["Deflect","Distraction"],"picked":"Storm of Steel","floor":21},{"not_picked":["Prepared","Slice","Underhanded Strike"],"picked":"SKIP","floor":22}],"player_experience":920053,"relics_obtained":[{"floor":7,"key":"Paper Crane"},{"floor":9,"key":"Torii"},{"floor":11,"key":"The Specimen"}],"event_choices":[{"damage_healed":0,"gold_gain":0,"player_choice":"Grow","damage_taken":0,"max_hp_gain":0,"max_hp_loss":0,"event_name":"Living Wall","floor":3,"gold_loss":0,"cards_upgraded":["Crippling Poison"]},{"damage_healed":0,"gold_gain":0,"cards_transformed":["Strike_G"],"player_choice":"Transformed","damage_taken":0,"max_hp_gain":0,"max_hp_loss":0,"event_name":"Transmorgrifier","floor":5,"gold_loss":0,"cards_obtained":["Dash"]},{"damage_healed":0,"gold_gain":0,"player_choice":"Forge","damage_taken":0,"max_hp_gain":0,"max_hp_loss":0,"event_name":"Accursed Blacksmith","floor":14,"gold_loss":0,"cards_upgraded":["Blur"]}],"is_beta":true,"boss_relics":[{"not_picked":["Busted Crown","Coffee Dripper"],"picked":"Snecko Eye"}],"items_purged_floors":[],"is_endless":false,"potions_floor_spawned":[1,2,12,13,22],"killed_by":"Book of Stabbing","ascension_level":15}