{"gold_per_floor":[213,2,15,15,34,34,34,34,34,65,77,77,110,122,134,223,235,265,294,221,233,259,271,283],"floor_reached":24,"playtime":1294,"items_purged":[],"score":408,"play_id":"8402efc2-bd74-404e-bb99-2889a1c1ed7a","local_time":"20190729115501","is_ascension_mode":true,"campfire_choices":[{"data":"Bash","floor":6,"key":"SMITH"},{"data":"Armaments","floor":8,"key":"SMITH"},{"data":"Disarm","floor":12,"key":"SMITH"},{"data":"Corruption","floor":15,"key":"SMITH"},{"data":"Exhume","floor":23,"key":"SMITH"}],"neow_cost":"NONE","seed_source_timestamp":7379054058677,"circlet_count":0,"master_deck":["AscendersBane","Strike_R","Strike_R","Strike_R","Strike_R","Strike_R","Defend_R","Defend_R","Defend_R","Defend_R","Bash+1","Cleave","Disarm+1","Hemokinesis","Armaments+1","Limit Break","Corruption+1","Heavy Blade","Exhume+1","Thunderclap","Spot Weakness"],"relics":["Burning Blood","Bag of Preparation","Ancient Tea Set","Centennial Puzzle","MawBank","Orichalcum","Coffee Dripper","Art of War"],"potions_floor_usage":[24],"damage_taken":[{"damage":22,"enemies":"Small Slimes","floor":1,"turns":5},{"damage":6,"enemies":"Cultist","floor":3,"turns":3},{"damage":3,"enemies":"Jaw Worm","floor":5,"turns":5},{"damage":12,"enemies":"Gremlin Nob","floor":10,"turns":3},{"damage":4,"enemies":"3 Louse","floor":11,"turns":3},{"damage":27,"enemies":"3 Sentries","floor":13,"turns":8},{"damage":30,"enemies":"The Guardian","floor":16,"turns":17},{"damage":23,"enemies":"Spheric Guardian","floor":18,"turns":4},{"damage":8,"enemies":"Chosen","floor":19,"turns":4},{"damage":28,"enemies":"Snake Plant","floor":22,"turns":4},{"damage":24,"enemies":"Gremlin Leader","floor":24,"turns":4}],"seed_played":"481142531112578484","potions_obtained":[{"floor":1,"key":"Dexterity Potion"},{"floor":3,"key":"Dexterity Potion"},{"floor":4,"key":"EssenceOfSteel"},{"floor":16,"key":"AttackPotion"},{"floor":18,"key":"FearPotion"}],"is_trial":false,"path_per_floor":["M","$","M","?","M","R","?","R","T","E","M","R","E","?","R","B",null,"M","M","?","?","M","R","E"],"character_chosen":"IRONCLAD","items_purchased":["Disarm","Bag of Preparation"],"campfire_rested":0,"item_purchase_floors":[2,2],"current_hp_per_floor":[52,52,52,52,55,55,60,60,60,54,56,56,35,35,35,11,63,46,44,44,44,22,22,0],"gold":283,"neow_bonus":"HUNDRED_GOLD","is_prod":false,"is_daily":false,"chose_seed":false,"campfire_upgraded":5,"win_rate":0,"timestamp":1564394101,"path_taken":["M","$","M","?","?","R","?","R","T","E","M","R","E","?","R","BOSS","M","M","?","?","M","R","E"],"build_version":"2019-07-17","purchased_purges":0,"victory":false,"max_hp_per_floor":[75,75,75,75,75,75,80,80,80,80,80,80,80,80,80,80,80,80,80,80,80,80,80,80],"card_choices":[{"not_picked":["Flame Barrier","Flex"],"picked":"Cleave","floor":1},{"not_picked":["Intimidate","Blood for Blood"],"picked":"Hemokinesis","floor":3},{"not_picked":["Seeing Red","Perfected Strike"],"picked":"Armaments","floor":5},{"not_picked":["Double Tap","Perfected Strike"],"picked":"Limit Break","floor":10},{"not_picked":["Iron Wave","Rage"],"picked":"Corruption","floor":11},{"not_picked":["Sentinel","Bludgeon"],"picked":"Heavy Blade","floor":13},{"not_picked":["Limit Break","Bludgeon"],"picked":"Exhume","floor":16},{"not_picked":["Clothesline","Iron Wave"],"picked":"Thunderclap","floor":18},{"not_picked":["Flex","Blood for Blood","Combust"],"picked":"SKIP","floor":19},{"not_picked":["Bloodletting","Searing Blow","Combust"],"picked":"SKIP","floor":22}],"player_experience":1856659,"relics_obtained":[{"floor":9,"key":"Ancient Tea Set"},{"floor":10,"key":"Centennial Puzzle"},{"floor":13,"key":"MawBank"}],"event_choices":[{"damage_healed":0,"gold_gain":0,"player_choice":"Got Potions","damage_taken":0,"max_hp_gain":0,"max_hp_loss":0,"event_name":"Lab","floor":4,"gold_loss":0},{"damage_healed":0,"gold_gain":0,"player_choice":"Donut","damage_taken":0,"max_hp_gain":5,"max_hp_loss":0,"event_name":"Big Fish","floor":7,"gold_loss":0},{"damage_healed":0,"gold_gain":0,"player_choice":"Searched \u00271\u0027 times","damage_taken":0,"relics_obtained":["Orichalcum"],"max_hp_gain":0,"max_hp_loss":0,"event_name":"Dead Adventurer","floor":14,"gold_loss":0},{"damage_healed":0,"gold_gain":0,"player_choice":"Obtained Relic","damage_taken":0,"relics_obtained":["Art of War"],"max_hp_gain":0,"max_hp_loss":0,"event_name":"Addict","floor":20,"gold_loss":85},{"damage_healed":0,"gold_gain":0,"player_choice":"Read","damage_taken":0,"max_hp_gain":0,"max_hp_loss":0,"event_name":"The Library","floor":21,"gold_loss":0,"cards_obtained":["Spot Weakness"]}],"is_beta":false,"boss_relics":[{"not_picked":["Mark of Pain","Runic Cube"],"picked":"Coffee Dripper"}],"items_purged_floors":[],"is_endless":false,"potions_floor_spawned":[1,3,5,16,18,22],"killed_by":"Gremlin Leader","ascension_level":20}