{"gold_per_floor":[111,129,129,141,154,154,183,13,13,47,47,63,63,74,74,151,151,166,180,180,199,124,124,174,194,194,194,194],"floor_reached":28,"playtime":1202,"items_purged":["Pain"],"score":460,"play_id":"403d069a-0695-4ba9-a2cb-6835f1466dac","local_time":"20190218171716","is_ascension_mode":true,"campfire_choices":[{"data":"Zap","floor":6.0,"key":"SMITH"},{"data":"Buffer","floor":11.0,"key":"SMITH"},{"floor":13.0,"key":"REST"},{"data":"Sunder","floor":15.0,"key":"SMITH"},{"floor":23.0,"key":"REST"},{"data":"Multi-Cast","floor":27.0,"key":"SMITH"}],"neow_cost":"NONE","seed_source_timestamp":0,"circlet_count":0,"master_deck":["AscendersBane","Strike_B","Strike_B","Strike_B","Strike_B","Defend_B","Defend_B","Defend_B","Defend_B","Zap+1","Dualcast","Genetic Algorithm","Compile Driver","Rebound","Conserve Battery","Buffer+1","Doom and Gloom","Sunder+1","Leap","Creative AI","Multi-Cast+1","Cold Snap"],"special_seed":0,"relics":["Cracked Core","Pantograph","Emotion Chip","Ginger","Snecko Eye","WarpedTongs","Ornamental Fan"],"potions_floor_usage":[28],"damage_taken":[{"damage":0.0,"enemies":"2 Louse","floor":1.0,"turns":3.0},{"damage":4.0,"enemies":"Small Slimes","floor":2.0,"turns":4.0},{"damage":1.0,"enemies":"Cultist","floor":4.0,"turns":4.0},{"damage":8.0,"enemies":"Blue Slaver","floor":5.0,"turns":3.0},{"damage":18.0,"enemies":"Lagavulin","floor":7.0,"turns":6.0},{"damage":28.0,"enemies":"3 Sentries","floor":10.0,"turns":6.0},{"damage":16.0,"enemies":"3 Louse","floor":12.0,"turns":2.0},{"damage":0.0,"enemies":"Exordium Wildlife","floor":14.0,"turns":3.0},{"damage":21.0,"enemies":"Slime Boss","floor":16.0,"turns":10.0},{"damage":7.0,"enemies":"Shell Parasite","floor":18.0,"turns":5.0},{"damage":13.0,"enemies":"Spheric Guardian","floor":19.0,"turns":7.0},{"damage":33.0,"enemies":"Shelled Parasite and Fungi","floor":21.0,"turns":6.0},{"damage":0.0,"enemies":"3 Cultists","floor":25.0,"turns":5.0},{"damage":38,"enemies":"Gremlin Leader","floor":28,"turns":2}],"seed_played":"5153101701633513369","potions_obtained":[{"floor":1.0,"key":"FocusPotion"},{"floor":5.0,"key":"Regen Potion"},{"floor":10.0,"key":"LiquidBronze"},{"floor":12.0,"key":"FocusPotion"},{"floor":14.0,"key":"Energy Potion"},{"floor":16.0,"key":"LiquidBronze"}],"is_trial":false,"path_per_floor":["M","M","?","M","M","R","E","$","T","E","R","M","R","M","R","B",null,"M","M","?","M","$","R","?","M","T","R","E"],"character_chosen":"DEFECT","items_purchased":["Buffer","Doom and Gloom"],"campfire_rested":2,"item_purchase_floors":[8,8],"current_hp_per_floor":[71,67,67,66,58,58,40,40,40,24,24,8,31,31,31,35,67,60,47,47,14,14,37,37,37,37,37,0],"gold":194,"neow_bonus":"TEN_PERCENT_HP_BONUS","is_prod":false,"is_daily":false,"chose_seed":false,"campfire_upgraded":4,"win_rate":0,"timestamp":1550506636,"path_taken":["M","M","?","M","M","R","E","$","T","E","R","M","R","M","R","BOSS","M","M","?","?","$","R","?","M","T","R","E"],"build_version":"2019-01-23","purchased_purges":1,"victory":false,"max_hp_per_floor":[78,78,78,78,78,78,78,78,78,78,78,78,78,78,78,78,78,78,78,78,78,78,78,78,78,78,78,78],"card_choices":[{"not_picked":["BootSequence","Barrage"],"picked":"Genetic Algorithm","floor":1.0},{"not_picked":["Stack","Cold Snap"],"picked":"Compile Driver","floor":2.0},{"not_picked":["Reprogram","Compile Driver"],"picked":"Rebound","floor":4.0},{"not_picked":["Double Energy","Genetic Algorithm","Blizzard"],"picked":"SKIP","floor":5.0},{"not_picked":["Hologram","Redo"],"picked":"Conserve Battery","floor":7.0},{"not_picked":["Go for the Eyes","Doom and Gloom","Streamline"],"picked":"SKIP","floor":10.0},{"not_picked":["Rip and Tear","All For One"],"picked":"Sunder","floor":12.0},{"not_picked":["Stack","Rebound"],"picked":"Leap","floor":14.0},{"not_picked":["Core Surge","Hyperbeam"],"picked":"Creative AI","floor":16.0},{"not_picked":["Stack","Go for the Eyes+1","Ball Lightning"],"picked":"SKIP","floor":18.0},{"not_picked":["Streamline","Hologram"],"picked":"Multi-Cast","floor":19.0},{"not_picked":["Ball Lightning","Hologram"],"picked":"Cold Snap","floor":21.0},{"not_picked":["Melter","Streamline","Redo"],"picked":"SKIP","floor":25.0}],"player_experience":1292364,"relics_obtained":[{"floor":7.0,"key":"Pantograph"},{"floor":9.0,"key":"Emotion Chip"},{"floor":10.0,"key":"Ginger"},{"floor":26.0,"key":"Ornamental Fan"}],"event_choices":[{"damage_healed":0.0,"max_hp_gain":0.0,"max_hp_loss":0.0,"gold_gain":0.0,"event_name":"The Cleric","player_choice":"Leave","floor":3.0,"gold_loss":0.0,"damage_taken":0.0},{"damage_healed":0.0,"max_hp_gain":0.0,"max_hp_loss":0.0,"gold_gain":0.0,"event_name":"Accursed Blacksmith","player_choice":"Rummage","floor":20.0,"gold_loss":0.0,"damage_taken":0.0,"relics_obtained":["WarpedTongs"],"cards_obtained":["Pain"]},{"damage_healed":0.0,"max_hp_gain":0.0,"max_hp_loss":0.0,"gold_gain":50.0,"event_name":"Nest","player_choice":"Stole From Cult","floor":24.0,"gold_loss":0.0,"damage_taken":0.0}],"is_beta":false,"boss_relics":[{"not_picked":["Runic Dome","Runic Pyramid"],"picked":"Snecko Eye"}],"items_purged_floors":[22],"is_endless":true,"potions_floor_spawned":[1,5,10,12,14,16,19],"killed_by":"Gremlin Leader","ascension_level":20}