{"gold_per_floor":[219,219,219,236,250,250,312,312,360,360],"floor_reached":10,"playtime":208,"items_purged":[],"score":132,"play_id":"55c3fa13-7bd5-4d74-8d5a-1b27c6f5e2f2","local_time":"20190415085048","is_ascension_mode":true,"campfire_choices":[{"data":"Pommel Strike","floor":6,"key":"SMITH"},{"floor":8,"key":"REST"}],"neow_cost":"NONE","seed_source_timestamp":2037508475459,"circlet_count":0,"master_deck":["AscendersBane","Strike_R","Strike_R","Strike_R","Strike_R","Strike_R","Defend_R","Defend_R","Defend_R","Defend_R","Bash+1","Thunderclap","Pommel Strike+1","Feel No Pain"],"relics":["Burning Blood","Tiny Chest","Juzu Bracelet"],"potions_floor_usage":[10],"damage_taken":[{"damage":15,"enemies":"Small Slimes","floor":1,"turns":5},{"damage":1,"enemies":"Cultist","floor":4,"turns":3},{"damage":14,"enemies":"Jaw Worm","floor":5,"turns":4},{"damage":55,"enemies":"Gremlin Nob","floor":7,"turns":5},{"damage":47,"enemies":"Lagavulin","floor":10,"turns":5}],"seed_played":"-1344723920240561381","potions_obtained":[{"floor":5,"key":"Dexterity Potion"},{"floor":7,"key":"Strength Potion"}],"is_trial":false,"path_per_floor":["M","?","?","M","M","R","E","R","T","E"],"character_chosen":"IRONCLAD","items_purchased":[],"campfire_rested":1,"item_purchase_floors":[],"current_hp_per_floor":[59,59,59,64,56,56,7,29,29,0],"gold":360,"neow_bonus":"HUNDRED_GOLD","is_prod":false,"is_daily":false,"chose_seed":false,"campfire_upgraded":1,"win_rate":0,"timestamp":1555311048,"path_taken":["M","?","?","?","M","R","E","R","T","E"],"build_version":"2019-01-23","purchased_purges":0,"victory":false,"max_hp_per_floor":[75,75,75,75,75,75,75,75,75,75],"card_choices":[{"not_picked":["Rupture","Cleave"],"picked":"Thunderclap","floor":1},{"not_picked":["Flex","Sword Boomerang"],"picked":"Pommel Strike","floor":4},{"not_picked":["Combust","True Grit"],"picked":"Feel No Pain","floor":5},{"not_picked":["Body Slam","Rage","Metallicize"],"picked":"SKIP","floor":7}],"player_experience":1601382,"relics_obtained":[{"floor":7,"key":"Tiny Chest"},{"floor":9,"key":"Juzu Bracelet"}],"event_choices":[{"damage_healed":0,"gold_gain":0,"player_choice":"Ignored","damage_taken":0,"max_hp_gain":0,"max_hp_loss":0,"event_name":"Liars Game","floor":2,"gold_loss":0},{"damage_healed":0,"gold_gain":0,"player_choice":"Upgraded","damage_taken":0,"max_hp_gain":0,"max_hp_loss":0,"event_name":"Upgrade Shrine","floor":3,"gold_loss":0,"cards_upgraded":["Bash"]}],"is_beta":false,"boss_relics":[],"items_purged_floors":[],"is_endless":false,"potions_floor_spawned":[5,7],"killed_by":"Lagavulin","ascension_level":20}