{"gold_per_floor":[368,443,94,113,131,160,160,160,160,199,236,248,285,297,309,393,405,429,391,422,447,474,521,533,545],"floor_reached":25,"playtime":1671,"items_purged":["Strike_B"],"score":528,"play_id":"fce0fe9c-273e-4626-8e4e-6becc6c32ccd","local_time":"20190915195048","is_ascension_mode":true,"campfire_choices":[{"data":"Defragment","floor":7,"key":"SMITH"},{"data":"Zap","floor":15,"key":"SMITH"},{"data":"Capacitor","floor":24,"key":"SMITH"}],"neow_cost":"TEN_PERCENT_HP_LOSS","seed_source_timestamp":10380901379615,"circlet_count":0,"master_deck":["AscendersBane","Strike_B","Strike_B","Defend_B","Defend_B","Defend_B","Defend_B","Zap+1","Dualcast","Lockon","Defragment+1","Glacier+1","Capacitor+1","Compile Driver","Ball Lightning","Cold Snap","Hologram","Turbo+1","Ball Lightning","FTL","Barrage","Core Surge","Echo Form","Fusion","Loop"],"relics":["Cracked Core","Orrery","Letter Opener","War Paint","MawBank","Odd Mushroom","Bird Faced Urn","Omamori","Snecko Eye","Darkstone Periapt"],"potions_floor_usage":[13,25],"damage_taken":[{"damage":0,"enemies":"Small Slimes","floor":1,"turns":3},{"damage":7,"enemies":"2 Louse","floor":4,"turns":2},{"damage":0,"enemies":"Cultist","floor":5,"turns":2},{"damage":9,"enemies":"Lagavulin","floor":6,"turns":8},{"damage":14,"enemies":"The Mushroom Lair","floor":10,"turns":4},{"damage":2,"enemies":"3 Sentries","floor":11,"turns":8},{"damage":0,"enemies":"Lagavulin","floor":13,"turns":6},{"damage":3,"enemies":"Hexaghost","floor":16,"turns":11},{"damage":2,"enemies":"Chosen","floor":18,"turns":4},{"damage":0,"enemies":"Spheric Guardian","floor":20,"turns":3},{"damage":23,"enemies":"Shelled Parasite and Fungi","floor":21,"turns":5},{"damage":15,"enemies":"Snecko","floor":22,"turns":5},{"damage":4,"enemies":"Slavers","floor":23,"turns":5},{"damage":49,"enemies":"Book of Stabbing","floor":25,"turns":4}],"seed_played":"9008359641219436586","potions_obtained":[{"floor":1,"key":"FocusPotion"},{"floor":10,"key":"Fire Potion"},{"floor":13,"key":"GamblersBrew"}],"is_trial":false,"path_per_floor":["M","?","$","M","M","E","R","?","T","?","E","?","E","?","R","B",null,"M","?","M","M","M","E","R","E"],"character_chosen":"DEFECT","items_purchased":["Orrery","Ball Lightning","Cold Snap"],"campfire_rested":0,"item_purchase_floors":[3,3,3],"current_hp_per_floor":[64,53,53,46,46,37,37,32,32,18,16,16,20,20,20,21,53,55,55,57,38,29,33,33,0],"gold":545,"neow_bonus":"TWO_FIFTY_GOLD","is_prod":false,"is_daily":false,"chose_seed":false,"campfire_upgraded":3,"win_rate":0,"timestamp":1568569848,"path_taken":["M","?","$","M","M","E","R","?","T","?","E","?","E","?","R","BOSS","M","?","M","?","M","E","R","E"],"build_version":"2019-09-12","purchased_purges":1,"victory":false,"max_hp_per_floor":[64,64,64,64,64,64,64,64,64,64,64,64,64,64,64,64,64,64,64,64,64,64,64,64,64],"card_choices":[{"not_picked":["Melter","Go for the Eyes"],"picked":"Lockon","floor":1},{"not_picked":["Chill","Rip and Tear"],"picked":"Defragment","floor":3},{"not_picked":["Conserve Battery","Compile Driver"],"picked":"Glacier","floor":3},{"not_picked":["Fusion","Recycle"],"picked":"Capacitor","floor":3},{"not_picked":["Recycle","Coolheaded"],"picked":"Compile Driver","floor":3},{"not_picked":["Rip and Tear","Go for the Eyes"],"picked":"Hologram","floor":4},{"not_picked":["Fusion","Tempest","Sweeping Beam"],"picked":"SKIP","floor":5},{"not_picked":["Redo","Leap"],"picked":"Turbo","floor":6},{"not_picked":["Streamline","Rip and Tear"],"picked":"Ball Lightning","floor":10},{"not_picked":["Skim","Reprogram"],"picked":"FTL","floor":11},{"not_picked":["Hyperbeam","Hologram"],"picked":"Barrage","floor":13},{"not_picked":["All For One","Meteor Strike"],"picked":"Echo Form","floor":16},{"not_picked":["Redo","Compile Driver","Sweeping Beam"],"picked":"SKIP","floor":18},{"not_picked":["Barrage","Steam"],"picked":"Fusion","floor":20},{"not_picked":["Double Energy","Force Field"],"picked":"Loop","floor":21},{"not_picked":["FTL","Sweeping Beam","Streamline"],"picked":"SKIP","floor":22},{"not_picked":["Skim","Conserve Battery","Sweeping Beam"],"picked":"SKIP","floor":23}],"player_experience":2050986,"relics_obtained":[{"floor":6,"key":"Letter Opener"},{"floor":9,"key":"MawBank"},{"floor":10,"key":"Odd Mushroom"},{"floor":11,"key":"Bird Faced Urn"},{"floor":13,"key":"Omamori"},{"floor":23,"key":"Darkstone Periapt"}],"event_choices":[{"damage_healed":0,"gold_gain":75,"player_choice":"Gather Gold","damage_taken":11,"max_hp_gain":0,"max_hp_loss":0,"event_name":"World of Goop","floor":2,"gold_loss":0},{"damage_healed":0,"gold_gain":0,"player_choice":"Success","damage_taken":5,"relics_obtained":["War Paint"],"max_hp_gain":0,"max_hp_loss":0,"event_name":"Scrap Ooze","floor":8,"gold_loss":0},{"damage_healed":0,"gold_gain":0,"player_choice":"Fought Mushrooms","damage_taken":0,"max_hp_gain":0,"max_hp_loss":0,"event_name":"Mushrooms","floor":10,"gold_loss":0},{"damage_healed":0,"gold_gain":0,"player_choice":"Ignored","damage_taken":0,"max_hp_gain":0,"max_hp_loss":0,"event_name":"Golden Wing","floor":12,"gold_loss":0},{"damage_healed":0,"gold_gain":0,"cards_transformed":["Strike_B"],"player_choice":"Transformed","damage_taken":0,"max_hp_gain":0,"max_hp_loss":0,"event_name":"Transmorgrifier","floor":14,"gold_loss":0,"cards_obtained":["Core Surge"]},{"damage_healed":0,"gold_gain":0,"player_choice":"Bet on Murderer","damage_taken":0,"max_hp_gain":0,"max_hp_loss":0,"event_name":"The Joust","floor":19,"gold_loss":50}],"is_beta":true,"boss_relics":[{"not_picked":["Sozu","Black Star"],"picked":"Snecko Eye"}],"items_purged_floors":[3],"is_endless":false,"potions_floor_spawned":[1,10,11,13,20],"killed_by":"Book of Stabbing","ascension_level":20}