{"gold_per_floor":[217,236,250,262,19,19,51,51,51,71,71,142,42,77,77,148,148,158,69,81,81,97,125,125,154,154,184,203,203,203,203,203,280,280,291,291,291,301,317,348,348,379,428,459,559,346,375,375,375,375,375,375,375,44,76,76],"floor_reached":56,"playtime":3150,"items_purged":["Strike_R","Strike_R","Injury"],"score":2083,"play_id":"685be4fd-efe9-479d-92e5-2f12d8bd04a9","local_time":"20190403223816","is_ascension_mode":true,"campfire_choices":[{"data":"Bash","floor":6.0,"key":"SMITH"},{"data":"Inflame","floor":8.0,"key":"SMITH"},{"data":"Armaments","floor":11.0,"key":"SMITH"},{"data":"Spot Weakness","floor":15.0,"key":"SMITH"},{"data":"Corruption","floor":24.0,"key":"SMITH"},{"data":"Heavy Blade","floor":29.0,"key":"SMITH"},{"data":"Ghostly","floor":32.0,"key":"SMITH"},{"floor":41.0,"key":"REST"},{"floor":49,"key":"RECALL"},{"data":"Ghostly","floor":53,"key":"SMITH"}],"neow_cost":"NONE","seed_source_timestamp":43652516493895,"circlet_count":0,"master_deck":["AscendersBane","Strike_R+1","Strike_R+1","Strike_R+1","Defend_R+1","Defend_R+1","Defend_R+1","Defend_R+1","Bash+1","Thunderclap","Hemokinesis","Spot Weakness+1","Armaments+1","Inflame+1","Pummel","Headbutt","Corruption+1","Reaper","Shockwave","Seeing Red","Sentinel+1","Heavy Blade+1","Ghostly+1","Ghostly+1","Ghostly","Limit Break+1","Feel No Pain","Impervious","Burning Pact+1","Spot Weakness","Sentinel","Feel No Pain","Discovery"],"special_seed":0,"relics":["Burning Blood","Ornamental Fan","Unceasing Top","Ginger","Runic Pyramid","Lantern","Sundial","Letter Opener","Pen Nib","Strawberry","Cursed Key","Bottled Lightning","Juzu Bracelet","Gambling Chip","Blood Vial","Anchor","Happy Flower"],"potions_floor_usage":[56,56],"damage_taken":[{"damage":1.0,"enemies":"2 Louse","floor":1.0,"turns":2.0},{"damage":9.0,"enemies":"Small Slimes","floor":2.0,"turns":5.0},{"damage":12.0,"enemies":"Jaw Worm","floor":3.0,"turns":3.0},{"damage":16.0,"enemies":"Blue Slaver","floor":4.0,"turns":4.0},{"damage":30.0,"enemies":"3 Sentries","floor":7.0,"turns":8.0},{"damage":1.0,"enemies":"Looter","floor":10.0,"turns":3.0},{"damage":8.0,"enemies":"Gremlin Nob","floor":14.0,"turns":3.0},{"damage":19.0,"enemies":"Slime Boss","floor":16.0,"turns":7.0},{"damage":31.0,"enemies":"2 Thieves","floor":18.0,"turns":4.0},{"damage":32.0,"enemies":"3 Byrds","floor":20.0,"turns":5.0},{"damage":20.0,"enemies":"Snake Plant","floor":22.0,"turns":4.0},{"damage":10.0,"enemies":"Gremlin Leader","floor":23.0,"turns":5.0},{"damage":77.0,"enemies":"Slavers","floor":25.0,"turns":5.0},{"damage":6.0,"enemies":"Book of Stabbing","floor":27.0,"turns":3.0},{"damage":2.0,"enemies":"Cultist and Chosen","floor":28.0,"turns":5.0},{"damage":61.0,"enemies":"Champ","floor":33.0,"turns":16.0},{"damage":5.0,"enemies":"Orb Walker","floor":35.0,"turns":3.0},{"damage":17.0,"enemies":"3 Shapes","floor":38.0,"turns":11.0},{"damage":13.0,"enemies":"Transient","floor":39.0,"turns":6.0},{"damage":42.0,"enemies":"Reptomancer","floor":40.0,"turns":3.0},{"damage":19.0,"enemies":"Giant Head","floor":42.0,"turns":7.0},{"damage":6.0,"enemies":"Reptomancer","floor":44.0,"turns":6.0},{"damage":3.0,"enemies":"Mind Bloom Boss Battle","floor":45.0,"turns":5.0},{"damage":34,"enemies":"Giant Head","floor":47,"turns":7},{"damage":26,"enemies":"Time Eater","floor":50,"turns":8},{"damage":11,"enemies":"Donu and Deca","floor":51,"turns":8},{"damage":5,"enemies":"Shield and Spear","floor":55,"turns":8},{"damage":45,"enemies":"The Heart","floor":56,"turns":8}],"seed_played":"5850933971115843576","potions_obtained":[{"floor":2.0,"key":"LiquidBronze"},{"floor":10.0,"key":"Poison Potion"},{"floor":14.0,"key":"Swift Potion"},{"floor":25.0,"key":"SteroidPotion"},{"floor":27.0,"key":"EssenceOfSteel"},{"floor":40.0,"key":"Poison Potion"},{"floor":45.0,"key":"AttackPotion"}],"is_trial":false,"path_per_floor":["M","M","M","M","$","R","E","R","T","M","R","?","$","E","R","B",null,"M","$","M","?","M","E","R","E","T","E","M","R","?","T","R","B",null,"M","?","?","M","M","E","R","E","T","E","?","$","E","?","R","B","B",null,"R","$","E","B"],"character_chosen":"IRONCLAD","items_purchased":["Inflame","Pummel","Seeing Red","Spot Weakness","Feel No Pain","Anchor","Discovery"],"campfire_rested":1,"item_purchase_floors":[5,5,19,46,54,54,54],"current_hp_per_floor":[73,70,64,54,54,54,30,30,30,35,35,35,35,33,33,20,61,57,57,49,49,53,75,75,34,34,50,70,70,37,44,44,20,38,44,44,44,44,44,8,21,44,44,44,44,44,44,44,44,44,44,44,44,44,44,0],"gold":76,"neow_bonus":"HUNDRED_GOLD","is_prod":false,"is_daily":false,"chose_seed":false,"campfire_upgraded":8,"win_rate":0,"timestamp":1554323896,"path_taken":["M","M","M","M","$","R","E","R","T","M","R","?","$","E","R","BOSS","M","$","M","?","M","E","R","E","T","E","M","R","?","?","R","BOSS","M","?","?","M","?","E","R","E","T","E","?","?","E","?","R","BOSS","BOSS","R","$","E","BOSS"],"build_version":"2019-01-23","purchased_purges":3,"victory":false,"max_hp_per_floor":[75,75,75,75,75,75,75,75,75,75,75,75,75,75,75,75,75,75,75,75,75,75,75,75,75,75,75,75,75,37,44,44,44,44,44,44,44,44,44,44,44,44,44,44,44,44,44,44,44,44,44,44,44,44,44,44],"card_choices":[{"not_picked":["Wild Strike","True Grit"],"picked":"Thunderclap","floor":1.0},{"not_picked":["Burning Pact","Ghostly Armor"],"picked":"Hemokinesis","floor":2.0},{"not_picked":["Sword Boomerang","True Grit"],"picked":"Spot Weakness","floor":3.0},{"not_picked":["Dropkick","Iron Wave"],"picked":"Armaments","floor":4.0},{"not_picked":["Clash","Seeing Red","Burning Pact"],"picked":"SKIP","floor":7.0},{"not_picked":["Clash","Ghostly Armor"],"picked":"Headbutt","floor":10.0},{"not_picked":["True Grit","Hemokinesis"],"picked":"Corruption","floor":14.0},{"not_picked":["Barricade","Juggernaut"],"picked":"Reaper","floor":16.0},{"not_picked":["Ghostly Armor+1","Hemokinesis+1"],"picked":"Shockwave","floor":18.0},{"not_picked":["Flex","Rampage","Clash"],"picked":"SKIP","floor":20.0},{"not_picked":["Bloodletting+1","Ghostly Armor"],"picked":"Sentinel+1","floor":22.0},{"not_picked":["Hemokinesis","Rupture"],"picked":"Heavy Blade","floor":23.0},{"not_picked":["Whirlwind","Pommel Strike+1","Clothesline+1"],"picked":"SKIP","floor":25.0},{"not_picked":["Perfected Strike","True Grit","Warcry"],"picked":"SKIP","floor":27.0},{"not_picked":["Perfected Strike","True Grit","Warcry"],"picked":"SKIP","floor":27.0},{"not_picked":["Armaments","Cleave","Flex"],"picked":"SKIP","floor":28.0},{"not_picked":["Dark Embrace","Brutality"],"picked":"Limit Break","floor":33.0},{"not_picked":["Warcry","Shockwave","Sword Boomerang+1"],"picked":"SKIP","floor":35.0},{"not_picked":["Armaments","Body Slam","Headbutt"],"picked":"SKIP","floor":38.0},{"not_picked":["Shrug It Off","Wild Strike"],"picked":"Feel No Pain","floor":39.0},{"not_picked":["Perfected Strike","Power Through","Ghostly Armor"],"picked":"SKIP","floor":40.0},{"not_picked":["Thunderclap+1","Juggernaut"],"picked":"Impervious","floor":42.0},{"not_picked":["Perfected Strike","Wild Strike","Hemokinesis+1"],"picked":"SKIP","floor":44.0},{"not_picked":["Pommel Strike+1","Perfected Strike+1"],"picked":"Burning Pact+1","floor":45.0},{"not_picked":["Blood for Blood","Metallicize"],"picked":"Sentinel","floor":47},{"not_picked":["Entrench","Sentinel","Twin Strike"],"picked":"SKIP","floor":55}],"player_experience":1540414,"relics_obtained":[{"floor":7.0,"key":"Ornamental Fan"},{"floor":9.0,"key":"Unceasing Top"},{"floor":14.0,"key":"Ginger"},{"floor":23.0,"key":"Lantern"},{"floor":25.0,"key":"Sundial"},{"floor":26.0,"key":"Letter Opener"},{"floor":27.0,"key":"Pen Nib"},{"floor":31.0,"key":"Strawberry"},{"floor":40.0,"key":"Bottled Lightning"},{"floor":42.0,"key":"Juzu Bracelet"},{"floor":45.0,"key":"Gambling Chip"},{"floor":47,"key":"Blood Vial"},{"floor":55,"key":"Happy Flower"}],"event_choices":[{"damage_healed":0.0,"max_hp_gain":0.0,"max_hp_loss":0.0,"gold_gain":71.0,"event_name":"Golden Wing","player_choice":"Gained Gold","floor":12.0,"gold_loss":0.0,"damage_taken":0.0},{"damage_healed":0.0,"max_hp_gain":0.0,"max_hp_loss":0.0,"gold_gain":0.0,"event_name":"Back to Basics","player_choice":"Simplicity","floor":21.0,"gold_loss":0.0,"damage_taken":0.0,"cards_upgraded":["Strike_R","Strike_R","Strike_R","Defend_R","Defend_R","Defend_R","Defend_R"]},{"damage_healed":0.0,"max_hp_gain":0.0,"max_hp_loss":38.0,"gold_gain":0.0,"event_name":"Ghosts","player_choice":"Became a Ghost","floor":30.0,"gold_loss":0.0,"damage_taken":0.0,"cards_obtained":["Ghostly","Ghostly","Ghostly"]},{"damage_healed":0.0,"max_hp_gain":0.0,"max_hp_loss":0.0,"gold_gain":0.0,"event_name":"Tomb of Lord Red Mask","player_choice":"Ignored","floor":36.0,"gold_loss":0.0,"damage_taken":0.0},{"damage_healed":0.0,"max_hp_gain":0.0,"max_hp_loss":0.0,"gold_gain":0.0,"event_name":"Upgrade Shrine","player_choice":"Upgraded","floor":37.0,"gold_loss":0.0,"damage_taken":0.0,"cards_upgraded":["Limit Break"]},{"damage_healed":0.0,"max_hp_gain":0.0,"max_hp_loss":0.0,"gold_gain":0.0,"event_name":"MindBloom","player_choice":"Fight","floor":45.0,"gold_loss":0.0,"damage_taken":0.0},{"damage_healed":0,"gold_gain":0,"player_choice":"Memory 1","damage_taken":0,"max_hp_gain":0,"max_hp_loss":0,"event_name":"SensoryStone","floor":48,"gold_loss":0}],"is_beta":false,"boss_relics":[{"not_picked":["Fusion Hammer","Velvet Choker"],"picked":"Runic Pyramid"},{"not_picked":["Orrery","Calling Bell"],"picked":"Cursed Key"}],"items_purged_floors":[5,13,46],"is_endless":false,"potions_floor_spawned":[2,10,14,20,23,25,27,35,40,45,47],"killed_by":"The Heart","ascension_level":20}