{"gold_per_floor":[114,114,114,134,134,163,178,178,178,178,208,208,222,63,63,63],"floor_reached":16,"playtime":3034,"items_purged":["Decay"],"score":216,"play_id":"18fa9e20-e9c9-4009-be27-cdfc1d120134","local_time":"20190815210731","is_ascension_mode":true,"campfire_choices":[{"data":"Darkness","floor":8,"key":"SMITH"},{"floor":10,"key":"REST"},{"data":"Zap","floor":15,"key":"SMITH"}],"neow_cost":"NONE","seed_source_timestamp":42236211120012,"circlet_count":0,"master_deck":["AscendersBane","Strike_B","Strike_B","Strike_B","Defend_B","Defend_B","Defend_B","Defend_B","Zap+1","Dualcast","Darkness+1","Streamline","Cold Snap","Rebound","Sunder","Doom and Gloom","Static Discharge+1"],"relics":["Cracked Core","Mercury Hourglass","Unceasing Top","Frozen Egg 2","Girya"],"potions_floor_usage":[0],"damage_taken":[{"damage":8,"enemies":"2 Louse","floor":1,"turns":3},{"damage":2,"enemies":"Jaw Worm","floor":4,"turns":4},{"damage":32,"enemies":"Lagavulin","floor":6,"turns":7},{"damage":6,"enemies":"Cultist","floor":7,"turns":4},{"damage":12,"enemies":"Gremlin Nob","floor":11,"turns":3},{"damage":6,"enemies":"Looter","floor":13,"turns":2},{"damage":0,"enemies":"The Guardian","floor":16,"turns":2}],"seed_played":"-8924388130568259109","potions_obtained":[{"floor":0,"key":"Fruit Juice"},{"floor":0,"key":"Weak Potion"},{"floor":0,"key":"SneckoOil"}],"is_trial":false,"path_per_floor":["M","?","?","M","?","E","M","R","T","R","E","?","M","$","R","B"],"character_chosen":"DEFECT","items_purchased":["Static Discharge+1"],"campfire_rested":1,"item_purchase_floors":[14],"current_hp_per_floor":[61,56,61,59,59,27,21,21,21,45,33,33,27,27,27,27],"gold":63,"neow_bonus":"THREE_SMALL_POTIONS","is_prod":false,"is_daily":false,"chose_seed":false,"campfire_upgraded":2,"win_rate":0,"timestamp":1565896051,"path_taken":["M","?","?","M","?","E","?","R","T","R","E","?","M","?","R","BOSS"],"build_version":"2019-07-17","purchased_purges":1,"victory":false,"max_hp_per_floor":[76,76,81,81,81,81,81,81,81,81,81,81,81,81,81,81],"card_choices":[{"not_picked":["Compile Driver","Auto Shields"],"picked":"Darkness","floor":1},{"not_picked":["Amplify","Steam"],"picked":"Streamline","floor":4},{"not_picked":["Streamline","Aggregate","Turbo"],"picked":"SKIP","floor":6},{"not_picked":["Go for the Eyes","Coolheaded"],"picked":"Cold Snap","floor":7},{"not_picked":["Blizzard","Leap"],"picked":"Rebound","floor":11},{"not_picked":["Storm+1","Chill"],"picked":"Doom and Gloom","floor":13}],"player_experience":1921450,"relics_obtained":[{"floor":6,"key":"Unceasing Top"},{"floor":9,"key":"Frozen Egg 2"},{"floor":11,"key":"Girya"}],"event_choices":[{"damage_healed":0,"gold_gain":0,"player_choice":"Success","damage_taken":5,"relics_obtained":["Mercury Hourglass"],"max_hp_gain":0,"max_hp_loss":0,"event_name":"Scrap Ooze","floor":2,"gold_loss":0},{"damage_healed":0,"gold_gain":0,"player_choice":"Donut","damage_taken":0,"max_hp_gain":5,"max_hp_loss":0,"event_name":"Big Fish","floor":3,"gold_loss":0},{"damage_healed":0,"gold_gain":0,"player_choice":"Cursed","damage_taken":0,"max_hp_gain":0,"max_hp_loss":0,"event_name":"Wheel of Change","floor":5,"gold_loss":0,"cards_obtained":["Decay"]},{"damage_healed":0,"gold_gain":0,"cards_transformed":["Strike_B"],"player_choice":"Transformed","damage_taken":0,"max_hp_gain":0,"max_hp_loss":0,"event_name":"Transmorgrifier","floor":12,"gold_loss":0,"cards_obtained":["Sunder"]}],"is_beta":false,"boss_relics":[],"items_purged_floors":[14],"is_endless":false,"potions_floor_spawned":[1,7],"killed_by":"The Guardian","ascension_level":20}