{"gold_per_floor":[364,196,196,208,218,252,252,281,331,331,351,351,363,390,390,464,464,476,119,119,130,146,205,216,131,156,156,174,191,191],"floor_reached":30,"playtime":1139,"items_purged":["Strike_R","Strike_R"],"score":644,"play_id":"d6cbf11a-8797-45c4-8b34-91e92286acab","local_time":"20190410231156","is_ascension_mode":true,"campfire_choices":[{"data":"Anger","floor":10,"key":"SMITH"},{"data":"Feel No Pain","floor":12,"key":"SMITH"},{"data":"Infernal Blade","floor":15,"key":"SMITH"}],"neow_cost":"TEN_PERCENT_HP_LOSS","seed_source_timestamp":46072689604898,"circlet_count":0,"master_deck":["AscendersBane","Strike_R+1","Strike_R+1","Strike_R","Defend_R","Defend_R","Defend_R","Defend_R","Bash+1","Anger+1","Feel No Pain+1","Iron Wave","Shrug It Off","Combust+1","Rampage","Infernal Blade+1","Battle Trance","Demon Form","Armaments","Inflame","Heavy Blade","True Grit","Inflame","Battle Trance"],"relics":["Burning Blood","Ornamental Fan","Lantern","Bag of Preparation","Shuriken","Sozu","Centennial Puzzle","Tiny Chest","Peace Pipe","Whetstone"],"potions_floor_usage":[6,23,30],"damage_taken":[{"damage":2,"enemies":"Cultist","floor":1,"turns":4},{"damage":1,"enemies":"Small Slimes","floor":4,"turns":4},{"damage":0,"enemies":"2 Louse","floor":5,"turns":4},{"damage":16,"enemies":"Lagavulin","floor":6,"turns":7},{"damage":24,"enemies":"Gremlin Nob","floor":8,"turns":4},{"damage":6,"enemies":"Exordium Wildlife","floor":11,"turns":2},{"damage":3,"enemies":"Exordium Thugs","floor":13,"turns":3},{"damage":12,"enemies":"3 Sentries","floor":14,"turns":7},{"damage":6,"enemies":"Slime Boss","floor":16,"turns":6},{"damage":10,"enemies":"Chosen","floor":18,"turns":5},{"damage":3,"enemies":"3 Byrds","floor":21,"turns":4},{"damage":21,"enemies":"Sentry and Sphere","floor":22,"turns":6},{"damage":32,"enemies":"Slavers","floor":23,"turns":5},{"damage":14,"enemies":"Snake Plant","floor":24,"turns":6},{"damage":1,"enemies":"Snecko","floor":28,"turns":4},{"damage":5,"enemies":"Centurion and Healer","floor":29,"turns":4},{"damage":21,"enemies":"Gremlin Leader","floor":30,"turns":6}],"seed_played":"-4039412884471739791","potions_obtained":[{"floor":1,"key":"Dexterity Potion"},{"floor":4,"key":"Weak Potion"},{"floor":8,"key":"Explosive Potion"}],"is_trial":false,"path_per_floor":["M","$","?","M","M","E","?","E","T","R","M","R","M","E","R","B",null,"M","$","?","M","M","E","M","?","T","$","M","M","E"],"character_chosen":"IRONCLAD","items_purchased":["Feel No Pain","Iron Wave","Inflame","Heavy Blade","Centennial Puzzle"],"campfire_rested":0,"item_purchase_floors":[2,2,19,19,19],"current_hp_per_floor":[68,68,68,68,68,58,58,40,40,40,40,40,43,37,37,37,60,56,56,56,59,44,18,10,10,10,10,15,16,0],"gold":191,"neow_bonus":"TWO_FIFTY_GOLD","is_prod":false,"is_daily":false,"chose_seed":false,"campfire_upgraded":3,"win_rate":0,"timestamp":1554930716,"path_taken":["M","$","?","M","M","E","?","E","T","R","M","R","?","E","R","BOSS","M","$","?","M","M","E","M","?","T","?","M","?","E"],"build_version":"2019-01-23","purchased_purges":2,"victory":false,"max_hp_per_floor":[68,68,68,68,68,68,68,68,68,68,68,68,68,68,68,68,68,68,68,68,68,68,68,68,68,68,68,68,68,68],"card_choices":[{"not_picked":["Pummel","Headbutt"],"picked":"Anger","floor":1},{"not_picked":["Warcry","Infernal Blade"],"picked":"Shrug It Off","floor":4},{"not_picked":["Heavy Blade","Pummel"],"picked":"Combust","floor":5},{"not_picked":["Reckless Charge","Clash"],"picked":"Rampage","floor":6},{"not_picked":["Heavy Blade","Thunderclap"],"picked":"Infernal Blade","floor":8},{"not_picked":["Wild Strike","Anger","Reckless Charge"],"picked":"SKIP","floor":11},{"not_picked":["True Grit","Anger","Pommel Strike"],"picked":"SKIP","floor":13},{"not_picked":["Wild Strike","Brutality"],"picked":"Battle Trance","floor":14},{"not_picked":["Bludgeon","Berserk"],"picked":"Demon Form","floor":16},{"not_picked":["Anger","Pommel Strike"],"picked":"Armaments","floor":18},{"not_picked":["Blood for Blood","Wild Strike"],"picked":"True Grit","floor":21},{"not_picked":["Pommel Strike","Combust","Reckless Charge"],"picked":"SKIP","floor":22},{"not_picked":["Armaments","Hemokinesis"],"picked":"Inflame","floor":23},{"not_picked":["Second Wind","Entrench"],"picked":"Battle Trance","floor":24},{"not_picked":["Clash","Armaments","Rupture"],"picked":"SKIP","floor":28},{"not_picked":["Clash","Armaments","Rupture"],"picked":"SKIP","floor":28},{"not_picked":["Battle Trance","Twin Strike","Clothesline+1"],"picked":"SKIP","floor":29}],"player_experience":1581042,"relics_obtained":[{"floor":6,"key":"Ornamental Fan"},{"floor":8,"key":"Lantern"},{"floor":9,"key":"Bag of Preparation"},{"floor":14,"key":"Shuriken"},{"floor":23,"key":"Tiny Chest"},{"floor":26,"key":"Whetstone"}],"event_choices":[{"damage_healed":0,"gold_gain":0,"player_choice":"Grow","damage_taken":0,"max_hp_gain":0,"max_hp_loss":0,"event_name":"Living Wall","floor":3,"gold_loss":0,"cards_upgraded":["Bash"]},{"damage_healed":0,"gold_gain":0,"player_choice":"Upgraded","damage_taken":0,"max_hp_gain":0,"max_hp_loss":0,"event_name":"Upgrade Shrine","floor":7,"gold_loss":0,"cards_upgraded":["Combust"]},{"damage_healed":0,"gold_gain":0,"player_choice":"Ignored","damage_taken":0,"max_hp_gain":0,"max_hp_loss":0,"event_name":"The Mausoleum","floor":20,"gold_loss":0},{"damage_healed":0,"gold_gain":0,"player_choice":"Obtained Relic","damage_taken":0,"relics_obtained":["Peace Pipe"],"max_hp_gain":0,"max_hp_loss":0,"event_name":"Addict","floor":25,"gold_loss":85}],"is_beta":false,"boss_relics":[{"not_picked":["Runic Cube","Empty Cage"],"picked":"Sozu"}],"items_purged_floors":[2,19],"is_endless":false,"potions_floor_spawned":[1,4,8,14,18,24,28],"killed_by":"Gremlin Leader","ascension_level":20}