{"gold_per_floor":[113,124,124,134,147,147,176,176,176,176,68,103,118,143,143,214,214,229,279,289,308,318,318,348,348,348,366,401,401,282,298,298,298],"floor_reached":33,"playtime":1091,"items_purged":["Strike_B"],"score":678,"play_id":"7ad9128c-9a0f-4a93-9c03-735ce335f6a3","local_time":"20181123225347","is_ascension_mode":true,"campfire_choices":[{"data":"Chill","floor":6,"key":"SMITH"},{"data":"Beam Cell","floor":8,"key":"SMITH"},{"data":"Hyperbeam","floor":10,"key":"SMITH"},{"data":"Fission","floor":15,"key":"SMITH"},{"data":"Hyperbeam","floor":23,"key":"SMITH"},{"floor":25,"key":"REST"},{"data":"Defragment","floor":32,"key":"SMITH"}],"neow_cost":"NONE","seed_source_timestamp":6974897476801,"circlet_count":0,"master_deck":["AscendersBane","Strike_B","Strike_B","Strike_B","Defend_B","Defend_B","Defend_B","Defend_B","Zap","Dualcast","Hyperbeam+1","Chill+1","Ball Lightning","Beam Cell+1","Reinforced Body","Melter","Fission+1","Fusion","Rebound","Core Surge","Defragment+1","Compile Driver","Coolheaded","Hyperbeam+1","Capacitor+1","Reboot","Static Discharge","White Noise"],"relics":["Cracked Core","Symbiotic Virus","Centennial Puzzle","Happy Flower","FossilizedHelix","Bag of Marbles","Philosopher\u0027s Stone","Singing Bowl","Mummified Hand","Sundial"],"potions_floor_usage":[12,16,16,22,24,28,28,33,33,33,33],"damage_taken":[{"damage":1,"enemies":"Cultist","floor":1,"turns":3},{"damage":7,"enemies":"Jaw Worm","floor":2,"turns":3},{"damage":4,"enemies":"Small Slimes","floor":4,"turns":2},{"damage":3,"enemies":"Blue Slaver","floor":5,"turns":3},{"damage":3,"enemies":"3 Sentries","floor":7,"turns":6},{"damage":5,"enemies":"Lagavulin","floor":12,"turns":5},{"damage":6,"enemies":"Exordium Thugs","floor":13,"turns":3},{"damage":0,"enemies":"3 Sentries","floor":14,"turns":2},{"damage":27,"enemies":"Hexaghost","floor":16,"turns":8},{"damage":0,"enemies":"Shell Parasite","floor":18,"turns":1},{"damage":0,"enemies":"Chosen","floor":20,"turns":2},{"damage":18,"enemies":"Snake Plant","floor":21,"turns":3},{"damage":0,"enemies":"Chosen and Byrds","floor":22,"turns":3},{"damage":32,"enemies":"Book of Stabbing","floor":24,"turns":3},{"damage":0,"enemies":"Sentry and Sphere","floor":27,"turns":2},{"damage":0,"enemies":"Slavers","floor":28,"turns":2},{"damage":0,"enemies":"Centurion and Healer","floor":31,"turns":3},{"damage":64,"enemies":"Collector","floor":33,"turns":5}],"seed_played":"4596598489422661697","potions_obtained":[{"floor":4,"key":"LiquidBronze"},{"floor":12,"key":"EntropicBrew"},{"floor":14,"key":"FearPotion"},{"floor":16,"key":"FocusPotion"},{"floor":24,"key":"AttackPotion"},{"floor":27,"key":"EntropicBrew"}],"is_trial":false,"path_per_floor":["M","M","T","M","M","R","E","R","T","R","$","E","M","E","R","B",null,"M","?","M","M","M","R","E","R","T","M","E","?","$","M","R","B"],"character_chosen":"DEFECT","items_purchased":["Fruit Juice","Static Discharge"],"campfire_rested":1,"item_purchase_floors":[11,30],"current_hp_per_floor":[63,56,56,52,49,49,46,46,46,46,46,46,40,40,40,13,60,60,60,60,42,42,42,10,32,32,34,34,50,50,50,50,0],"gold":298,"neow_bonus":"ONE_RANDOM_RARE_CARD","is_prod":false,"is_daily":false,"chose_seed":false,"campfire_upgraded":6,"win_rate":0,"timestamp":1543010027,"path_taken":["M","M","?","M","M","R","E","R","T","R","?","E","M","E","R","BOSS","M","?","M","?","M","R","E","R","T","M","E","?","$","M","R","BOSS"],"build_version":"2018-11-15","purchased_purges":1,"victory":false,"max_hp_per_floor":[71,71,71,71,71,71,71,71,71,71,71,76,76,76,76,76,76,76,76,76,76,76,76,76,76,76,78,78,78,78,78,78,78],"card_choices":[{"not_picked":["Hologram","Darkness"],"picked":"Chill","floor":1},{"not_picked":["Sweeping Beam","Turbo"],"picked":"Ball Lightning","floor":2},{"not_picked":["Stack","Leap"],"picked":"Beam Cell","floor":4},{"not_picked":["Coolheaded","Gash"],"picked":"Reinforced Body","floor":5},{"not_picked":["Fusion","Hello World"],"picked":"Melter","floor":7},{"not_picked":["Rebound","Redo"],"picked":"Fission","floor":12},{"not_picked":["Leap","Rip and Tear"],"picked":"Fusion","floor":13},{"not_picked":["Stack","Hello World"],"picked":"Rebound","floor":14},{"not_picked":["Machine Learning","Thunder Strike"],"picked":"Core Surge","floor":16},{"not_picked":["White Noise","BootSequence"],"picked":"Defragment","floor":18},{"not_picked":["Steam","Cold Snap"],"picked":"Compile Driver","floor":20},{"not_picked":["Stack","Compile Driver"],"picked":"Coolheaded","floor":21},{"not_picked":["Gash","Rebound"],"picked":"Hyperbeam","floor":22},{"not_picked":["Beam Cell","Rip and Tear+1"],"picked":"Capacitor+1","floor":24},{"not_picked":["Steam","BootSequence","Hologram"],"picked":"Singing Bowl","floor":27},{"not_picked":["Static Discharge","Steam"],"picked":"Reboot","floor":28},{"not_picked":["Rebound","Barrage"],"picked":"White Noise","floor":31}],"player_experience":876102,"relics_obtained":[{"floor":3,"key":"Symbiotic Virus"},{"floor":7,"key":"Centennial Puzzle"},{"floor":9,"key":"Happy Flower"},{"floor":12,"key":"FossilizedHelix"},{"floor":14,"key":"Bag of Marbles"},{"floor":24,"key":"Singing Bowl"},{"floor":26,"key":"Mummified Hand"},{"floor":28,"key":"Sundial"}],"event_choices":[{"damage_healed":0,"gold_gain":50,"player_choice":"Pray","damage_taken":0,"max_hp_gain":0,"max_hp_loss":0,"event_name":"Golden Shrine","floor":19,"gold_loss":0},{"damage_healed":16,"gold_gain":0,"player_choice":"Heal","damage_taken":0,"max_hp_gain":0,"max_hp_loss":0,"event_name":"The Library","floor":29,"gold_loss":0}],"is_beta":true,"boss_relics":[{"not_picked":["Ectoplasm","Pandora\u0027s Box"],"picked":"Philosopher\u0027s Stone"}],"items_purged_floors":[30],"is_endless":false,"potions_floor_spawned":[4,12,14,16,18,21,24,27],"killed_by":"Collector","ascension_level":18}