{"gold_per_floor":[15,28,42,61,61,61,77,77,77,77,18,18,30,49,49,126,126,136,136,146,157,175,175,201,201,224,224,244,244,244],"floor_reached":30,"playtime":1259,"items_purged":[],"score":439,"play_id":"3d3eb3b0-2e60-43bb-b99d-a033bbb974e6","local_time":"20181024095329","is_ascension_mode":true,"campfire_choices":[{"data":"Reinforced Body","floor":6,"key":"SMITH"},{"floor":8,"key":"REST"},{"data":"Mind Blast","floor":10,"key":"SMITH"},{"floor":15,"key":"REST"},{"floor":23,"key":"REST"},{"floor":25,"key":"REST"},{"data":"Sunder","floor":27,"key":"SMITH"},{"floor":29,"key":"REST"}],"neow_cost":"NO_GOLD","seed_source_timestamp":6085807921205,"circlet_count":0,"master_deck":["Strike_B","Strike_B","Strike_B","Strike_B","Defend_B+1","Defend_B","Defend_B","Defend_B","Zap","Dualcast+1","AscendersBane","Mind Blast+1","Finesse","Ball Lightning","Cold Snap","Barrage","Reinforced Body+1","Streamline","Rebound","Steam","Multi-Cast","Creative AI+1","Cold Snap","Conserve Battery","Sunder+1","Sweeping Beam","Clumsy","Amplify"],"relics":["Cracked Core","Sundial","Cursed Key","Mango","Happy Flower"],"potions_floor_usage":[14,20,21,24,28,30],"damage_taken":[{"damage":0,"enemies":"Small Slimes","floor":1,"turns":3},{"damage":9,"enemies":"2 Louse","floor":2,"turns":3},{"damage":1,"enemies":"Cultist","floor":3,"turns":3},{"damage":7,"enemies":"Blue Slaver","floor":4,"turns":3},{"damage":14,"enemies":"3 Louse","floor":7,"turns":4},{"damage":8,"enemies":"Looter","floor":13,"turns":3},{"damage":0,"enemies":"Exordium Wildlife","floor":14,"turns":3},{"damage":25,"enemies":"The Guardian","floor":16,"turns":14},{"damage":1,"enemies":"Spheric Guardian","floor":18,"turns":3},{"damage":0,"enemies":"2 Thieves","floor":20,"turns":5},{"damage":19,"enemies":"3 Cultists","floor":21,"turns":6},{"damage":12,"enemies":"Sentry and Sphere","floor":22,"turns":6},{"damage":43,"enemies":"Gremlin Leader","floor":24,"turns":9},{"damage":38,"enemies":"Snake Plant","floor":28,"turns":6},{"damage":58,"enemies":"Book of Stabbing","floor":30,"turns":5}],"seed_played":"-6096210348821664588","potions_obtained":[{"floor":2,"key":"PowerPotion"},{"floor":13,"key":"GamblersBrew"},{"floor":14,"key":"Strength Potion"},{"floor":16,"key":"Block Potion"},{"floor":21,"key":"SteroidPotion"},{"floor":22,"key":"GamblersBrew"},{"floor":24,"key":"FocusPotion"},{"floor":28,"key":"FairyPotion"}],"is_trial":false,"path_per_floor":["M","M","M","M","?","R","M","R","T","R","$","?","M","M","R","B",null,"M","?","M","M","M","R","E","R","T","R","M","R"],"character_chosen":"DEFECT","items_purchased":["Rebound"],"campfire_rested":5,"item_purchase_floors":[11],"current_hp_per_floor":[64,55,54,47,26,26,12,33,33,33,33,33,25,25,46,21,59,58,58,58,39,27,48,19,44,44,44,6,31,0],"gold":244,"neow_bonus":"RANDOM_COLORLESS_2","is_prod":false,"is_daily":false,"chose_seed":false,"campfire_upgraded":3,"win_rate":0,"timestamp":1540367609,"path_taken":["M","M","M","M","?","R","?","R","T","R","$","?","M","M","R","BOSS","M","?","M","M","M","R","E","R","T","R","M","R","E"],"build_version":"2018-10-23","purchased_purges":0,"victory":false,"max_hp_per_floor":[71,71,71,71,71,71,71,71,71,71,71,71,71,71,71,71,71,71,71,71,71,71,71,85,85,85,85,85,85,85],"card_choices":[{"not_picked":["Steam","Conserve Battery"],"picked":"Ball Lightning","floor":1},{"not_picked":["Leap","Turbo"],"picked":"Cold Snap","floor":2},{"not_picked":["Reprogram","Steam"],"picked":"Barrage","floor":3},{"not_picked":["Leap","Beam Cell"],"picked":"Reinforced Body","floor":4},{"not_picked":["Leap","Scrape"],"picked":"Streamline","floor":7},{"not_picked":["Blizzard","Aggregate"],"picked":"Steam","floor":13},{"not_picked":["Coolheaded","Recycle"],"picked":"Multi-Cast","floor":14},{"not_picked":["Amplify","Seek"],"picked":"Creative AI","floor":16},{"not_picked":["Beam Cell","Barrage"],"picked":"Cold Snap","floor":18},{"not_picked":["Auto Shields","Reinforced Body"],"picked":"Conserve Battery","floor":20},{"not_picked":["Lockon","Sweeping Beam+1"],"picked":"Sunder","floor":21},{"not_picked":["Gash","Beam Cell"],"picked":"Sweeping Beam","floor":22},{"not_picked":["Cold Snap","Leap","Conserve Battery"],"picked":"SKIP","floor":24},{"not_picked":["Conserve Battery","Fusion"],"picked":"Amplify","floor":28}],"player_experience":670657,"relics_obtained":[{"floor":9,"key":"Sundial"},{"floor":24,"key":"Mango"},{"floor":26,"key":"Happy Flower"}],"event_choices":[{"damage_healed":0,"gold_gain":0,"player_choice":"Entered Light","damage_taken":21,"max_hp_gain":0,"max_hp_loss":0,"event_name":"Shining Light","floor":5,"gold_loss":0,"cards_upgraded":["Defend_B","Dualcast"]},{"damage_healed":0,"gold_gain":0,"player_choice":"Leave","damage_taken":0,"max_hp_gain":0,"max_hp_loss":0,"event_name":"The Cleric","floor":12,"gold_loss":0},{"damage_healed":0,"gold_gain":0,"player_choice":"Forge","damage_taken":0,"max_hp_gain":0,"max_hp_loss":0,"event_name":"Accursed Blacksmith","floor":19,"gold_loss":0,"cards_upgraded":["Creative AI"]}],"is_beta":true,"boss_relics":[{"not_picked":["Velvet Choker","Lizard Tail"],"picked":"Cursed Key"}],"items_purged_floors":[],"is_endless":false,"potions_floor_spawned":[2,13,14,16,21,22,24,28],"killed_by":"Book of Stabbing","ascension_level":16}