{"gold_per_floor":[360,285,297,297,57,57,92,105,181,106,125,154,154,164,164,238,238,257,257,257,277,296,296,329,329,329,360,374,403,420,450,450,525,525,539,553,199,199,299,327,338,338,362,381,407,407,407,439,439,439],"floor_reached":50,"playtime":2401,"items_purged":["Strike_G","Strike_G"],"score":1611,"play_id":"10d57173-fbbe-484f-89f6-3b4137291d4f","local_time":"20190316185510","is_ascension_mode":true,"campfire_choices":[{"data":"Bouncing Flask","floor":6.0,"key":"SMITH"},{"data":"Catalyst","floor":13.0,"key":"SMITH"},{"data":"Burst","floor":15.0,"key":"SMITH"},{"floor":23.0,"key":"REST"},{"data":"Footwork","floor":25.0,"key":"SMITH"},{"floor":32.0,"key":"REST"},{"floor":42.0,"key":"REST"},{"data":"After Image","floor":47.0,"key":"SMITH"},{"floor":49.0,"key":"RECALL"}],"neow_cost":"TEN_PERCENT_HP_LOSS","seed_source_timestamp":0,"circlet_count":0,"master_deck":["AscendersBane","Defend_G","Defend_G","Defend_G+1","Defend_G","Defend_G","Survivor","Neutralize","Bouncing Flask+1","Poisoned Stab","Catalyst+1","Catalyst+1","PiercingWail","Leg Sweep","Escape Plan","Burst+1","Night Terror","Catalyst+1","Footwork+1","Concentrate","After Image+1","Prepared+1","PiercingWail+1","Bullet Time","Noxious Fumes","Backflip","Footwork","Backflip","Calculated Gamble"],"special_seed":0,"relics":["Ring of the Snake","War Paint","Boot","Kunai","Orichalcum","Runic Pyramid","Gremlin Horn","Pear","Pen Nib","Question Card","Centennial Puzzle","Empty Cage","Happy Flower","Omamori","Dream Catcher","Tough Bandages"],"potions_floor_usage":[],"damage_taken":[{"damage":0.0,"enemies":"2 Louse","floor":1.0,"turns":3.0},{"damage":5.0,"enemies":"Jaw Worm","floor":3.0,"turns":4.0},{"damage":14.0,"enemies":"Lagavulin","floor":7.0,"turns":4.0},{"damage":0.0,"enemies":"Cultist","floor":8.0,"turns":2.0},{"damage":1.0,"enemies":"Looter","floor":11.0,"turns":5.0},{"damage":0.0,"enemies":"Gremlin Nob","floor":12.0,"turns":2.0},{"damage":0.0,"enemies":"Blue Slaver","floor":14.0,"turns":4.0},{"damage":0.0,"enemies":"The Guardian","floor":16.0,"turns":4.0},{"damage":0.0,"enemies":"3 Byrds","floor":18.0,"turns":3.0},{"damage":0.0,"enemies":"Chosen","floor":21.0,"turns":3.0},{"damage":25.0,"enemies":"Sentry and Sphere","floor":22.0,"turns":6.0},{"damage":11.0,"enemies":"Book of Stabbing","floor":24.0,"turns":3.0},{"damage":12.0,"enemies":"Slavers","floor":27.0,"turns":7.0},{"damage":0.0,"enemies":"Snake Plant","floor":28.0,"turns":2.0},{"damage":0.0,"enemies":"Book of Stabbing","floor":29.0,"turns":1.0},{"damage":11.0,"enemies":"Centurion and Healer","floor":30.0,"turns":8.0},{"damage":19.0,"enemies":"Slavers","floor":31.0,"turns":8.0},{"damage":20.0,"enemies":"Champ","floor":33.0,"turns":4.0},{"damage":10.0,"enemies":"3 Darklings","floor":35.0,"turns":10.0},{"damage":20.0,"enemies":"Orb Walker","floor":36.0,"turns":5.0},{"damage":0.0,"enemies":"Mind Bloom Boss Battle","floor":39.0,"turns":3.0},{"damage":0.0,"enemies":"Nemesis","floor":40.0,"turns":3.0},{"damage":12.0,"enemies":"Transient","floor":41.0,"turns":6.0},{"damage":0.0,"enemies":"Maw","floor":44.0,"turns":4.0},{"damage":0.0,"enemies":"Giant Head","floor":45.0,"turns":3.0},{"damage":30.0,"enemies":"Reptomancer","floor":48.0,"turns":6.0},{"damage":13,"enemies":"Awakened One","floor":50,"turns":3}],"seed_played":"3245870728521267856","potions_obtained":[{"floor":1.0,"key":"Poison Potion"},{"floor":3.0,"key":"Ancient Potion"},{"floor":11.0,"key":"Energy Potion"},{"floor":31.0,"key":"Strength Potion"},{"floor":33.0,"key":"Fire Potion"},{"floor":35.0,"key":"PowerPotion"},{"floor":44.0,"key":"Energy Potion"}],"is_trial":false,"path_per_floor":["M","?","M","?","$","R","E","M","T","$","M","E","R","M","R","B",null,"M","?","?","M","M","R","E","R","T","E","M","E","M","E","R","B",null,"M","M","$","?","?","E","M","R","T","M","E","?","R","E","R","B"],"character_chosen":"THE_SILENT","items_purchased":["Catalyst","War Paint","Footwork","Happy Flower"],"campfire_rested":3,"item_purchase_floors":[5,5,37,37],"current_hp_per_floor":[59,59,54,59,59,59,45,45,45,45,44,44,44,44,44,44,60,60,60,60,60,35,54,43,43,53,41,41,41,30,11,33,13,60,50,30,30,30,30,30,18,40,40,40,40,40,40,10,10,0],"gold":439,"neow_bonus":"TWO_FIFTY_GOLD","is_prod":false,"is_daily":false,"chose_seed":false,"campfire_upgraded":5,"win_rate":0,"timestamp":1552758910,"path_taken":["M","?","M","?","$","R","E","M","T","?","M","E","R","M","R","BOSS","M","?","?","M","M","R","E","R","T","E","M","E","M","E","R","BOSS","M","?","$","?","?","E","M","R","T","M","E","?","R","E","R","BOSS"],"build_version":"2019-01-23","purchased_purges":2,"victory":false,"max_hp_per_floor":[60,60,60,65,65,65,65,65,65,65,65,65,65,65,65,65,65,65,65,65,65,65,65,65,65,75,75,75,75,75,75,75,75,75,75,75,75,75,75,75,75,75,75,75,75,75,75,75,75,75],"card_choices":[{"not_picked":["Concentrate","Flying Knee"],"picked":"Bouncing Flask","floor":1.0},{"not_picked":["All Out Attack","Cloak And Dagger"],"picked":"Poisoned Stab","floor":3.0},{"not_picked":["Heel Hook","Deadly Poison"],"picked":"Catalyst","floor":7.0},{"not_picked":["Infinite Blades","Flying Knee"],"picked":"PiercingWail","floor":8.0},{"not_picked":["Bane","Dodge and Roll"],"picked":"Leg Sweep","floor":11.0},{"not_picked":["Quick Slash","Blur"],"picked":"Escape Plan","floor":12.0},{"not_picked":["Outmaneuver","Distraction"],"picked":"Burst","floor":14.0},{"not_picked":["Unload","Grand Finale"],"picked":"Night Terror","floor":16.0},{"not_picked":["Riddle With Holes","Terror","Acrobatics"],"picked":"SKIP","floor":18.0},{"not_picked":["Quick Slash","Dagger Spray"],"picked":"Footwork","floor":21.0},{"not_picked":["Sucker Punch","Dagger Throw","Eviscerate"],"picked":"SKIP","floor":22.0},{"not_picked":["Flechettes","Skewer"],"picked":"Concentrate","floor":24.0},{"not_picked":["Heel Hook","Acrobatics"],"picked":"After Image","floor":27.0},{"not_picked":["Infinite Blades","Sucker Punch","Dagger Spray"],"picked":"SKIP","floor":28.0},{"not_picked":["Leg Sweep","Bouncing Flask"],"picked":"Prepared+1","floor":29.0},{"not_picked":["Cloak And Dagger","Tactician","Deflect+1"],"picked":"PiercingWail+1","floor":30.0},{"not_picked":["Dash","Doppelganger","Choke","Terror"],"picked":"SKIP","floor":31.0},{"not_picked":["Unload","Corpse Explosion","Glass Knife"],"picked":"Bullet Time","floor":33.0},{"not_picked":["Blur","Blade Dance","Setup"],"picked":"Noxious Fumes","floor":35.0},{"not_picked":["Catalyst","Dagger Spray","Terror"],"picked":"Backflip","floor":36.0},{"not_picked":["Expertise","Deadly Poison","Setup"],"picked":"Backflip","floor":39.0},{"not_picked":["Distraction","Cloak And Dagger","Sucker Punch+1","Flying Knee+1"],"picked":"SKIP","floor":40.0},{"not_picked":["Terror","Blur","Choke+1"],"picked":"Calculated Gamble","floor":41.0},{"not_picked":["Grand Finale","Leg Sweep","Flying Knee","Dash+1"],"picked":"SKIP","floor":44.0},{"not_picked":["Grand Finale","Leg Sweep","Flying Knee","Dash+1"],"picked":"SKIP","floor":44.0},{"not_picked":["Blade Dance","Outmaneuver","PiercingWail","Well Laid Plans"],"picked":"SKIP","floor":45.0},{"not_picked":["Backstab+1","Slice","Bane","Deflect+1"],"picked":"SKIP","floor":48.0}],"player_experience":1420716,"relics_obtained":[{"floor":7.0,"key":"Boot"},{"floor":9.0,"key":"Kunai"},{"floor":12.0,"key":"Orichalcum"},{"floor":24.0,"key":"Gremlin Horn"},{"floor":26.0,"key":"Pear"},{"floor":27.0,"key":"Pen Nib"},{"floor":29.0,"key":"Question Card"},{"floor":31.0,"key":"Centennial Puzzle"},{"floor":40.0,"key":"Omamori"},{"floor":45.0,"key":"Dream Catcher"},{"floor":48.0,"key":"Tough Bandages"}],"event_choices":[{"cards_removed":["Strike_G"],"damage_healed":0.0,"max_hp_gain":0.0,"max_hp_loss":0.0,"gold_gain":0.0,"event_name":"The Cleric","player_choice":"Card Removal","floor":2.0,"gold_loss":75.0,"damage_taken":0.0},{"damage_healed":0.0,"max_hp_gain":5.0,"max_hp_loss":0.0,"gold_gain":0.0,"event_name":"Big Fish","player_choice":"Donut","floor":4.0,"gold_loss":0.0,"damage_taken":0.0},{"damage_healed":0.0,"max_hp_gain":0.0,"max_hp_loss":0.0,"gold_gain":0.0,"event_name":"Ghosts","player_choice":"Ignored","floor":19.0,"gold_loss":0.0,"damage_taken":0.0},{"damage_healed":0.0,"max_hp_gain":0.0,"max_hp_loss":0.0,"gold_gain":0.0,"event_name":"Duplicator","player_choice":"Copied","floor":20.0,"gold_loss":0.0,"damage_taken":0.0,"cards_obtained":["Catalyst"]},{"damage_healed":0.0,"max_hp_gain":0.0,"max_hp_loss":0.0,"gold_gain":0.0,"event_name":"The Moai Head","player_choice":"Ignored","floor":38.0,"gold_loss":0.0,"damage_taken":0.0},{"damage_healed":0.0,"max_hp_gain":0.0,"max_hp_loss":0.0,"gold_gain":0.0,"event_name":"MindBloom","player_choice":"Fight","floor":39.0,"gold_loss":0.0,"damage_taken":0.0},{"damage_healed":0.0,"max_hp_gain":0.0,"max_hp_loss":0.0,"gold_gain":0.0,"event_name":"FaceTrader","player_choice":"Leave","floor":46.0,"gold_loss":0.0,"damage_taken":0.0}],"is_beta":false,"boss_relics":[{"not_picked":["Astrolabe","WristBlade"],"picked":"Runic Pyramid"},{"not_picked":["Snecko Eye","Velvet Choker"],"picked":"Empty Cage"}],"items_purged_floors":[10,37],"is_endless":false,"potions_floor_spawned":[1,3,11,16,21,22,24,31,33,35,40,44,45],"killed_by":"Awakened One","ascension_level":20}