{"gold_per_floor":[115,80,146,159,159,159,488,488,488,518,66,66],"floor_reached":12,"playtime":323,"items_purged":[],"score":160,"play_id":"fd83997e-819b-4332-8433-ec74a4749e8f","local_time":"20181120094236","is_ascension_mode":true,"campfire_choices":[{"data":"Zap","floor":6,"key":"SMITH"},{"data":"Dualcast","floor":8,"key":"SMITH"}],"neow_cost":"NONE","seed_source_timestamp":6102134242759,"circlet_count":0,"master_deck":["AscendersBane","Strike_B","Strike_B","Strike_B","Strike_B","Defend_B","Defend_B","Defend_B","Defend_B","Zap+1","Dualcast+1","Core Surge","Rip and Tear","Reinforced Body+1","Recycle","Undo","Coolheaded","FTL"],"relics":["Cracked Core","Old Coin","Happy Flower","Ice Cream","Thread and Needle"],"potions_floor_usage":[10],"damage_taken":[{"damage":3,"enemies":"Small Slimes","floor":1,"turns":2},{"damage":1,"enemies":"2 Louse","floor":4,"turns":3},{"damage":32,"enemies":"3 Sentries","floor":7,"turns":9},{"damage":31,"enemies":"Gremlin Nob","floor":10,"turns":4},{"damage":16,"enemies":"3 Sentries","floor":12,"turns":2}],"seed_played":"1100200699866135871","potions_obtained":[{"floor":1,"key":"Poison Potion"}],"is_trial":false,"path_per_floor":["M","?","?","M","?","R","E","R","T","E","$","E"],"character_chosen":"DEFECT","items_purchased":["Coolheaded","FTL","Thread and Needle"],"campfire_rested":0,"item_purchase_floors":[11,11,11],"current_hp_per_floor":[61,71,71,70,70,70,38,38,38,7,7,0],"gold":66,"neow_bonus":"ONE_RANDOM_RARE_CARD","is_prod":false,"is_daily":false,"chose_seed":false,"campfire_upgraded":2,"win_rate":0,"timestamp":1542703356,"path_taken":["M","?","?","M","?","R","E","R","T","E","$","E"],"build_version":"2018-11-15","purchased_purges":0,"victory":false,"max_hp_per_floor":[71,71,71,71,71,71,71,71,71,71,71,71],"card_choices":[{"not_picked":["Hello World","Rebound"],"picked":"Rip and Tear","floor":1},{"not_picked":["Ball Lightning","Conserve Battery"],"picked":"Reinforced Body","floor":4},{"not_picked":["Auto Shields","Coolheaded"],"picked":"Recycle","floor":7},{"not_picked":["Loop","Genetic Algorithm"],"picked":"Undo","floor":10}],"player_experience":838938,"relics_obtained":[{"floor":7,"key":"Old Coin"},{"floor":9,"key":"Happy Flower"},{"floor":10,"key":"Ice Cream"}],"event_choices":[{"damage_healed":17,"gold_gain":0,"player_choice":"Healed","damage_taken":0,"max_hp_gain":0,"max_hp_loss":0,"event_name":"The Cleric","floor":2,"gold_loss":35},{"damage_healed":0,"gold_gain":66,"player_choice":"Gained Gold","damage_taken":0,"max_hp_gain":0,"max_hp_loss":0,"event_name":"Golden Wing","floor":3,"gold_loss":0},{"damage_healed":0,"gold_gain":0,"player_choice":"Grow","damage_taken":0,"max_hp_gain":0,"max_hp_loss":0,"event_name":"Living Wall","floor":5,"gold_loss":0,"cards_upgraded":["Reinforced Body"]}],"is_beta":true,"boss_relics":[],"items_purged_floors":[],"is_endless":false,"potions_floor_spawned":[1],"killed_by":"3 Sentries","ascension_level":18}