{"gold_per_floor":[116,132,132,207,226,226,555,555,555,555,573,585,610,19,19,118,118,130,130,145,145,165,165,185,204,227,262,262,297,297,313,313,313],"floor_reached":33,"playtime":3744,"items_purged":[],"score":471,"play_id":"5d7a0a3e-4af9-45bd-adcf-b3aea03031f7","local_time":"20180716181805","is_ascension_mode":true,"campfire_choices":[{"data":"Zap","floor":6.0,"key":"SMITH"},{"floor":10.0,"key":"REST"},{"data":"Dualcast","floor":15.0,"key":"SMITH"},{"data":"Creative AI","floor":23,"key":"SMITH"},{"floor":28,"key":"REST"},{"floor":30,"key":"REST"},{"floor":32,"key":"REST"}],"neow_cost":"NONE","seed_source_timestamp":0,"circlet_count":0,"master_deck":["Strike_B","Strike_B","Strike_B+1","Strike_B","Defend_B+1","Defend_B","Defend_B","Zap+1","Dualcast+1","AscendersBane","Glacier","Auto Shields","BootSequence","Conserve Battery","Steam","Beam Cell","Self Repair","Creative AI+1","Turbo+1","Beam Cell","FTL+1","Storm","Cold Snap","Go for the Eyes","Thunder Strike","Double Energy"],"special_seed":0,"relics":["Cracked Core","Art of War","Old Coin","Shuriken","Pear","Lee\u0027s Waffle","Torii","Sozu","Emotion Chip","Strawberry","Du-Vu Doll","Bronze Scales"],"potions_floor_usage":[33],"damage_taken":[{"damage":9.0,"enemies":"Small Slimes","floor":1.0,"turns":3.0},{"damage":3.0,"enemies":"2 Louse","floor":2.0,"turns":3.0},{"damage":2.0,"enemies":"Jaw Worm","floor":5.0,"turns":5.0},{"damage":11.0,"enemies":"Lagavulin","floor":7.0,"turns":9.0},{"damage":0.0,"enemies":"2 Fungi Beasts","floor":11.0,"turns":4.0},{"damage":2.0,"enemies":"Lots of Slimes","floor":12.0,"turns":5.0},{"damage":7.0,"enemies":"Gremlin Nob","floor":13.0,"turns":4.0},{"damage":19.0,"enemies":"The Guardian","floor":16.0,"turns":16.0},{"damage":8.0,"enemies":"Chosen","floor":18.0,"turns":10.0},{"damage":15.0,"enemies":"Spheric Guardian","floor":20.0,"turns":37.0},{"damage":17,"enemies":"3 Cultists","floor":22,"turns":7},{"damage":9,"enemies":"Centurion and Healer","floor":24,"turns":9},{"damage":18,"enemies":"Cultist and Chosen","floor":25,"turns":6},{"damage":37,"enemies":"Book of Stabbing","floor":27,"turns":5},{"damage":50,"enemies":"Gremlin Leader","floor":29,"turns":8},{"damage":29,"enemies":"3 Cultists","floor":31,"turns":6},{"damage":71,"enemies":"Collector","floor":33,"turns":6}],"seed_played":"813962647381281198","potions_obtained":[{"floor":1.0,"key":"Block Potion"},{"floor":5.0,"key":"GamblersBrew"},{"floor":12.0,"key":"FocusPotion"},{"floor":13.0,"key":"Explosive Potion"},{"floor":16.0,"key":"Energy Potion"}],"is_trial":false,"path_per_floor":["M","M","?","?","M","R","E","?","T","R","M","M","E","$","R","B",null,"M","?","M","?","M","R","M","M","T","E","R","E","R","M","R"],"character_chosen":"DEFECT","items_purchased":["Self Repair","Lee\u0027s Waffle","Torii"],"campfire_rested":4,"item_purchase_floors":[14,14,14],"current_hp_per_floor":[59,56,49,38,36,36,25,10,10,32,32,30,33,92,92,80,89,88,88,80,80,70,70,68,57,64,34,63,20,49,27,56,0],"gold":313,"neow_bonus":"RANDOM_COMMON_RELIC","is_prod":false,"is_daily":false,"chose_seed":false,"campfire_upgraded":3,"win_rate":0,"timestamp":1531757885,"path_taken":["M","M","?","?","M","R","E","?","T","R","M","M","E","$","R","BOSS","M","?","M","?","M","R","?","M","T","E","R","E","R","?","R","BOSS"],"build_version":"2018-07-13","purchased_purges":0,"victory":false,"max_hp_per_floor":[75,75,75,75,75,75,75,75,75,75,75,75,85,92,92,92,92,92,92,92,92,92,92,92,92,99,99,99,99,99,99,99,99],"card_choices":[{"not_picked":["Tempest","Reprogram"],"picked":"Glacier","floor":1.0},{"not_picked":["Reinforced Body","Sweeping Beam"],"picked":"Auto Shields","floor":2.0},{"not_picked":["Cold Snap","Go for the Eyes"],"picked":"BootSequence","floor":5.0},{"not_picked":["Auto Shields","Skim"],"picked":"Conserve Battery","floor":7.0},{"not_picked":["Reprogram","Steam Power"],"picked":"Steam","floor":11.0},{"not_picked":["Reinforced Body","Lockon"],"picked":"Beam Cell","floor":12.0},{"not_picked":["Coolheaded","Rebound","Force Field"],"picked":"SKIP","floor":13.0},{"not_picked":["Thunder Strike","Biased Cognition"],"picked":"Creative AI","floor":16.0},{"not_picked":["Beam Cell","Streamline"],"picked":"Turbo+1","floor":18.0},{"not_picked":["Reprogram+1","Auto Shields"],"picked":"Beam Cell","floor":20},{"not_picked":["Redo","Fusion"],"picked":"FTL+1","floor":22},{"not_picked":["Coolheaded+1","Skim"],"picked":"Storm","floor":24},{"not_picked":["Beam Cell","Ball Lightning"],"picked":"Cold Snap","floor":25},{"not_picked":["Streamline+1","Rebound"],"picked":"Go for the Eyes","floor":27},{"not_picked":["Leap","Conserve Battery"],"picked":"Thunder Strike","floor":29},{"not_picked":["Ball Lightning+1","Steam Power"],"picked":"Double Energy","floor":31}],"player_experience":377098,"relics_obtained":[{"floor":7.0,"key":"Old Coin"},{"floor":9.0,"key":"Shuriken"},{"floor":13.0,"key":"Pear"},{"floor":26,"key":"Strawberry"},{"floor":27,"key":"Du-Vu Doll"},{"floor":29,"key":"Bronze Scales"}],"event_choices":[{"event_name":"Golden Wing","player_choice":"Card Removal","floor":3.0,"damage_taken":0.0},{"event_name":"World of Goop","player_choice":"Gather Gold","floor":4.0,"damage_taken":0.0},{"event_name":"Shining Light","player_choice":"Entered Light","floor":8.0,"damage_taken":0.0},{"event_name":"Vampires","player_choice":"Ignored","floor":19.0,"damage_taken":0.0},{"event_name":"The Mausoleum","player_choice":"Yes","floor":21,"damage_taken":0}],"boss_relics":[{"not_picked":["Astrolabe","Pandora\u0027s Box"],"picked":"Sozu"}],"items_purged_floors":[],"is_endless":false,"potions_floor_spawned":[1,5,12,13,16,20,24,31],"killed_by":"Collector","ascension_level":10}