{"gold_per_floor":[112,112,87,87,12,12,37,76,121,152,176,176],"floor_reached":12,"playtime":365,"items_purged":[],"score":163,"play_id":"a53647f9-10b6-40b9-ad94-3e9c24dcec44","local_time":"20181122195545","is_ascension_mode":true,"campfire_choices":[{"data":"Streamline","floor":6,"key":"SMITH"}],"neow_cost":"NONE","seed_source_timestamp":35139185429679,"circlet_count":0,"master_deck":["AscendersBane","Strike_B","Strike_B+1","Strike_B+1","Defend_B","Defend_B","Defend_B","Defend_B","Zap+1","Dualcast","Capacitor","Streamline+1","Rebound","Electrodynamics","Beam Cell","Steam Power"],"relics":["Cracked Core","Golden Idol","Whetstone","Vajra","Smiling Mask"],"potions_floor_usage":[12],"damage_taken":[{"damage":2,"enemies":"Jaw Worm","floor":1,"turns":3},{"damage":1,"enemies":"Cultist","floor":7,"turns":3},{"damage":32,"enemies":"Gremlin Nob","floor":8,"turns":4},{"damage":20,"enemies":"3 Sentries","floor":10,"turns":4},{"damage":4,"enemies":"Small Slimes","floor":11,"turns":3},{"damage":30,"enemies":"Lagavulin","floor":12,"turns":4}],"seed_played":"1708291672801681175","potions_obtained":[{"floor":7,"key":"Ancient Potion"},{"floor":11,"key":"PowerPotion"}],"is_trial":false,"path_per_floor":["M","?","$","?","?","R","M","E","T","E","M","E"],"character_chosen":"DEFECT","items_purchased":["Streamline"],"campfire_rested":0,"item_purchase_floors":[3],"current_hp_per_floor":[69,69,69,69,69,69,68,36,36,16,12,0],"gold":176,"neow_bonus":"TEN_PERCENT_HP_BONUS","is_prod":false,"is_daily":false,"chose_seed":false,"campfire_upgraded":1,"win_rate":0,"timestamp":1542912945,"path_taken":["M","?","?","?","?","R","M","E","T","E","M","E"],"build_version":"2018-11-15","purchased_purges":0,"victory":false,"max_hp_per_floor":[78,78,78,71,71,71,71,71,71,71,71,71],"card_choices":[{"not_picked":["Go for the Eyes","Turbo"],"picked":"Capacitor","floor":1},{"not_picked":["Stack","Force Field"],"picked":"Rebound","floor":7},{"not_picked":["Hyperbeam","Static Discharge"],"picked":"Electrodynamics","floor":8},{"not_picked":["Aggregate","Recycle"],"picked":"Beam Cell","floor":10},{"not_picked":["Melter","Double Energy"],"picked":"Steam Power","floor":11}],"player_experience":866420,"relics_obtained":[{"floor":8,"key":"Whetstone"},{"floor":9,"key":"Vajra"},{"floor":10,"key":"Smiling Mask"}],"event_choices":[{"damage_healed":0,"gold_gain":0,"player_choice":"Forge","damage_taken":0,"max_hp_gain":0,"max_hp_loss":0,"event_name":"Accursed Blacksmith","floor":2,"gold_loss":0,"cards_upgraded":["Zap"]},{"damage_healed":0,"gold_gain":0,"player_choice":"Lose Max HP","damage_taken":0,"relics_obtained":["Golden Idol"],"max_hp_gain":0,"max_hp_loss":7,"event_name":"Golden Idol","floor":4,"gold_loss":0},{"cards_removed":["Strike_B"],"damage_healed":0,"gold_gain":0,"player_choice":"Card Removal","damage_taken":0,"max_hp_gain":0,"max_hp_loss":0,"event_name":"The Cleric","floor":5,"gold_loss":75}],"is_beta":true,"boss_relics":[],"items_purged_floors":[],"is_endless":false,"potions_floor_spawned":[7,11],"killed_by":"Lagavulin","ascension_level":18}