{"path_per_floor":["M","M","?","M","M","R","E","R","T","R","M","R","E","$","R","B",null,"M","?","?","$","M"],"character_chosen":"DEFECT","items_purchased":["Leap","White Noise","Art of War"],"gold_per_floor":[116,130,130,150,160,160,193,193,193,193,207,207,232,128,128,225,225,243,213,213,67,86,86],"floor_reached":23,"campfire_rested":2,"playtime":835,"item_purchase_floors":[14,14,21],"current_hp_per_floor":[64,63,56,54,39,39,20,42,42,42,42,42,39,39,63,45,82,45,45,29,29,22,0],"items_purged":[],"gold":86,"score":229,"play_id":"3fd84901-31ee-41b9-9149-928964cd8f08","local_time":"20180602233653","is_prod":false,"is_daily":false,"chose_seed":false,"is_ascension_mode":true,"campfire_upgraded":3,"win_rate":0,"timestamp":1527975413,"campfire_choices":[{"data":"Zap","floor":6,"key":"SMITH"},{"floor":8,"key":"REST"},{"data":"Fusion","floor":10,"key":"SMITH"},{"data":"Dualcast","floor":12,"key":"SMITH"},{"floor":15,"key":"REST"}],"path_taken":["M","M","?","?","M","R","E","R","T","R","M","R","E","$","R","BOSS","M","?","?","$","M","E"],"build_version":"2018-05-30v2","seed_source_timestamp":54818225262542,"purchased_purges":0,"victory":false,"master_deck":["Strike_B","Strike_B","Strike_B","Strike_B","Defend_B","Defend_B","Defend_B","Defend_B","Zap+1","Dualcast+1","Rip and Tear","Lockon","Fusion+1","Steam","Amplify","Capacitor","Compile Driver","Leap","White Noise","Multi-Cast","Barrage","Necronomicurse","Barrage+1"],"max_hp_per_floor":[75,75,75,75,75,75,75,75,75,75,75,75,82,82,82,82,82,82,82,82,82,82,82],"relics":["Cracked Core","Symbiotic Virus","Orichalcum","Shuriken","Strawberry","Runic Dome","Necronomicon","Art of War"],"card_choices":[{"not_picked":["Beam Cell","Blizzard"],"picked":"Rip and Tear","floor":1},{"not_picked":["Blizzard","Heatsinks"],"picked":"Lockon","floor":2},{"not_picked":["Hologram","Sweeping Beam"],"picked":"Fusion","floor":4},{"not_picked":["Force Field","Fusion"],"picked":"Steam","floor":5},{"not_picked":["Rebound","Fusion"],"picked":"Amplify","floor":7},{"not_picked":["Turbo","Barrage"],"picked":"Capacitor","floor":11},{"not_picked":["Hologram","Streamline"],"picked":"Compile Driver","floor":13},{"not_picked":["Seek","Buffer"],"picked":"Multi-Cast","floor":16},{"not_picked":["Beam Cell","Melter"],"picked":"Barrage","floor":18},{"not_picked":["Compile Driver+1","Sweeping Beam"],"picked":"Barrage+1","floor":22}],"player_experience":267497,"potions_floor_usage":[11,13,13,22,22],"damage_taken":[{"damage":11,"enemies":"Small Slimes","floor":1,"turns":3},{"damage":1,"enemies":"Cultist","floor":2,"turns":3},{"damage":2,"enemies":"Jaw Worm","floor":4,"turns":3},{"damage":15,"enemies":"Gremlin Gang","floor":5,"turns":4},{"damage":19,"enemies":"Lagavulin","floor":7,"turns":6},{"damage":0,"enemies":"Lots of Slimes","floor":11,"turns":2},{"damage":10,"enemies":"Gremlin Nob","floor":13,"turns":3},{"damage":18,"enemies":"The Guardian","floor":16,"turns":9},{"damage":37,"enemies":"3 Byrds","floor":18,"turns":5},{"damage":7,"enemies":"Chosen","floor":22,"turns":4},{"damage":39,"enemies":"Slavers","floor":23,"turns":3}],"relics_obtained":[{"floor":7,"key":"Orichalcum"},{"floor":9,"key":"Shuriken"},{"floor":13,"key":"Strawberry"},{"floor":20,"key":"Necronomicon"}],"event_choices":[{"event_name":"Scrap Ooze","player_choice":"success","floor":3,"damage_taken":7},{"event_name":"The Woman in Blue","player_choice":"Bought 2 Potions","floor":19,"damage_taken":0},{"event_name":"Cursed Tome","player_choice":"Obtained Book","floor":20,"damage_taken":0}],"boss_relics":[{"not_picked":["Runic Pyramid","Astrolabe"],"picked":"Runic Dome"}],"items_purged_floors":[],"potions_floor_spawned":[4,7,11,16],"seed_played":"-6896498997518121438","killed_by":"Slavers","ascension_level":3,"potions_obtained":[{"floor":4,"key":"LiquidBronze"},{"floor":7,"key":"Explosive Potion"},{"floor":11,"key":"Strength Potion"},{"floor":16,"key":"FairyPotion"},{"floor":19,"key":"PowerPotion"},{"floor":19,"key":"SkillPotion"}],"is_trial":false}