{"gold_per_floor":[110,121,136,136,211,211,240,259,259,293,304,314,314,334,334,438,438,448,231,231,251,351,351,377,377,402,402,402,86,86,106,106,208,208,226,226,326,339,41,41,76,76,76,107,107,9,28,40,40,40],"floor_reached":51,"playtime":2208,"items_purged":[],"score":1137,"play_id":"8408912d-c537-40da-8f22-6624391741f0","local_time":"20180916164243","is_ascension_mode":true,"campfire_choices":[{"data":"Bash","floor":6,"key":"SMITH"},{"data":"Feed","floor":13,"key":"SMITH"},{"data":"Uppercut","floor":15,"key":"SMITH"},{"data":"RitualDagger","floor":23,"key":"SMITH"},{"data":"Metallicize","floor":25,"key":"SMITH"},{"data":"Clothesline","floor":27,"key":"SMITH"},{"data":"Pommel Strike","floor":32,"key":"SMITH"},{"data":"Double Tap","floor":40,"key":"SMITH"},{"floor":42,"key":"REST"},{"data":"Madness","floor":45,"key":"SMITH"},{"data":"Madness","floor":49,"key":"SMITH"}],"neow_cost":"TEN_PERCENT_HP_LOSS","seed_source_timestamp":24232151838055,"circlet_count":0,"master_deck":["Strike_R","Strike_R","Strike_R","Strike_R","Strike_R","Defend_R","Defend_R","Defend_R+1","Defend_R","Bash+1","AscendersBane","Reaper","Perfected Strike+1","Clothesline+1","Warcry+1","Shrug It Off","Pommel Strike","Feed+1","Shrug It Off","Metallicize+1","Uppercut+1","Impervious","Perfected Strike+1","Pommel Strike+1","RitualDagger+1","Iron Wave+1","Pommel Strike+1","Double Tap+1","Madness+1","Madness+1","Metallicize","Metallicize+1","Havoc+1","Wild Strike+1"],"relics":["Black Blood","Mercury Hourglass","Pear","Orichalcum","Mark of Pain","Membership Card","Ancient Tea Set","PreservedInsect","War Paint","Oddly Smooth Stone","Pocketwatch","Strange Spoon","Tiny Chest","ClockworkSouvenir","Thread and Needle","Self Forming Clay","Bottled Lightning","Bag of Preparation","Lee\u0027s Waffle"],"potions_floor_usage":[33,38,50,50,50],"damage_taken":[{"damage":7,"enemies":"Small Slimes","floor":1,"turns":4},{"damage":1,"enemies":"Cultist","floor":2,"turns":3},{"damage":9,"enemies":"2 Louse","floor":3,"turns":3},{"damage":35,"enemies":"Lagavulin","floor":7,"turns":6},{"damage":2,"enemies":"Large Slime","floor":8,"turns":6},{"damage":34,"enemies":"3 Sentries","floor":10,"turns":6},{"damage":13,"enemies":"Exordium Wildlife","floor":11,"turns":4},{"damage":0,"enemies":"Exordium Thugs","floor":12,"turns":4},{"damage":7,"enemies":"Blue Slaver","floor":14,"turns":3},{"damage":28,"enemies":"The Guardian","floor":16,"turns":13},{"damage":4,"enemies":"Chosen","floor":18,"turns":4},{"damage":5,"enemies":"2 Thieves","floor":21,"turns":2},{"damage":22,"enemies":"Book of Stabbing","floor":24,"turns":3},{"damage":0,"enemies":"Snecko","floor":31,"turns":3},{"damage":40,"enemies":"Collector","floor":33,"turns":9},{"damage":13,"enemies":"3 Shapes","floor":35,"turns":3},{"damage":27,"enemies":"3 Darklings","floor":38,"turns":5},{"damage":60,"enemies":"Giant Head","floor":41,"turns":8},{"damage":0,"enemies":"2 Orb Walkers","floor":44,"turns":2},{"damage":8,"enemies":"Sphere and 2 Shapes","floor":47,"turns":2},{"damage":8,"enemies":"Reptomancer","floor":48,"turns":2},{"damage":81,"enemies":"Time Eater","floor":50,"turns":10}],"seed_played":"-763053545254022868","potions_obtained":[{"floor":1,"key":"Regen Potion"},{"floor":7,"key":"Ancient Potion"},{"floor":10,"key":"FearPotion"},{"floor":24,"key":"AttackPotion"},{"floor":35,"key":"AttackPotion"},{"floor":44,"key":"Swift Potion"}],"is_trial":false,"path_per_floor":["M","M","M","?","?","R","E","M","T","E","M","M","R","M","R","B",null,"M","$","?","M","?","R","E","R","T","R","T","$","?","M","R","B",null,"M","?","?","M","$","R","E","R","T","E","R","$","M","M","R","B"],"character_chosen":"IRONCLAD","items_purchased":["Pommel Strike","Membership Card","Oddly Smooth Stone","Pocketwatch","Strange Spoon","Tiny Chest","ClockworkSouvenir","Thread and Needle","Lee\u0027s Waffle"],"campfire_rested":1,"item_purchase_floors":[19,19,29,29,29,39,39,39,46],"current_hp_per_floor":[71,72,72,72,61,61,32,42,52,36,36,49,49,48,48,34,78,88,88,82,87,87,87,71,71,71,71,71,71,71,77,77,43,86,83,70,70,58,58,58,13,43,43,53,53,107,107,107,107,51],"gold":40,"neow_bonus":"THREE_RARE_CARDS","is_prod":false,"is_daily":false,"chose_seed":false,"campfire_upgraded":10,"win_rate":0,"timestamp":1537108963,"path_taken":["M","M","M","?","?","R","E","?","T","E","M","M","R","M","R","BOSS","M","$","?","?","?","R","E","R","T","R","?","$","?","?","R","BOSS","M","?","?","?","$","R","E","R","T","E","R","?","M","M","R","BOSS"],"build_version":"2018-09-12","purchased_purges":0,"victory":true,"max_hp_per_floor":[72,72,72,72,72,72,72,72,82,82,85,88,88,88,88,92,92,96,96,96,100,100,100,100,100,100,100,100,100,100,100,100,100,100,100,100,100,100,100,100,100,100,100,100,100,107,107,107,107,107],"card_choices":[{"not_picked":["Barricade","Impervious"],"picked":"Reaper","floor":0},{"not_picked":["Hemokinesis","Seeing Red"],"picked":"Perfected Strike","floor":1},{"not_picked":["Sever Soul","Corruption"],"picked":"Clothesline","floor":2},{"not_picked":["Headbutt","Body Slam"],"picked":"Warcry","floor":3},{"not_picked":["Reckless Charge","Armaments"],"picked":"Shrug It Off","floor":7},{"not_picked":["Body Slam","Havoc"],"picked":"Pommel Strike","floor":8},{"not_picked":["Intimidate","Fire Breathing"],"picked":"Feed","floor":10},{"not_picked":["Pommel Strike","Carnage"],"picked":"Shrug It Off","floor":11},{"not_picked":["Rage","Havoc"],"picked":"Metallicize","floor":12},{"not_picked":["Searing Blow","Rampage"],"picked":"Uppercut","floor":14},{"not_picked":["Barricade","Exhume"],"picked":"Impervious","floor":16},{"not_picked":["Thunderclap","Dropkick+1"],"picked":"Perfected Strike+1","floor":18},{"not_picked":["Thunderclap+1","Anger"],"picked":"Iron Wave+1","floor":21},{"not_picked":["Infernal Blade","Clothesline"],"picked":"Pommel Strike+1","floor":24},{"not_picked":["Brutality","Iron Wave","Clothesline"],"picked":"SKIP","floor":31},{"not_picked":["Limit Break","Berserk"],"picked":"Double Tap","floor":33},{"not_picked":["Headbutt","Carnage+1","Combust"],"picked":"SKIP","floor":35},{"not_picked":["Headbutt","Carnage+1","Combust"],"picked":"SKIP","floor":35},{"not_picked":["Reckless Charge+1","Thunderclap+1","Blood for Blood"],"picked":"SKIP","floor":38},{"not_picked":["Barricade","Uppercut"],"picked":"Metallicize","floor":41},{"not_picked":["Anger","Dropkick+1"],"picked":"Metallicize+1","floor":44},{"not_picked":["Cleave","Warcry"],"picked":"Havoc+1","floor":47},{"not_picked":["Warcry+1","Clothesline+1"],"picked":"Wild Strike+1","floor":48}],"player_experience":446243,"relics_obtained":[{"floor":7,"key":"Mercury Hourglass"},{"floor":9,"key":"Pear"},{"floor":10,"key":"Orichalcum"},{"floor":24,"key":"Ancient Tea Set"},{"floor":26,"key":"PreservedInsect"},{"floor":28,"key":"War Paint"},{"floor":41,"key":"Self Forming Clay"},{"floor":43,"key":"Bottled Lightning"},{"floor":44,"key":"Bag of Preparation"}],"event_choices":[{"event_name":"Upgrade Shrine","player_choice":"Upgraded","floor":4,"damage_taken":0},{"event_name":"World of Goop","player_choice":"Gather Gold","floor":5,"damage_taken":0},{"event_name":"Nest","player_choice":"Joined the Cult","floor":20,"damage_taken":0},{"event_name":"Golden Shrine","player_choice":"Pray","floor":22,"damage_taken":0},{"event_name":"Vampires","player_choice":"Ignored","floor":30,"damage_taken":0},{"event_name":"Winding Halls","player_choice":"Embrace Madness","floor":36,"damage_taken":0},{"event_name":"Golden Shrine","player_choice":"Pray","floor":37,"damage_taken":0}],"is_beta":true,"boss_relics":[{"not_picked":["Lizard Tail","Eternal Feather"],"picked":"Mark of Pain"},{"not_picked":["Calling Bell","White Beast Statue"],"picked":"Black Blood"}],"items_purged_floors":[],"is_endless":false,"potions_floor_spawned":[1,7,10,14,16,24,35,44,47],"ascension_level":10}