{"gold_per_floor":[110,20,20,31,31,31,59,59,59,71,100,115,115,128,128,202,202,214,48,318,87,98,98],"floor_reached":23,"playtime":741,"items_purged":["Strike_G"],"score":448,"play_id":"b936a225-4658-496a-a72e-8298418ec073","local_time":"20190404104155","is_ascension_mode":true,"campfire_choices":[{"data":"Noxious Fumes","floor":6,"key":"SMITH"},{"data":"Neutralize","floor":8,"key":"SMITH"},{"data":"Deadly Poison","floor":13,"key":"SMITH"},{"data":"Deadly Poison","floor":15,"key":"SMITH"}],"neow_cost":"NONE","seed_source_timestamp":4064495620407,"circlet_count":0,"master_deck":["AscendersBane","Defend_G","Defend_G","Defend_G","Defend_G","Defend_G","Strike_G","Strike_G","Strike_G","Survivor","Neutralize+1","Poisoned Stab","Noxious Fumes+1","Deadly Poison+1","Backflip","Deadly Poison+1","Well Laid Plans+1","A Thousand Cuts+1","Backflip","Cloak And Dagger","Cloak And Dagger","Escape Plan","Caltrops+1","Backflip","Noxious Fumes+1","PiercingWail"],"relics":["Ring of the Snake","NeowsBlessing","Ancient Tea Set","The Courier","Frozen Egg 2","Orrery","Strawberry"],"potions_floor_usage":[11,16,23,23],"damage_taken":[{"damage":0,"enemies":"Cultist","floor":1,"turns":1},{"damage":0,"enemies":"2 Louse","floor":4,"turns":1},{"damage":0,"enemies":"Gremlin Nob","floor":7,"turns":1},{"damage":9,"enemies":"Small Slimes","floor":10,"turns":3},{"damage":12,"enemies":"3 Sentries","floor":11,"turns":6},{"damage":7,"enemies":"Exordium Wildlife","floor":12,"turns":4},{"damage":0,"enemies":"Red Slaver","floor":14,"turns":3},{"damage":16,"enemies":"The Guardian","floor":16,"turns":8},{"damage":8,"enemies":"Chosen","floor":18,"turns":6},{"damage":25,"enemies":"3 Byrds","floor":22,"turns":4},{"damage":3,"enemies":"Slavers","floor":23,"turns":3}],"seed_played":"1492269431534614780","potions_obtained":[{"floor":1,"key":"Explosive Potion"},{"floor":4,"key":"SteroidPotion"},{"floor":12,"key":"Swift Potion"},{"floor":14,"key":"Dexterity Potion"},{"floor":18,"key":"Poison Potion"}],"is_trial":false,"path_per_floor":["M","$","?","M","$","R","E","R","T","M","E","M","R","M","R","B",null,"M","$","?","$","M","E"],"character_chosen":"THE_SILENT","items_purchased":["Noxious Fumes","Deadly Poison","Caltrops+1","Backflip","Noxious Fumes+1","PiercingWail","Strawberry"],"campfire_rested":0,"item_purchase_floors":[2,2,19,19,21,21,21],"current_hp_per_floor":[59,59,59,59,59,59,59,59,59,50,38,31,31,31,31,15,53,45,45,21,28,3,0],"gold":98,"neow_bonus":"THREE_ENEMY_KILL","is_prod":false,"is_daily":false,"chose_seed":false,"campfire_upgraded":4,"win_rate":0,"timestamp":1554367315,"path_taken":["M","$","?","M","$","R","E","R","T","M","E","?","R","M","R","BOSS","M","?","?","$","?","E"],"build_version":"2019-01-23","purchased_purges":1,"victory":false,"max_hp_per_floor":[66,66,66,66,66,66,66,66,66,66,66,66,66,66,66,66,66,66,66,66,73,73,73],"card_choices":[{"not_picked":["Leg Sweep","Cloak And Dagger"],"picked":"Poisoned Stab","floor":1},{"not_picked":["Endless Agony","Concentrate"],"picked":"Backflip","floor":4},{"not_picked":["Heel Hook","Flying Knee","Choke"],"picked":"SKIP","floor":7},{"not_picked":["Skewer","Underhanded Strike","Poisoned Stab"],"picked":"SKIP","floor":10},{"not_picked":["Poisoned Stab","Setup"],"picked":"Deadly Poison","floor":11},{"not_picked":["Finisher","Prepared"],"picked":"Well Laid Plans+1","floor":12},{"not_picked":["Tactician","Blade Dance","Sucker Punch"],"picked":"SKIP","floor":14},{"not_picked":["Unload","Glass Knife"],"picked":"A Thousand Cuts+1","floor":16},{"not_picked":["Deadly Poison","Masterful Stab"],"picked":"Backflip","floor":17},{"not_picked":["Quick Slash","Deflect"],"picked":"Cloak And Dagger","floor":17},{"not_picked":["Dodge and Roll","Deadly Poison"],"picked":"Cloak And Dagger","floor":17},{"not_picked":["Dodge and Roll","Sucker Punch"],"picked":"Escape Plan","floor":18},{"not_picked":["Cloak And Dagger","Poisoned Stab","Sucker Punch"],"picked":"SKIP","floor":22}],"player_experience":1544730,"relics_obtained":[{"floor":7,"key":"Ancient Tea Set"},{"floor":9,"key":"The Courier"},{"floor":11,"key":"Frozen Egg 2"}],"event_choices":[{"cards_removed":["Strike_G"],"damage_healed":0,"gold_gain":0,"player_choice":"Purged","damage_taken":0,"max_hp_gain":0,"max_hp_loss":0,"event_name":"Purifier","floor":3,"gold_loss":0},{"damage_healed":0,"gold_gain":270,"player_choice":"GOLD GOLD GOLD ","damage_taken":24,"max_hp_gain":0,"max_hp_loss":0,"event_name":"Knowing Skull","floor":20,"potions_obtained":[],"gold_loss":0,"cards_obtained":[]}],"is_beta":false,"boss_relics":[{"not_picked":["Eternal Feather","Tiny House"],"picked":"Orrery"}],"items_purged_floors":[19],"is_endless":false,"potions_floor_spawned":[1,4,12,14,18],"killed_by":"Slavers","ascension_level":20}