{"gold_per_floor":[12,87,103,119,130,130,150,184,184,195,195,195,195,215,215,215],"floor_reached":16,"playtime":454,"items_purged":[],"score":208,"play_id":"bf230bb4-41b6-4208-9345-3e39ce743ce0","local_time":"20190313142643","is_ascension_mode":true,"campfire_choices":[{"data":"Poisoned Stab","floor":6,"key":"SMITH"},{"floor":11,"key":"REST"},{"data":"Deadly Poison","floor":13,"key":"SMITH"},{"data":"Backstab","floor":15,"key":"SMITH"}],"neow_cost":"NO_GOLD","seed_source_timestamp":17607263439535,"circlet_count":0,"master_deck":["AscendersBane","Defend_G","Defend_G","Defend_G","Defend_G","Defend_G","Strike_G","Strike_G","Strike_G","Strike_G","Strike_G","Survivor","Neutralize","Adrenaline","Backstab+1","Dagger Throw","PiercingWail","Poisoned Stab+1","Flying Knee","All Out Attack+1","Deadly Poison+1","Backstab+1"],"relics":["Ring of the Snake","Molten Egg 2","Pen Nib","FaceOfCleric"],"potions_floor_usage":[8,8],"damage_taken":[{"damage":0,"enemies":"Cultist","floor":1,"turns":3},{"damage":4,"enemies":"Jaw Worm","floor":3,"turns":4},{"damage":4,"enemies":"2 Louse","floor":4,"turns":2},{"damage":8,"enemies":"Exordium Wildlife","floor":5,"turns":8},{"damage":1,"enemies":"Red Slaver","floor":7,"turns":4},{"damage":20,"enemies":"Lagavulin","floor":8,"turns":5},{"damage":0,"enemies":"3 Louse","floor":10,"turns":1},{"damage":8,"enemies":"Exordium Thugs","floor":14,"turns":4},{"damage":27,"enemies":"The Guardian","floor":16,"turns":8}],"seed_played":"-779818290898464693","potions_obtained":[{"floor":1,"key":"Strength Potion"},{"floor":5,"key":"SkillPotion"}],"is_trial":false,"path_per_floor":["M","?","M","M","M","R","M","E","T","M","R","?","R","M","R","B"],"character_chosen":"THE_SILENT","items_purchased":[],"campfire_rested":1,"item_purchase_floors":[],"current_hp_per_floor":[59,48,44,40,32,32,31,11,11,11,30,30,30,23,23,0],"gold":215,"neow_bonus":"THREE_RARE_CARDS","is_prod":false,"is_daily":false,"chose_seed":false,"campfire_upgraded":3,"win_rate":0,"timestamp":1552483603,"path_taken":["M","?","M","M","M","R","M","E","T","M","R","?","R","M","R","BOSS"],"build_version":"2019-01-23","purchased_purges":0,"victory":false,"max_hp_per_floor":[66,66,66,66,66,66,66,66,66,66,66,66,66,67,67,67],"card_choices":[{"not_picked":["Phantasmal Killer","Venomology"],"picked":"Adrenaline","floor":0},{"not_picked":["Heel Hook","Poisoned Stab"],"picked":"Backstab","floor":1},{"not_picked":["Masterful Stab","Prepared"],"picked":"Dagger Throw","floor":3},{"not_picked":["Well Laid Plans","Catalyst"],"picked":"PiercingWail","floor":4},{"not_picked":["Riddle With Holes","Envenom"],"picked":"Poisoned Stab","floor":5},{"not_picked":["Dagger Throw","Deflect"],"picked":"Flying Knee","floor":7},{"not_picked":["Distraction","Outmaneuver"],"picked":"All Out Attack","floor":8},{"not_picked":["Dagger Spray+1","Dash+1"],"picked":"Deadly Poison","floor":10},{"not_picked":["Accuracy","Acrobatics"],"picked":"Backstab+1","floor":14}],"player_experience":1402250,"relics_obtained":[{"floor":8,"key":"Molten Egg 2"},{"floor":9,"key":"Pen Nib"}],"event_choices":[{"damage_healed":0,"gold_gain":75,"player_choice":"Gather Gold","damage_taken":11,"max_hp_gain":0,"max_hp_loss":0,"event_name":"World of Goop","floor":2,"gold_loss":0},{"damage_healed":0,"gold_gain":0,"player_choice":"Trade","damage_taken":0,"relics_obtained":["FaceOfCleric"],"max_hp_gain":0,"max_hp_loss":0,"event_name":"FaceTrader","floor":12,"gold_loss":0}],"is_beta":false,"boss_relics":[],"items_purged_floors":[],"is_endless":false,"potions_floor_spawned":[1,5,7],"killed_by":"The Guardian","ascension_level":20}