{"gold_per_floor":[114,127,143,14,24,54,54,88,88,11,39,39,39,69,69,165,165,180,180,195,126,140,140],"floor_reached":23,"playtime":2379,"items_purged":["Strike_B"],"score":307,"play_id":"a105ba65-9c82-4003-b4ef-7978b1e914b8","local_time":"20190408064553","is_ascension_mode":true,"campfire_choices":[{"floor":13,"key":"REST"},{"floor":15,"key":"REST"}],"neow_cost":"NONE","seed_source_timestamp":803558478920988,"circlet_count":0,"master_deck":["Zap","Dualcast","Ball Lightning","Cold Snap","Beam Cell","FTL","Compile Driver","Conserve Battery","Consume","Amplify","Loop","Genetic Algorithm","Creative AI","Seek","Steam Power","Undo","Capacitor","Auto Shields","Electrodynamics","Undo","Redo","Self Repair+1","Defragment","Hello World+1"],"relics":["Cracked Core","Centennial Puzzle","Symbiotic Virus","Letter Opener","Blue Candle","Gremlin Horn","Art of War","Pandora\u0027s Box"],"potions_floor_usage":[6,8,11,14,23,23],"damage_taken":[{"damage":5,"enemies":"Small Slimes","floor":1,"turns":3},{"damage":0,"enemies":"2 Louse","floor":2,"turns":2},{"damage":0,"enemies":"Cultist","floor":3,"turns":2},{"damage":5,"enemies":"Looter","floor":5,"turns":3},{"damage":9,"enemies":"Gremlin Nob","floor":6,"turns":3},{"damage":14,"enemies":"Lagavulin","floor":8,"turns":6},{"damage":1,"enemies":"3 Sentries","floor":11,"turns":5},{"damage":16,"enemies":"Gremlin Nob","floor":14,"turns":3},{"damage":34,"enemies":"Slime Boss","floor":16,"turns":4},{"damage":13,"enemies":"Spheric Guardian","floor":18,"turns":4},{"damage":17,"enemies":"2 Thieves","floor":20,"turns":3},{"damage":23,"enemies":"Shelled Parasite and Fungi","floor":22,"turns":6},{"damage":39,"enemies":"Book of Stabbing","floor":23,"turns":6}],"seed_played":"-811812535434872450","potions_obtained":[{"floor":2,"key":"GamblersBrew"},{"floor":5,"key":"FearPotion"},{"floor":6,"key":"SkillPotion"},{"floor":8,"key":"FocusPotion"},{"floor":20,"key":"Swift Potion"},{"floor":22,"key":"Regen Potion"}],"is_trial":false,"path_per_floor":["M","M","M","$","M","E","?","E","T","$","E","?","R","E","R","B",null,"M","?","M","$","M","E"],"character_chosen":"DEFECT","items_purchased":["Compile Driver","Loop","Defragment"],"campfire_rested":2,"item_purchase_floors":[4,10,21],"current_hp_per_floor":[63,63,63,63,58,49,49,35,35,35,34,34,56,40,62,28,63,50,50,33,33,20,0],"gold":140,"neow_bonus":"THREE_CARDS","is_prod":false,"is_daily":false,"chose_seed":false,"campfire_upgraded":0,"win_rate":0,"timestamp":1554731153,"path_taken":["M","M","M","$","M","E","?","E","T","$","E","?","R","E","R","BOSS","M","?","M","$","M","E"],"build_version":"2019-01-23","purchased_purges":1,"victory":false,"max_hp_per_floor":[75,75,75,75,75,75,75,75,75,75,75,75,75,75,75,75,75,75,75,75,75,75,75],"card_choices":[{"not_picked":["Reprogram","Skim"],"picked":"Ball Lightning","floor":0},{"not_picked":["Go for the Eyes","Coolheaded"],"picked":"Cold Snap","floor":1},{"not_picked":["Hologram","Turbo"],"picked":"Beam Cell","floor":2},{"not_picked":["Steam Power","Double Energy"],"picked":"FTL","floor":3},{"not_picked":["Lockon","Meteor Strike"],"picked":"Conserve Battery","floor":5},{"not_picked":["Streamline","Stack"],"picked":"Consume","floor":6},{"not_picked":["Hologram","Gash"],"picked":"Amplify","floor":8},{"not_picked":["Sweeping Beam","Barrage"],"picked":"Genetic Algorithm","floor":11},{"not_picked":["Cold Snap","Sweeping Beam"],"picked":"Creative AI","floor":14},{"not_picked":["Rainbow","Thunder Strike"],"picked":"Seek","floor":16},{"not_picked":["Streamline","Fusion"],"picked":"Redo","floor":18},{"not_picked":["Sunder","Defragment"],"picked":"Self Repair+1","floor":20},{"not_picked":["Glacier","Rebound"],"picked":"Hello World+1","floor":22}],"player_experience":516995,"relics_obtained":[{"floor":6,"key":"Centennial Puzzle"},{"floor":8,"key":"Symbiotic Virus"},{"floor":9,"key":"Letter Opener"},{"floor":11,"key":"Blue Candle"},{"floor":14,"key":"Art of War"}],"event_choices":[{"damage_healed":0,"gold_gain":0,"player_choice":"Ignored","damage_taken":0,"max_hp_gain":0,"max_hp_loss":0,"event_name":"Liars Game","floor":7,"gold_loss":0},{"damage_healed":0,"gold_gain":0,"player_choice":"Searched \u00271\u0027 times","damage_taken":0,"relics_obtained":["Gremlin Horn"],"max_hp_gain":0,"max_hp_loss":0,"event_name":"Dead Adventurer","floor":12,"gold_loss":0},{"cards_removed":["Scrape"],"damage_healed":0,"gold_gain":0,"player_choice":"Elegance","damage_taken":0,"max_hp_gain":0,"max_hp_loss":0,"event_name":"Back to Basics","floor":19,"gold_loss":0}],"is_beta":false,"boss_relics":[{"not_picked":["Runic Pyramid","Busted Crown"],"picked":"Pandora\u0027s Box"}],"items_purged_floors":[4],"is_endless":false,"potions_floor_spawned":[2,5,6,8,20,22],"killed_by":"Book of Stabbing","ascension_level":8}