{"path_per_floor":["M","M","M","M","?","R","E","$","T","E","R","M","R","?","R","B",null,"M","M","M","?","M","R","E","R","T","E","M","?","E","M","R"],"character_chosen":"DEFECT","items_purchased":["Self Repair"],"gold_per_floor":[114,133,149,162,162,162,197,123,123,148,148,159,159,159,159,256,256,275,288,301,301,312,312,339,339,339,372,388,388,420,437,437,437],"floor_reached":33,"campfire_rested":2,"playtime":2403,"current_hp_per_floor":[74,74,74,67,67,67,42,42,42,30,30,34,34,22,44,25,75,69,75,60,60,37,37,38,38,38,43,59,45,32,35,59,0],"items_purged":[],"gold":437,"score":333,"play_id":"1798e6db-8515-463b-9994-ce580a74cfde","local_time":"20180517235555","is_prod":false,"is_daily":false,"chose_seed":false,"is_ascension_mode":true,"campfire_upgraded":5,"timestamp":1526594155,"campfire_choices":[{"data":"Dualcast","floor":6,"key":"SMITH"},{"data":"Self Repair","floor":11,"key":"SMITH"},{"data":"Self Repair","floor":13,"key":"SMITH"},{"floor":15,"key":"REST"},{"data":"Multi-Cast","floor":23,"key":"SMITH"},{"data":"Sunder","floor":25,"key":"SMITH"},{"floor":32,"key":"REST"}],"path_taken":["M","M","M","M","?","R","E","$","T","E","R","M","R","?","R","BOSS","M","?","M","?","M","R","E","R","T","E","M","?","E","?","R","BOSS"],"build_version":"2018-05-17","seed_source_timestamp":51293119032510,"purchased_purges":0,"victory":false,"master_deck":["Strike_B","Strike_B","Strike_B","Strike_B","Defend_B","Defend_B","Defend_B","Defend_B","Zap+1","Dualcast+1","Auto Shields","Go for the Eyes","Conserve Battery","Sweeping Beam","Turbo","Self Repair+1","Multi-Cast+1","Self Repair+1","Echo Form","Go for the Eyes+1","Multi-Cast","Sweeping Beam","Skim","Double Energy+1","Sunder+1","Double Energy+1","BootSequence+1","Sweeping Beam"],"max_hp_per_floor":[75,75,75,75,75,75,75,75,75,75,75,75,75,75,75,75,75,75,75,75,75,75,75,75,75,75,75,75,80,80,80,80,80],"relics":["Cracked Core","Gremlin Horn","Darkstone Periapt","Oddly Smooth Stone","Lantern","Nuclear Battery","Ancient Tea Set","Ornamental Fan","Shuriken","Boot"],"card_choices":[{"not_picked":["Leap","Barrage"],"picked":"Auto Shields","floor":1},{"not_picked":["Beam Cell","Rebound"],"picked":"Go for the Eyes","floor":2},{"not_picked":["Sweeping Beam","Reinforced Body"],"picked":"Conserve Battery","floor":3},{"not_picked":["Capacitor","Leap"],"picked":"Sweeping Beam","floor":4},{"not_picked":["Capacitor","Reprogram"],"picked":"Turbo","floor":7},{"not_picked":["Thunder Strike","FTL"],"picked":"Multi-Cast","floor":10},{"not_picked":["Darkness","Coolheaded"],"picked":"Self Repair","floor":12},{"not_picked":["Meteor Strike","Nova"],"picked":"Echo Form","floor":16},{"not_picked":["Axe Kick+1","Capacitor"],"picked":"Go for the Eyes+1","floor":18},{"not_picked":["Lockon","Streamline+1"],"picked":"Multi-Cast","floor":19},{"not_picked":["Ball Lightning","Recycle"],"picked":"Sweeping Beam","floor":20},{"not_picked":["Capacitor","Go for the Eyes+1"],"picked":"Double Energy+1","floor":22},{"not_picked":["Auto Shields","Self Repair"],"picked":"Sunder","floor":24},{"not_picked":["Steam","Darkness"],"picked":"Double Energy+1","floor":27},{"not_picked":["Force Field+1","Streamline"],"picked":"BootSequence+1","floor":28},{"not_picked":["Gash+1","Streamline"],"picked":"Sweeping Beam","floor":30},{"not_picked":["Capacitor","Barrage","Stack"],"picked":"SKIP","floor":31}],"player_experience":162507,"potions_floor_usage":[7,7,16,22,24,28,33],"damage_taken":[{"damage":1,"enemies":"Jaw Worm","floor":1,"turns":4},{"damage":0,"enemies":"Cultist","floor":2,"turns":4},{"damage":0,"enemies":"Small Slimes","floor":3,"turns":4},{"damage":7,"enemies":"3 Louse","floor":4,"turns":5},{"damage":25,"enemies":"Gremlin Nob","floor":7,"turns":4},{"damage":19,"enemies":"3 Sentries","floor":10,"turns":7},{"damage":6,"enemies":"Blue Slaver","floor":12,"turns":2},{"damage":39,"enemies":"The Guardian","floor":16,"turns":17},{"damage":26,"enemies":"Spheric Guardian","floor":18,"turns":5},{"damage":21,"enemies":"3 Byrds","floor":19,"turns":5},{"damage":35,"enemies":"Sentry and Sphere","floor":20,"turns":6},{"damage":63,"enemies":"Cultist and Chosen","floor":22,"turns":9},{"damage":19,"enemies":"Gremlin Leader","floor":24,"turns":5},{"damage":25,"enemies":"Book of Stabbing","floor":27,"turns":8},{"damage":4,"enemies":"3 Cultists","floor":28,"turns":4},{"damage":13,"enemies":"Slavers","floor":30,"turns":3},{"damage":7,"enemies":"Snake Plant","floor":31,"turns":4},{"damage":69,"enemies":"Automaton","floor":33,"turns":8}],"relics_obtained":[{"floor":7,"key":"Gremlin Horn"},{"floor":9,"key":"Darkstone Periapt"},{"floor":10,"key":"Oddly Smooth Stone"},{"floor":24,"key":"Ancient Tea Set"},{"floor":26,"key":"Ornamental Fan"},{"floor":27,"key":"Shuriken"},{"floor":30,"key":"Boot"}],"event_choices":[{"event_name":"Accursed Blacksmith","player_choice":"Forge","floor":5,"damage_taken":0},{"event_name":"Scrap Ooze","player_choice":"success","floor":14,"damage_taken":12},{"event_name":"The Library","player_choice":"Read","floor":21,"damage_taken":0},{"event_name":"Forgotten Altar","player_choice":"Shed Blood","floor":29,"damage_taken":0}],"boss_relics":[{"not_picked":["Orrery","Calling Bell"],"picked":"Nuclear Battery"}],"potions_floor_spawned":[1,3,4,10,16,22,27,30],"seed_played":"6459468084583038783","killed_by":"Automaton","ascension_level":1,"potions_obtained":[{"floor":3,"key":"GamblersBrew"},{"floor":4,"key":"Block Potion"},{"floor":10,"key":"SpeedPotion"},{"floor":16,"key":"LiquidBronze"},{"floor":22,"key":"FocusPotion"},{"floor":27,"key":"Dexterity Potion"},{"floor":30,"key":"Strength Potion"}],"is_trial":false}