{"gold_per_floor":[117,117,131,151,167,167,193,207,207,482,482],"floor_reached":11,"playtime":775,"items_purged":[],"score":128,"play_id":"53d0ea6e-32cb-4e1f-aa79-71ad25eacdb5","local_time":"20181114123042","is_ascension_mode":true,"campfire_choices":[{"data":"Leg Sweep","floor":6.0,"key":"SMITH"}],"neow_cost":"NONE","seed_source_timestamp":0,"circlet_count":0,"master_deck":["AscendersBane","Defend_G","Defend_G","Defend_G","Defend_G","Strike_G","Strike_G","Strike_G","Strike_G","Strike_G","Survivor","Neutralize","Deadly Poison","Leg Sweep+1","Deadly Poison","Footwork","Dodge and Roll","Noxious Fumes","Acrobatics","Regret"],"special_seed":0,"relics":["Ring of the Snake","Bronze Scales","Blue Candle","Darkstone Periapt"],"potions_floor_usage":[],"damage_taken":[{"damage":4.0,"enemies":"Jaw Worm","floor":1.0,"turns":5.0},{"damage":6.0,"enemies":"Cultist","floor":3.0,"turns":4.0},{"damage":3.0,"enemies":"2 Louse","floor":4.0,"turns":3.0},{"damage":14.0,"enemies":"Lots of Slimes","floor":5.0,"turns":5.0},{"damage":15.0,"enemies":"3 Sentries","floor":7.0,"turns":12.0},{"damage":1.0,"enemies":"Large Slime","floor":8.0,"turns":6.0},{"damage":26,"enemies":"Gremlin Nob","floor":11,"turns":6}],"seed_played":"1017908461891884261","potions_obtained":[{"floor":5.0,"key":"Weak Potion"}],"is_trial":false,"path_per_floor":["M","?","M","M","M","R","E","M","T","?","E"],"character_chosen":"THE_SILENT","items_purchased":[],"campfire_rested":0,"item_purchase_floors":[],"current_hp_per_floor":[55,55,49,46,32,32,17,16,16,22,0],"gold":482,"neow_bonus":"RANDOM_COMMON_RELIC","is_prod":false,"is_daily":false,"chose_seed":false,"campfire_upgraded":1,"win_rate":0,"timestamp":1542195042,"path_taken":["M","?","M","M","?","R","E","M","T","?","E"],"build_version":"2018-11-13","purchased_purges":0,"victory":false,"max_hp_per_floor":[66,66,66,66,66,66,66,66,66,72,72],"card_choices":[{"not_picked":["Sucker Punch","Expertise"],"picked":"Deadly Poison","floor":1.0},{"not_picked":["Underhanded Strike","Blade Dance"],"picked":"Deadly Poison","floor":3.0},{"not_picked":["Flying Knee","Bane"],"picked":"Footwork","floor":4.0},{"not_picked":["Concentrate","Flying Knee"],"picked":"Dodge and Roll","floor":5.0},{"not_picked":["PiercingWail","Flying Knee"],"picked":"Noxious Fumes","floor":7.0},{"not_picked":["Concentrate","Bane"],"picked":"Acrobatics","floor":8.0}],"player_experience":801632,"relics_obtained":[{"floor":7.0,"key":"Blue Candle"},{"floor":9.0,"key":"Darkstone Periapt"}],"event_choices":[{"damage_healed":0.0,"max_hp_gain":0.0,"max_hp_loss":0.0,"gold_gain":0.0,"cards_transformed":["Defend_G"],"event_name":"Transmorgrifier","player_choice":"Transformed","floor":2.0,"gold_loss":0.0,"damage_taken":0.0,"cards_obtained":["Leg Sweep"]},{"damage_healed":0.0,"max_hp_gain":0.0,"max_hp_loss":0.0,"gold_gain":275.0,"event_name":"Golden Shrine","player_choice":"Desecrate","floor":10.0,"gold_loss":0.0,"damage_taken":0.0,"cards_obtained":["Regret"]}],"is_beta":true,"boss_relics":[],"items_purged_floors":[],"is_endless":false,"potions_floor_spawned":[5],"killed_by":"Gremlin Nob","ascension_level":14}