{"gold_per_floor":[118,37,50,62,62,62,32,66,120,158,183,195,228,258,270,373,385,413,445,457,354,354],"floor_reached":22,"playtime":892,"items_purged":["Strike_G"],"score":392,"play_id":"9e799792-22f4-4551-a464-4fceab0318ce","local_time":"20190127125043","is_ascension_mode":true,"campfire_choices":[{"data":"Infinite Blades","floor":6,"key":"SMITH"},{"data":"Neutralize","floor":12,"key":"SMITH"},{"data":"Malaise","floor":15,"key":"SMITH"}],"neow_cost":"NONE","seed_source_timestamp":6276729464298,"circlet_count":0,"master_deck":["AscendersBane","Defend_G","Defend_G","Defend_G","Defend_G","Strike_G","Strike_G","Survivor","Neutralize+1","Quick Slash","Well Laid Plans","Infinite Blades+1","Poisoned Stab","Dagger Spray","Backflip","Blur","Malaise+1","Accuracy","After Image","Blur+1","Concentrate+1","Bouncing Flask+1","Deadly Poison+1","Well Laid Plans","Noxious Fumes"],"relics":["Ring of the Snake","Vajra","Golden Idol","hubris:PeanutButter","Oddly Smooth Stone","MawBank","Astrolabe"],"potions_floor_usage":[22],"damage_taken":[{"damage":1,"enemies":"Cultist","floor":1,"turns":4},{"damage":0,"enemies":"Jaw Worm","floor":3,"turns":3},{"damage":0,"enemies":"2 Louse","floor":4,"turns":3},{"damage":32,"enemies":"Gremlin Nob","floor":8,"turns":4},{"damage":1,"enemies":"3 Sentries","floor":10,"turns":9},{"damage":0,"enemies":"Blue Slaver","floor":11,"turns":3},{"damage":0,"enemies":"Exordium Wildlife","floor":13,"turns":4},{"damage":0,"enemies":"3 Louse","floor":14,"turns":4},{"damage":16,"enemies":"Hexaghost","floor":16,"turns":12},{"damage":0,"enemies":"3 Byrds","floor":18,"turns":6},{"damage":0,"enemies":"Chosen","floor":19,"turns":5},{"damage":47,"enemies":"Masked Bandits","floor":22,"turns":3}],"seed_played":"-5689037774501840795","potions_obtained":[{"floor":1,"key":"Energy Potion"},{"floor":3,"key":"Dexterity Potion"}],"is_trial":false,"path_per_floor":["M","$","M","M","?","R","$","E","T","E","M","R","M","M","R","B",null,"M","M","?","$","?"],"character_chosen":"THE_SILENT","items_purchased":["Well Laid Plans","Dagger Spray","Noxious Fumes"],"campfire_rested":0,"item_purchase_floors":[2,7,21],"current_hp_per_floor":[58,58,58,58,58,58,58,26,26,25,25,25,25,25,25,9,47,47,47,47,47,0],"gold":354,"neow_bonus":"RANDOM_COMMON_RELIC","is_prod":false,"is_daily":false,"chose_seed":false,"campfire_upgraded":3,"win_rate":0,"timestamp":1548589843,"path_taken":["M","?","?","M","?","R","$","E","T","E","M","R","M","M","R","BOSS","M","M","?","$","?"],"build_version":"2019-01-23","purchased_purges":1,"victory":false,"max_hp_per_floor":[66,66,66,66,60,60,60,60,60,60,60,60,60,60,60,60,60,60,60,60,60,60],"card_choices":[{"not_picked":["PiercingWail","Cloak And Dagger"],"picked":"Quick Slash","floor":1},{"not_picked":["Deflect","Slice"],"picked":"Infinite Blades","floor":3},{"not_picked":["Escape Plan","Prepared"],"picked":"Poisoned Stab","floor":4},{"not_picked":["Blur","Dodge and Roll"],"picked":"Backflip","floor":8},{"not_picked":["Prepared","hubris:SlightOfHand"],"picked":"Blur","floor":10},{"not_picked":["hubris:SlightOfHand","Underhanded Strike","Eviscerate"],"picked":"SKIP","floor":11},{"not_picked":["Quick Slash","hubris:Counter"],"picked":"Malaise","floor":13},{"not_picked":["Prepared","Setup"],"picked":"Accuracy","floor":14},{"not_picked":["Night Terror","Glass Knife"],"picked":"After Image","floor":16},{"not_picked":["Prepared","Riddle With Holes"],"picked":"Deadly Poison+1","floor":18},{"not_picked":["Endless Agony","Acrobatics+1"],"picked":"Well Laid Plans","floor":19}],"player_experience":1172621,"relics_obtained":[{"floor":8,"key":"hubris:PeanutButter"},{"floor":9,"key":"Oddly Smooth Stone"},{"floor":10,"key":"MawBank"}],"event_choices":[{"damage_healed":0,"gold_gain":0,"player_choice":"Lose Max HP","damage_taken":0,"relics_obtained":["Golden Idol"],"max_hp_gain":0,"max_hp_loss":6,"event_name":"Golden Idol","floor":5,"gold_loss":0},{"damage_healed":0,"gold_gain":0,"player_choice":"Ignored","damage_taken":0,"max_hp_gain":0,"max_hp_loss":0,"event_name":"Vampires","floor":20,"gold_loss":0},{"damage_healed":0,"gold_gain":0,"player_choice":"Fought Bandits","damage_taken":0,"max_hp_gain":0,"max_hp_loss":0,"event_name":"Masked Bandits","floor":22,"gold_loss":0}],"is_beta":false,"boss_relics":[{"not_picked":["Coffee Dripper","Eternal Feather"],"picked":"Astrolabe"}],"items_purged_floors":[21],"is_endless":false,"potions_floor_spawned":[1,3,10,19],"killed_by":"Masked Bandits","ascension_level":20}