{"gold_per_floor":[142,154,174,249,65,99,116,150,204,224,224,255,255,285,285,380,430,441,457,467,392,3,29,29,42,42,76,0,25,25,45,45,45],"floor_reached":33,"playtime":2714,"items_purged":[],"score":444,"play_id":"9a211d5c-a238-4f1b-9e07-5146e953a29b","local_time":"20190412075629","is_ascension_mode":true,"campfire_choices":[{"floor":11,"key":"REST"},{"floor":13,"key":"REST"},{"floor":15,"key":"REST"},{"floor":24,"key":"REST"},{"floor":30,"key":"REST"},{"floor":32,"key":"REST"}],"neow_cost":"NONE","seed_source_timestamp":257270631396705,"circlet_count":0,"master_deck":["Defend_G","Defend_G","Defend_G","Defend_G+1","Defend_G","Strike_G","Strike_G","Strike_G","Strike_G","Survivor","Neutralize","Dagger Spray","Poisoned Stab","Skewer","Well Laid Plans","Backstab","Masterful Stab","Bouncing Flask","Choke","Sucker Punch","Deflect","Well Laid Plans","Glass Knife","Distraction","Dodge and Roll","Dash","Deflect","Well Laid Plans","Crippling Poison","Endless Agony+1","Noxious Fumes","Poisoned Stab+1"],"relics":["Ring of the Snake","Tiny Chest","Darkstone Periapt","Dodecahedron","Pen Nib","Omamori","Oddly Smooth Stone","Tiny House","Lee\u0027s Waffle","Bag of Preparation","Bottled Tornado","Bottled Flame","Singing Bowl","Strawberry"],"potions_floor_usage":[6,8,8,14,23,25,33,33],"damage_taken":[{"damage":0,"enemies":"Cultist","floor":1,"turns":4},{"damage":2,"enemies":"Jaw Worm","floor":2,"turns":4},{"damage":1,"enemies":"Small Slimes","floor":3,"turns":2},{"damage":18,"enemies":"Lagavulin","floor":6,"turns":6},{"damage":0,"enemies":"3 Louse","floor":7,"turns":1},{"damage":27,"enemies":"3 Sentries","floor":8,"turns":7},{"damage":1,"enemies":"Looter","floor":10,"turns":2},{"damage":8,"enemies":"Gremlin Nob","floor":12,"turns":4},{"damage":11,"enemies":"3 Sentries","floor":14,"turns":6},{"damage":45,"enemies":"Slime Boss","floor":16,"turns":11},{"damage":0,"enemies":"Chosen","floor":18,"turns":4},{"damage":5,"enemies":"3 Byrds","floor":19,"turns":5},{"damage":24,"enemies":"Snake Plant","floor":20,"turns":6},{"damage":9,"enemies":"Slavers","floor":23,"turns":4},{"damage":0,"enemies":"Snecko","floor":25,"turns":4},{"damage":47,"enemies":"Book of Stabbing","floor":27,"turns":7},{"damage":9,"enemies":"Gremlin Leader","floor":29,"turns":8},{"damage":19,"enemies":"Sentry and Sphere","floor":31,"turns":6},{"damage":92,"enemies":"Automaton","floor":33,"turns":12}],"seed_played":"1382721388874556024","potions_obtained":[{"floor":2,"key":"GamblersBrew"},{"floor":3,"key":"Weak Potion"},{"floor":6,"key":"Poison Potion"},{"floor":8,"key":"SpeedPotion"},{"floor":17,"key":"AttackPotion"},{"floor":23,"key":"EssenceOfSteel"},{"floor":27,"key":"Energy Potion"},{"floor":29,"key":"Weak Potion"}],"is_trial":false,"path_per_floor":["M","M","M","?","$","E","M","E","T","M","R","E","R","E","R","B",null,"M","M","M","?","$","E","R","M","T","E","$","E","R","M","R","B"],"character_chosen":"THE_SILENT","items_purchased":["Well Laid Plans","Backstab","Masterful Stab","Lee\u0027s Waffle","Bag of Preparation","Well Laid Plans","Noxious Fumes"],"campfire_rested":6,"item_purchase_floors":[5,5,5,22,22,22,28],"current_hp_per_floor":[70,68,67,56,56,38,38,11,11,10,31,23,44,33,54,9,60,60,55,31,31,82,73,82,82,82,35,35,33,59,42,69,0],"gold":45,"neow_bonus":"RANDOM_COMMON_RELIC","is_prod":false,"is_daily":false,"chose_seed":false,"campfire_upgraded":0,"win_rate":0,"timestamp":1555080989,"path_taken":["M","M","?","?","$","E","M","E","T","M","R","E","R","E","R","BOSS","M","M","M","?","$","E","R","M","T","E","?","E","R","M","R","BOSS"],"build_version":"2019-01-23","purchased_purges":0,"victory":false,"max_hp_per_floor":[70,70,70,70,70,70,70,70,70,70,70,70,70,70,70,70,75,75,75,75,75,82,82,82,82,82,82,82,89,89,91,91,91],"card_choices":[{"not_picked":["Poisoned Stab","Deadly Poison"],"picked":"Dagger Spray","floor":1},{"not_picked":["Blade Dance","Calculated Gamble"],"picked":"Poisoned Stab","floor":2},{"not_picked":["Dagger Spray","Concentrate"],"picked":"Skewer","floor":3},{"not_picked":["Underhanded Strike","Deadly Poison"],"picked":"Bouncing Flask","floor":6},{"not_picked":["PiercingWail","Sucker Punch"],"picked":"Choke","floor":7},{"not_picked":["Accuracy","Heel Hook"],"picked":"Sucker Punch","floor":8},{"not_picked":["Acrobatics","Prepared"],"picked":"Deflect","floor":10},{"not_picked":["Flying Knee","Reflex","Predator"],"picked":"SKIP","floor":12},{"not_picked":["Slice","Dagger Throw"],"picked":"Well Laid Plans","floor":14},{"not_picked":["Grand Finale","A Thousand Cuts"],"picked":"Glass Knife","floor":16},{"not_picked":["Cloak And Dagger","Bane"],"picked":"Distraction","floor":17},{"not_picked":["Outmaneuver","Expertise"],"picked":"Dodge and Roll","floor":18},{"not_picked":["Finisher+1","Blade Dance+1"],"picked":"Dash","floor":19},{"not_picked":["Terror","Slice+1"],"picked":"Deflect","floor":20},{"not_picked":["Deadly Poison","Doppelganger"],"picked":"Crippling Poison","floor":23},{"not_picked":["Acrobatics","Distraction","Sucker Punch"],"picked":"SKIP","floor":25},{"not_picked":["Finisher","Expertise"],"picked":"Endless Agony+1","floor":27},{"not_picked":["Acrobatics","Calculated Gamble+1"],"picked":"Poisoned Stab+1","floor":29},{"not_picked":["Bane","Sucker Punch","Terror"],"picked":"Singing Bowl","floor":31}],"player_experience":555029,"relics_obtained":[{"floor":6,"key":"Darkstone Periapt"},{"floor":8,"key":"Dodecahedron"},{"floor":9,"key":"Pen Nib"},{"floor":12,"key":"Omamori"},{"floor":14,"key":"Oddly Smooth Stone"},{"floor":23,"key":"Bottled Tornado"},{"floor":26,"key":"Bottled Flame"},{"floor":27,"key":"Singing Bowl"},{"floor":29,"key":"Strawberry"}],"event_choices":[{"damage_healed":0,"gold_gain":75,"player_choice":"Gather Gold","damage_taken":11,"max_hp_gain":0,"max_hp_loss":0,"event_name":"World of Goop","floor":4,"gold_loss":0},{"cards_removed":["Strike_G"],"damage_healed":0,"gold_gain":0,"player_choice":"Gave Gold","damage_taken":0,"max_hp_gain":0,"max_hp_loss":0,"event_name":"Beggar","floor":21,"gold_loss":75}],"is_beta":false,"boss_relics":[{"not_picked":["Coffee Dripper","HoveringKite"],"picked":"Tiny House"}],"items_purged_floors":[],"is_endless":false,"potions_floor_spawned":[2,3,6,8,23,27,29],"killed_by":"Automaton","ascension_level":5}