{"gold_per_floor":[113,31,31,42,61,86,86,114,114,74,88,88,88,108,108,179,179,195,9,29,128,77,27,27,27],"floor_reached":25,"playtime":786,"items_purged":[],"score":345,"play_id":"dc4ede4f-7958-4858-907e-2ecfc756b28c","local_time":"20180918191040","is_ascension_mode":true,"campfire_choices":[{"data":"Lockon","floor":7,"key":"SMITH"},{"floor":13,"key":"REST"},{"data":"Tempest","floor":15,"key":"SMITH"},{"floor":24,"key":"REST"}],"neow_cost":"","seed_source_timestamp":34537067531838,"circlet_count":0,"master_deck":["Strike_B","Strike_B","Strike_B","Strike_B","Defend_B","Defend_B","Defend_B","Defend_B+1","Zap","Dualcast","AscendersBane","Sweeping Beam+1","Tempest+1","Cold Snap","Ball Lightning","Lockon+1","Doom and Gloom","Steam","Cold Snap","Core Surge","Sunder","Chrysalis","White Noise","Conserve Battery"],"relics":["Cracked Core","PreservedInsect","Torii","Bottled Flame","Black Star"],"potions_floor_usage":[6,6,20,20],"damage_taken":[{"damage":0,"enemies":"2 Louse","floor":1,"turns":3},{"damage":0,"enemies":"Small Slimes","floor":4,"turns":2},{"damage":4,"enemies":"Jaw Worm","floor":5,"turns":2},{"damage":25,"enemies":"3 Sentries","floor":6,"turns":3},{"damage":16,"enemies":"Gremlin Nob","floor":8,"turns":3},{"damage":0,"enemies":"2 Fungi Beasts","floor":11,"turns":3},{"damage":2,"enemies":"Red Slaver","floor":14,"turns":4},{"damage":24,"enemies":"The Guardian","floor":16,"turns":13},{"damage":28,"enemies":"Shell Parasite","floor":18,"turns":7},{"damage":23,"enemies":"3 Byrds","floor":20,"turns":4},{"damage":36,"enemies":"Cultist and Chosen","floor":25,"turns":5}],"seed_played":"8325277637024808898","potions_obtained":[{"floor":4,"key":"Energy Potion"},{"floor":5,"key":"FocusPotion"},{"floor":8,"key":"Strength Potion"},{"floor":14,"key":"Energy Potion"}],"is_trial":false,"path_per_floor":["M","$","?","M","M","E","R","E","T","?","M","?","R","M","R","B",null,"M","$","M","?","$","?","R"],"character_chosen":"DEFECT","items_purchased":["Tempest","Chrysalis","Conserve Battery"],"campfire_rested":2,"item_purchase_floors":[2,19,22],"current_hp_per_floor":[68,68,53,53,49,24,24,8,8,8,8,8,30,28,28,4,57,29,29,6,6,6,6,28,0],"gold":27,"neow_bonus":"","is_prod":false,"is_daily":false,"chose_seed":false,"campfire_upgraded":2,"win_rate":0,"timestamp":1537290640,"path_taken":["M","$","?","M","M","E","R","E","T","?","M","?","R","M","R","BOSS","M","$","M","?","$","?","R","M"],"build_version":"2018-09-17","purchased_purges":0,"victory":false,"max_hp_per_floor":[75,75,75,75,75,75,75,75,75,75,75,75,75,75,75,75,75,75,75,75,75,75,75,75,75],"card_choices":[{"not_picked":["Go for the Eyes","Coolheaded"],"picked":"Sweeping Beam","floor":1},{"not_picked":["Hologram","Capacitor"],"picked":"Cold Snap","floor":4},{"not_picked":["Hologram","Force Field"],"picked":"Ball Lightning","floor":5},{"not_picked":["Rainbow","Meteor Strike"],"picked":"Lockon","floor":6},{"not_picked":["Reinforced Body","Scrape"],"picked":"Doom and Gloom","floor":8},{"not_picked":["Heatsinks","Leap"],"picked":"Steam","floor":11},{"not_picked":["Barrage","Steam"],"picked":"Cold Snap","floor":14},{"not_picked":["Machine Learning","Amplify"],"picked":"Core Surge","floor":16},{"not_picked":["Recycle","Conserve Battery"],"picked":"Sunder","floor":18},{"not_picked":["Rebound","Redo+1"],"picked":"White Noise","floor":20}],"player_experience":457919,"relics_obtained":[{"floor":6,"key":"PreservedInsect"},{"floor":8,"key":"Torii"},{"floor":9,"key":"Bottled Flame"}],"event_choices":[{"event_name":"Shining Light","player_choice":"Entered Light","floor":3,"damage_taken":0},{"event_name":"World of Goop","player_choice":"Left","floor":10,"damage_taken":0},{"event_name":"Scrap Ooze","player_choice":"unsuccessful","floor":12,"damage_taken":0},{"event_name":"Nest","player_choice":"Stole From Cult","floor":21,"damage_taken":0},{"event_name":"The Joust","player_choice":"Bet on Murderer","floor":23,"damage_taken":0}],"is_beta":true,"boss_relics":[{"not_picked":["Empty Cage","Astrolabe"],"picked":"Black Star"}],"items_purged_floors":[],"is_endless":false,"potions_floor_spawned":[4,5,8,14,16,18],"killed_by":"Cultist and Chosen","ascension_level":13}