{"gold_per_floor":[110,120,130,130,42,42,53,78,78,78,78],"floor_reached":11,"playtime":431,"items_purged":[],"score":146,"play_id":"bbf34a08-de32-4715-88cf-31b6abb798e6","local_time":"20190130190722","is_ascension_mode":true,"campfire_choices":[{"data":"Bash","floor":6,"key":"SMITH"},{"floor":10,"key":"REST"}],"neow_cost":"NONE","seed_source_timestamp":0,"circlet_count":0,"master_deck":["AscendersBane","Strike_R","Strike_R","Strike_R","Strike_R","Strike_R","Defend_R","Defend_R","Defend_R","Defend_R","Bash+1","Sword Boomerang","Pommel Strike","Rage","Disarm","Armaments"],"special_seed":0,"relics":["Burning Blood","Ancient Tea Set","GremlinMask","Darkstone Periapt","Singing Bowl"],"potions_floor_usage":[11,11],"damage_taken":[{"damage":12,"enemies":"2 Louse","floor":1,"turns":3},{"damage":6,"enemies":"Cultist","floor":2,"turns":3},{"damage":0,"enemies":"Small Slimes","floor":3,"turns":3},{"damage":16,"enemies":"Red Slaver","floor":7,"turns":4},{"damage":56,"enemies":"Gremlin Nob","floor":8,"turns":5},{"damage":44,"enemies":"Exordium Thugs","floor":11,"turns":6}],"seed_played":"1935576469354828732","potions_obtained":[{"floor":2,"key":"EssenceOfSteel"},{"floor":8,"key":"SpeedPotion"}],"is_trial":false,"path_per_floor":["M","M","M","?","$","R","M","E","T","R","M"],"character_chosen":"IRONCLAD","items_purchased":["Disarm"],"campfire_rested":1,"item_purchase_floors":[5],"current_hp_per_floor":[62,62,68,68,68,68,58,8,8,30,0],"gold":78,"neow_bonus":"RANDOM_COMMON_RELIC","is_prod":false,"is_daily":false,"chose_seed":false,"campfire_upgraded":1,"win_rate":0,"timestamp":1548871642,"path_taken":["M","M","M","?","$","R","?","E","T","R","M"],"build_version":"2019-01-23","purchased_purges":0,"victory":false,"max_hp_per_floor":[75,75,75,75,75,75,75,75,75,75,75],"card_choices":[{"not_picked":["Body Slam","Disarm"],"picked":"Sword Boomerang","floor":1},{"not_picked":["Iron Wave","Sever Soul"],"picked":"Pommel Strike","floor":2},{"not_picked":["Clothesline","Power Through"],"picked":"Rage","floor":3},{"not_picked":["Flex","Wild Strike","Havoc"],"picked":"SKIP","floor":7},{"not_picked":["Intimidate","Combust"],"picked":"Armaments","floor":8}],"player_experience":1184290,"relics_obtained":[{"floor":8,"key":"Darkstone Periapt"},{"floor":9,"key":"Singing Bowl"}],"event_choices":[{"damage_healed":0,"gold_gain":0,"player_choice":"Trade","damage_taken":0,"relics_obtained":["GremlinMask"],"max_hp_gain":0,"max_hp_loss":0,"event_name":"FaceTrader","floor":4,"gold_loss":0}],"is_beta":false,"boss_relics":[],"items_purged_floors":[],"is_endless":false,"potions_floor_spawned":[2,8],"killed_by":"Exordium Thugs","ascension_level":20}