{"gold_per_floor":[119,130,95,169,189,189,189,189,216,239,279,302,345,35,35,35],"floor_reached":16,"playtime":1158,"items_purged":[],"score":220,"play_id":"64fcf45b-9581-4bb0-ab7f-583bd13a6e24","local_time":"20190114224724","is_ascension_mode":true,"campfire_choices":[{"data":"Bash","floor":6,"key":"SMITH"},{"floor":15,"key":"DIG"}],"neow_cost":"PERCENT_DAMAGE","seed_source_timestamp":43098343218848,"circlet_count":0,"master_deck":["AscendersBane","Strike_R","Strike_R","Strike_R","Defend_R","Defend_R","Defend_R","Defend_R","Bash+1","Evolve","Clothesline","Iron Wave","Feed","Armaments","Fiend Fire","Cleave","Thunderclap"],"relics":["Burning Blood","MawBank","Lantern","Strawberry","Shovel","Matryoshka"],"potions_floor_usage":[10,11,13],"damage_taken":[{"damage":9,"enemies":"Jaw Worm","floor":1,"turns":5},{"damage":1,"enemies":"Small Slimes","floor":2,"turns":4},{"damage":10,"enemies":"2 Louse","floor":5,"turns":3},{"damage":5,"enemies":"Gremlin Gang","floor":10,"turns":3},{"damage":20,"enemies":"3 Sentries","floor":11,"turns":10},{"damage":9,"enemies":"Exordium Thugs","floor":12,"turns":5},{"damage":25,"enemies":"Lagavulin","floor":13,"turns":6},{"damage":56,"enemies":"Slime Boss","floor":16,"turns":7}],"seed_played":"5492526801506127076","potions_obtained":[{"floor":2,"key":"Explosive Potion"},{"floor":10,"key":"SkillPotion"},{"floor":12,"key":"Fire Potion"}],"is_trial":false,"path_per_floor":["M","M","?","?","M","R","$","?","T","M","E","M","E","$","R","B"],"character_chosen":"IRONCLAD","items_purchased":["Shovel"],"campfire_rested":0,"item_purchase_floors":[14],"current_hp_per_floor":[47,52,70,70,66,66,66,75,75,78,67,67,55,55,55,0],"gold":35,"neow_bonus":"TRANSFORM_TWO_CARDS","is_prod":false,"is_daily":false,"chose_seed":false,"campfire_upgraded":1,"win_rate":0,"timestamp":1547502444,"path_taken":["M","M","?","?","M","R","$","?","T","M","E","M","E","$","R","BOSS"],"build_version":"2019-01-10","purchased_purges":0,"victory":false,"max_hp_per_floor":[75,75,75,75,75,75,75,75,75,78,81,84,91,91,91,91],"card_choices":[{"not_picked":["Armaments","Fire Breathing"],"picked":"Clothesline","floor":1},{"not_picked":["Warcry","Wild Strike"],"picked":"Iron Wave","floor":2},{"not_picked":["Body Slam","True Grit"],"picked":"Feed","floor":5},{"not_picked":["Entrench","Clothesline"],"picked":"Armaments","floor":10},{"not_picked":["Feed","Clothesline"],"picked":"Fiend Fire","floor":11},{"not_picked":["Dropkick","hubris:CleavingFinish"],"picked":"Cleave","floor":12},{"not_picked":["Clash","hubris:SharpeningStone"],"picked":"Thunderclap","floor":13}],"player_experience":1109979,"relics_obtained":[{"floor":9,"key":"MawBank"},{"floor":11,"key":"Lantern"},{"floor":13,"key":"Strawberry"},{"floor":15,"key":"Matryoshka"}],"event_choices":[{"damage_healed":18,"gold_gain":0,"player_choice":"Healed","damage_taken":0,"max_hp_gain":0,"max_hp_loss":0,"event_name":"The Cleric","floor":3,"gold_loss":35},{"damage_healed":0,"gold_gain":74,"player_choice":"Gained Gold","damage_taken":0,"max_hp_gain":0,"max_hp_loss":0,"event_name":"Golden Wing","floor":4,"gold_loss":0},{"cards_removed":["Intimidate"],"damage_healed":9,"gold_gain":0,"player_choice":"Offered Uncommon","damage_taken":0,"max_hp_gain":0,"max_hp_loss":0,"event_name":"Bonfire Elementals","floor":8,"gold_loss":0}],"is_beta":false,"boss_relics":[],"items_purged_floors":[],"is_endless":false,"potions_floor_spawned":[2,10,12],"killed_by":"Slime Boss","ascension_level":20}