{"gold_per_floor":[119,119,119,119,119,150,150,225,225,250,283,558,591,606,606,606],"floor_reached":16,"playtime":752,"items_purged":[],"score":282,"play_id":"7c16eac0-2d44-4c21-bf16-ef2fdf2d7f49","local_time":"20190504231956","is_ascension_mode":true,"campfire_choices":[{"data":"Poisoned Stab","floor":7,"key":"SMITH"},{"data":"Crippling Poison","floor":15,"key":"SMITH"}],"neow_cost":"NONE","seed_source_timestamp":51029412658753,"circlet_count":0,"master_deck":["AscendersBane","Defend_G","Defend_G","Defend_G","Defend_G","Defend_G","Strike_G","Strike_G","Strike_G","Strike_G","Strike_G","Survivor","Neutralize+1","Leg Sweep","Poisoned Stab+1","Crippling Poison+1","Escape Plan","Bane","PiercingWail","Backflip"],"relics":["Ring of the Snake","NeowsBlessing","Gremlin Horn","Blue Candle","Golden Idol","Prayer Wheel","Happy Flower","Omamori","Strawberry"],"potions_floor_usage":[13,13],"damage_taken":[{"damage":0,"enemies":"Jaw Worm","floor":1,"turns":1},{"damage":0,"enemies":"Lagavulin","floor":6,"turns":2},{"damage":0,"enemies":"Small Slimes","floor":10,"turns":1},{"damage":25,"enemies":"3 Sentries","floor":11,"turns":12},{"damage":24,"enemies":"Gremlin Nob","floor":13,"turns":4},{"damage":0,"enemies":"2 Louse","floor":14,"turns":2},{"damage":16,"enemies":"Hexaghost","floor":16,"turns":9}],"seed_played":"5603509615271660491","potions_obtained":[{"floor":1,"key":"Explosive Potion"},{"floor":10,"key":"Regen Potion"}],"is_trial":false,"path_per_floor":["M","?","T","?","?","E","R","?","T","M","E","?","E","M","R","B"],"character_chosen":"THE_SILENT","items_purchased":[],"campfire_rested":0,"item_purchase_floors":[],"current_hp_per_floor":[59,54,54,54,54,54,54,43,43,43,18,18,13,13,13,0],"gold":606,"neow_bonus":"THREE_ENEMY_KILL","is_prod":false,"is_daily":false,"chose_seed":false,"campfire_upgraded":2,"win_rate":0,"timestamp":1557004796,"path_taken":["M","?","?","?","?","E","R","?","T","?","E","?","E","?","R","BOSS"],"build_version":"2019-01-23","purchased_purges":0,"victory":false,"max_hp_per_floor":[66,66,66,60,60,60,60,60,60,60,60,60,67,67,67,67],"card_choices":[{"not_picked":["Outmaneuver","Sucker Punch"],"picked":"Leg Sweep","floor":1},{"not_picked":["Terror","PiercingWail"],"picked":"Poisoned Stab","floor":6},{"not_picked":["Distraction","Backflip"],"picked":"Crippling Poison","floor":10},{"not_picked":["Quick Slash","Expertise"],"picked":"Escape Plan","floor":10},{"not_picked":["Acrobatics","Grand Finale"],"picked":"Bane","floor":11},{"not_picked":["Cloak And Dagger","Bane"],"picked":"PiercingWail","floor":13},{"not_picked":["Flechettes","PiercingWail"],"picked":"Backflip","floor":14},{"not_picked":["Glass Knife","Prepared","Blade Dance"],"picked":"SKIP","floor":14}],"player_experience":1651113,"relics_obtained":[{"floor":3,"key":"Blue Candle"},{"floor":6,"key":"Prayer Wheel"},{"floor":9,"key":"Happy Flower"},{"floor":11,"key":"Omamori"},{"floor":13,"key":"Strawberry"}],"event_choices":[{"damage_healed":0,"gold_gain":0,"player_choice":"Success","damage_taken":5,"relics_obtained":["Gremlin Horn"],"max_hp_gain":0,"max_hp_loss":0,"event_name":"Scrap Ooze","floor":2,"gold_loss":0},{"damage_healed":0,"gold_gain":0,"player_choice":"Lose Max HP","damage_taken":0,"relics_obtained":["Golden Idol"],"max_hp_gain":0,"max_hp_loss":6,"event_name":"Golden Idol","floor":4,"gold_loss":0},{"damage_healed":0,"gold_gain":0,"player_choice":"Grow","damage_taken":0,"max_hp_gain":0,"max_hp_loss":0,"event_name":"Living Wall","floor":5,"gold_loss":0,"cards_upgraded":["Neutralize"]},{"damage_healed":0,"gold_gain":75,"player_choice":"Gather Gold","damage_taken":11,"max_hp_gain":0,"max_hp_loss":0,"event_name":"World of Goop","floor":8,"gold_loss":0},{"damage_healed":0,"gold_gain":275,"player_choice":"Desecrate","damage_taken":0,"max_hp_gain":0,"max_hp_loss":0,"event_name":"Golden Shrine","floor":12,"gold_loss":0,"cards_obtained":["Regret"]}],"is_beta":false,"boss_relics":[],"items_purged_floors":[],"is_endless":false,"potions_floor_spawned":[1,10,11],"killed_by":"Hexaghost","ascension_level":20}