{"gold_per_floor":[214,214,45,45,61,61,100,4,28,28,43,43,79,103,103,103],"floor_reached":16,"playtime":439,"items_purged":[],"score":212,"play_id":"dcf54e6b-c904-4ce9-b647-baf04fd6772b","local_time":"20190513083142","is_ascension_mode":true,"campfire_choices":[{"data":"Inflame","floor":6,"key":"SMITH"},{"data":"Carnage","floor":10,"key":"SMITH"},{"data":"Shockwave","floor":15,"key":"SMITH"}],"neow_cost":"NONE","seed_source_timestamp":5325356307573,"circlet_count":0,"master_deck":["AscendersBane","Strike_R","Strike_R","Strike_R","Strike_R","Defend_R","Defend_R","Defend_R","Defend_R","Bash","Shockwave+1","Inflame+1","Rampage","Thunderclap","Carnage+1","Disarm","Shrug It Off","Twin Strike"],"relics":["Burning Blood","Golden Idol","Self Forming Clay","Happy Flower","Bag of Marbles","Blue Candle","Potion Belt"],"potions_floor_usage":[7,16],"damage_taken":[{"damage":14,"enemies":"2 Louse","floor":1,"turns":3},{"damage":2,"enemies":"Jaw Worm","floor":5,"turns":5},{"damage":32,"enemies":"Gremlin Nob","floor":7,"turns":4},{"damage":0,"enemies":"Small Slimes","floor":11,"turns":4},{"damage":10,"enemies":"3 Sentries","floor":13,"turns":6},{"damage":31,"enemies":"Slime Boss","floor":16,"turns":8}],"seed_played":"-5262538881522198262","potions_obtained":[{"floor":1,"key":"Block Potion"},{"floor":5,"key":"Strength Potion"},{"floor":13,"key":"LiquidBronze"}],"is_trial":false,"path_per_floor":["M","?","$","?","M","R","E","$","T","R","M","?","E","T","R","B"],"character_chosen":"IRONCLAD","items_purchased":["Inflame","Rampage","Disarm","Shrug It Off"],"campfire_rested":0,"item_purchase_floors":[3,3,8,8],"current_hp_per_floor":[60,53,53,53,57,57,31,31,31,31,37,32,28,28,28,0],"gold":103,"neow_bonus":"HUNDRED_GOLD","is_prod":false,"is_daily":false,"chose_seed":false,"campfire_upgraded":3,"win_rate":0,"timestamp":1557729102,"path_taken":["M","?","?","?","M","R","E","$","T","R","?","?","E","?","R","BOSS"],"build_version":"2019-01-23","purchased_purges":0,"victory":false,"max_hp_per_floor":[75,75,75,68,68,68,68,68,68,68,68,68,68,68,68,68],"card_choices":[{"not_picked":["Iron Wave","True Grit"],"picked":"Shockwave","floor":1},{"not_picked":["Clothesline","Warcry"],"picked":"Thunderclap","floor":5},{"not_picked":["Body Slam","Bloodletting"],"picked":"Carnage","floor":7},{"not_picked":["Second Wind","Intimidate"],"picked":"Twin Strike","floor":11},{"not_picked":["Clothesline","Searing Blow","Thunderclap"],"picked":"SKIP","floor":13}],"player_experience":1683287,"relics_obtained":[{"floor":7,"key":"Self Forming Clay"},{"floor":9,"key":"Happy Flower"},{"floor":13,"key":"Blue Candle"},{"floor":14,"key":"Potion Belt"}],"event_choices":[{"cards_removed":["Strike_R"],"damage_healed":0,"gold_gain":0,"player_choice":"Card Removal","damage_taken":7,"max_hp_gain":0,"max_hp_loss":0,"event_name":"Golden Wing","floor":2,"gold_loss":0},{"damage_healed":0,"gold_gain":0,"player_choice":"Lose Max HP","damage_taken":0,"relics_obtained":["Golden Idol"],"max_hp_gain":0,"max_hp_loss":7,"event_name":"Golden Idol","floor":4,"gold_loss":0},{"damage_healed":0,"gold_gain":0,"player_choice":"Success","damage_taken":5,"relics_obtained":["Bag of Marbles"],"max_hp_gain":0,"max_hp_loss":0,"event_name":"Scrap Ooze","floor":12,"gold_loss":0}],"is_beta":false,"boss_relics":[],"items_purged_floors":[],"is_endless":false,"potions_floor_spawned":[1,5,13],"killed_by":"Slime Boss","ascension_level":20}