{"gold_per_floor":[117,129,129,129,129,129,148,178,203,217,13,13,33,69,69,69],"floor_reached":16,"playtime":590,"items_purged":["Strike_G"],"score":220,"play_id":"9e2cd965-8e63-4890-929a-9403113df61d","local_time":"20190828110940","is_ascension_mode":true,"campfire_choices":[{"data":"Infinite Blades","floor":6,"key":"SMITH"},{"floor":15,"key":"REST"}],"neow_cost":"NONE","seed_source_timestamp":4816493447061,"circlet_count":0,"master_deck":["AscendersBane","Strike_G","Strike_G","Strike_G","Defend_G","Defend_G","Defend_G","Defend_G","Defend_G","Survivor","Neutralize","Bouncing Flask+1","Infinite Blades+1","Sucker Punch","Infinite Blades","Skewer","Footwork","Backstab","Crippling Poison","Deadly Poison"],"relics":["Ring of the Snake","Orichalcum","Anchor","Golden Idol","Ice Cream"],"potions_floor_usage":[10,13,14,14],"damage_taken":[{"damage":10,"enemies":"Jaw Worm","floor":1,"turns":8},{"damage":4,"enemies":"Small Slimes","floor":2,"turns":4},{"damage":0,"enemies":"2 Louse","floor":7,"turns":2},{"damage":19,"enemies":"Gremlin Nob","floor":8,"turns":4},{"damage":12,"enemies":"Gremlin Gang","floor":10,"turns":4},{"damage":12,"enemies":"Large Slime","floor":13,"turns":7},{"damage":1,"enemies":"3 Sentries","floor":14,"turns":9},{"damage":34,"enemies":"Slime Boss","floor":16,"turns":7}],"seed_played":"-6813746136780594489","potions_obtained":[{"floor":1,"key":"Dexterity Potion"},{"floor":5,"key":"Swift Potion"},{"floor":8,"key":"Fire Potion"},{"floor":10,"key":"Dexterity Potion"},{"floor":13,"key":"Regen Potion"}],"is_trial":false,"path_per_floor":["M","M","?","?","?","R","M","E","T","M","$","?","M","E","R","B"],"character_chosen":"THE_SILENT","items_purchased":["Footwork","Backstab"],"campfire_rested":1,"item_purchase_floors":[11,11],"current_hp_per_floor":[55,51,44,44,44,44,44,25,25,13,13,13,1,15,34,0],"gold":69,"neow_bonus":"TEN_PERCENT_HP_BONUS","is_prod":false,"is_daily":false,"chose_seed":false,"campfire_upgraded":1,"win_rate":0,"timestamp":1566983380,"path_taken":["M","M","?","?","?","R","?","E","T","M","$","?","M","E","R","BOSS"],"build_version":"2019-07-17","purchased_purges":1,"victory":false,"max_hp_per_floor":[72,72,72,72,72,72,72,72,72,72,72,65,65,65,65,65],"card_choices":[{"not_picked":["Terror","Bane"],"picked":"Bouncing Flask","floor":1},{"not_picked":["Calculated Gamble","Flying Knee"],"picked":"Infinite Blades","floor":2},{"not_picked":["Bane","Slice"],"picked":"Sucker Punch","floor":7},{"not_picked":["Grand Finale","Flying Knee"],"picked":"Infinite Blades","floor":8},{"not_picked":["Setup","Bane"],"picked":"Skewer","floor":10},{"not_picked":["Outmaneuver","Underhanded Strike"],"picked":"Crippling Poison","floor":13},{"not_picked":["Expertise","Slice"],"picked":"Deadly Poison","floor":14}],"player_experience":1983107,"relics_obtained":[{"floor":8,"key":"Orichalcum"},{"floor":9,"key":"Anchor"},{"floor":14,"key":"Ice Cream"}],"event_choices":[{"cards_removed":["Strike_G"],"damage_healed":0,"gold_gain":0,"player_choice":"Card Removal","damage_taken":7,"max_hp_gain":0,"max_hp_loss":0,"event_name":"Golden Wing","floor":3,"gold_loss":0},{"damage_healed":0,"gold_gain":0,"player_choice":"Grow","damage_taken":0,"max_hp_gain":0,"max_hp_loss":0,"event_name":"Living Wall","floor":4,"gold_loss":0,"cards_upgraded":["Bouncing Flask"]},{"damage_healed":0,"gold_gain":0,"player_choice":"Got Potions","damage_taken":0,"max_hp_gain":0,"max_hp_loss":0,"event_name":"Lab","floor":5,"gold_loss":0},{"damage_healed":0,"gold_gain":0,"player_choice":"Lose Max HP","damage_taken":0,"relics_obtained":["Golden Idol"],"max_hp_gain":0,"max_hp_loss":7,"event_name":"Golden Idol","floor":12,"gold_loss":0}],"is_beta":false,"boss_relics":[],"items_purged_floors":[11],"is_endless":false,"potions_floor_spawned":[1,8,10,13],"killed_by":"Slime Boss","ascension_level":20}