{"gold_per_floor":[113,113,129,25,25,25,36,60,60,75,150,176,188,228,240,326,338,365,377,48,67,87,87,87],"floor_reached":24,"playtime":708,"items_purged":["Strike_R"],"score":408,"play_id":"b5e969e4-bae7-43ae-b222-41e11f0c4371","local_time":"20190328105546","is_ascension_mode":true,"campfire_choices":[{"data":"Bash","floor":6,"key":"SMITH"},{"data":"Limit Break","floor":15,"key":"SMITH"},{"floor":23,"key":"REST"}],"neow_cost":"NONE","seed_source_timestamp":5600612238358,"circlet_count":0,"master_deck":["AscendersBane","Strike_R","Strike_R","Defend_R","Defend_R","Defend_R","Defend_R","Bash+1","Dark Embrace","Pommel Strike","Anger","Shrug It Off","Infernal Blade","Rampage+1","Limit Break+1","Feed+1","Entrench+1","Warcry+1","Whirlwind+1","Metallicize","Ghostly","Ghostly","Ghostly","Feel No Pain","Body Slam+1","Headbutt+1"],"relics":["Burning Blood","Smiling Mask","Omamori","Molten Egg 2","MawBank","The Courier","Red Skull","Astrolabe","Mango"],"potions_floor_usage":[10,16,24],"damage_taken":[{"damage":12,"enemies":"Cultist","floor":1,"turns":4},{"damage":7,"enemies":"Jaw Worm","floor":3,"turns":3},{"damage":0,"enemies":"2 Louse","floor":7,"turns":2},{"damage":4,"enemies":"2 Fungi Beasts","floor":10,"turns":3},{"damage":39,"enemies":"Gremlin Nob","floor":12,"turns":4},{"damage":19,"enemies":"3 Sentries","floor":14,"turns":7},{"damage":9,"enemies":"Hexaghost","floor":16,"turns":5},{"damage":42,"enemies":"3 Byrds","floor":18,"turns":5},{"damage":23,"enemies":"Spheric Guardian","floor":21,"turns":7},{"damage":24,"enemies":"Shelled Parasite and Fungi","floor":22,"turns":6},{"damage":28,"enemies":"Book of Stabbing","floor":24,"turns":5}],"seed_played":"-5951919437860745608","potions_obtained":[{"floor":3,"key":"Explosive Potion"},{"floor":12,"key":"Weak Potion"},{"floor":18,"key":"GamblersBrew"},{"floor":22,"key":"EssenceOfSteel"}],"is_trial":false,"path_per_floor":["M","T","M","$","?","R","M","T","T","M","?","E","T","E","R","B",null,"M","?","$","M","M","R","E"],"character_chosen":"IRONCLAD","items_purchased":["Shrug It Off","Mango","Feel No Pain"],"campfire_rested":1,"item_purchase_floors":[4,20,20],"current_hp_per_floor":[62,62,61,61,61,61,67,67,67,69,58,25,25,12,12,9,59,27,27,41,24,10,27,0],"gold":87,"neow_bonus":"ONE_RANDOM_RARE_CARD","is_prod":false,"is_daily":false,"chose_seed":false,"campfire_upgraded":2,"win_rate":0,"timestamp":1553766946,"path_taken":["M","?","M","?","?","R","M","?","T","M","?","E","?","E","R","BOSS","M","?","$","M","M","R","E"],"build_version":"2019-01-23","purchased_purges":1,"victory":false,"max_hp_per_floor":[75,75,75,75,75,75,75,75,75,75,75,75,75,75,75,75,75,79,39,53,53,57,57,57],"card_choices":[{"not_picked":["Havoc","Blood for Blood"],"picked":"Pommel Strike","floor":1},{"not_picked":["True Grit","Armaments"],"picked":"Anger","floor":3},{"not_picked":["Hemokinesis","Flex"],"picked":"Infernal Blade","floor":7},{"not_picked":["Shrug It Off","Iron Wave+1"],"picked":"Perfected Strike+1","floor":10},{"not_picked":["Rage","Whirlwind+1"],"picked":"Rampage+1","floor":12},{"not_picked":["Combust","Body Slam+1"],"picked":"Limit Break","floor":14},{"not_picked":["Offering","Fiend Fire+1"],"picked":"Feed+1","floor":16},{"not_picked":["Headbutt+1","Clothesline+1"],"picked":"Metallicize","floor":18},{"not_picked":["Thunderclap+1","Bloodletting"],"picked":"Body Slam+1","floor":21},{"not_picked":["Twin Strike+1","Clash+1"],"picked":"Headbutt+1","floor":22}],"player_experience":1492360,"relics_obtained":[{"floor":2,"key":"Smiling Mask"},{"floor":8,"key":"Omamori"},{"floor":9,"key":"Molten Egg 2"},{"floor":12,"key":"MawBank"},{"floor":13,"key":"The Courier"},{"floor":14,"key":"Red Skull"}],"event_choices":[{"damage_healed":0,"gold_gain":0,"player_choice":"Ignored","damage_taken":0,"max_hp_gain":0,"max_hp_loss":0,"event_name":"Liars Game","floor":5,"gold_loss":0},{"damage_healed":0,"gold_gain":75,"player_choice":"Gather Gold","damage_taken":11,"max_hp_gain":0,"max_hp_loss":0,"event_name":"World of Goop","floor":11,"gold_loss":0},{"damage_healed":0,"gold_gain":0,"player_choice":"Became a Ghost","damage_taken":0,"max_hp_gain":0,"max_hp_loss":40,"event_name":"Ghosts","floor":19,"gold_loss":0,"cards_obtained":["Ghostly","Ghostly","Ghostly"]}],"is_beta":false,"boss_relics":[{"not_picked":["Runic Cube","Empty Cage"],"picked":"Astrolabe"}],"items_purged_floors":[4],"is_endless":false,"potions_floor_spawned":[3,12,18,22],"killed_by":"Book of Stabbing","ascension_level":20}