{"path_per_floor":["M","?","$","?","M","E","?","M","T","R","E","M","R","M","R"],"character_chosen":"IRONCLAD","items_purchased":["Toolbox"],"gold_per_floor":[365,365,117,117,136,176,176,195,195,195,236,249,249,265,265,265],"floor_reached":16,"campfire_rested":0,"playtime":1377,"current_hp_per_floor":[72,72,72,54,59,39,39,39,39,39,32,39,39,42,42,0],"items_purged":[],"gold":265,"score":110,"play_id":"2b84f2e2-cbc1-4869-bc01-fc7a00765266","local_time":"20180512082941","is_prod":false,"is_daily":false,"chose_seed":false,"is_ascension_mode":false,"campfire_upgraded":3,"timestamp":1526106581,"path_taken":["M","?","$","?","M","E","?","?","T","R","E","M","R","M","R","BOSS"],"build_version":"2018-05-10","seed_source_timestamp":327498447466,"purchased_purges":0,"victory":false,"master_deck":["Strike_R","Strike_R","Strike_R","Strike_R","Strike_R","Defend_R","Defend_R","Defend_R","Defend_R","Bash","Battle Trance","Anger","Bash","Barricade+1","Intimidate","Reckless Charge","Pommel Strike","Intimidate","Seeing Red+1","Searing Blow+1"],"max_hp_per_floor":[72,72,72,72,72,72,72,72,72,72,72,72,72,72,72,72],"relics":["Burning Blood","Toolbox","Golden Idol","Bottled Tornado","Darkstone Periapt","Ornamental Fan"],"card_choices":[{"not_picked":["Body Slam","Twin Strike"],"picked":"Battle Trance","floor":1},{"not_picked":["Heavy Blade","Sword Boomerang"],"picked":"Intimidate","floor":5},{"not_picked":["Clothesline","Sword Boomerang"],"picked":"Reckless Charge","floor":6},{"not_picked":["Dropkick","Blood for Blood"],"picked":"Pommel Strike","floor":8},{"not_picked":["Brutality","Entrench"],"picked":"Intimidate","floor":11},{"not_picked":["Flex","Pummel"],"picked":"Seeing Red","floor":12},{"not_picked":["Heavy Blade","Entrench"],"picked":"Searing Blow","floor":14}],"player_experience":10949,"potions_floor_usage":[11,16,16,16],"damage_taken":[{"damage":1,"enemies":"2 Louse","floor":1,"turns":3},{"damage":1,"enemies":"Cultist","floor":5,"turns":3},{"damage":26,"enemies":"Lagavulin","floor":6,"turns":6},{"damage":6,"enemies":"Jaw Worm","floor":8,"turns":2},{"damage":13,"enemies":"Gremlin Nob","floor":11,"turns":4},{"damage":3,"enemies":"2 Fungi Beasts","floor":12,"turns":4},{"damage":3,"enemies":"Looter","floor":14,"turns":2},{"damage":54,"enemies":"Slime Boss","floor":16,"turns":8}],"event_choices":[{"event_name":"Match and Keep!","player_choice":"3 cards matched","floor":2,"damage_taken":0},{"event_name":"Golden Idol","player_choice":"Take Damage","floor":4,"damage_taken":0},{"event_name":"Golden Wing","player_choice":"Ignored","floor":7,"damage_taken":0}],"boss_relics":[],"potions_floor_spawned":[8,11,12,14],"seed_played":"6697589550647808884","killed_by":"Slime Boss","ascension_level":0,"is_trial":false}