{"gold_per_floor":[117,117,117,128,128,157,157,232,232,248,282,297,317,330,330,425,425,445,464,479,404,404,404,421,421,421,432,432,357,370,49,49,153,153,166,166,181,181,201,201,221,221,221,221,239,269,269,281,281,281],"floor_reached":50,"playtime":3894,"items_purged":["Strike_P","Defend_P"],"score":536,"play_id":"c977a9d7-c229-4639-a3de-d73512510d83","local_time":"20190911155204","is_ascension_mode":false,"campfire_choices":[{"data":"Consecrate","floor":7.0,"key":"SMITH"},{"floor":15.0,"key":"REST"},{"data":"WindmillStrike","floor":23.0,"key":"SMITH"},{"data":"DevaForm","floor":25.0,"key":"SMITH"},{"floor":28.0,"key":"REST"},{"floor":32.0,"key":"REST"},{"floor":40.0,"key":"REST"},{"data":"DeceiveReality","floor":47.0,"key":"SMITH"},{"floor":49.0,"key":"REST"}],"neow_cost":"NONE","seed_source_timestamp":0,"circlet_count":0,"master_deck":["Strike_P","Strike_P","Defend_P","Defend_P","Defend_P","Eruption","Vigilance","Consecrate+1","Worship","WindmillStrike+1","ReachHeaven","DeceiveReality+1","WindmillStrike","DevaForm+1","DeceiveReality","Unraveling"],"special_seed":0,"relics":["PureWater","NeowsBlessing","FaceOfCleric","Centennial Puzzle","Bottled Lightning","Blood Vial","Sozu","Bottled Tornado","Membership Card","Shuriken","SlaversCollar","Bird Faced Urn","Dodecahedron","Smiling Mask"],"potions_floor_usage":[],"damage_taken":[{"damage":0.0,"enemies":"2 Louse","floor":1.0,"turns":1.0},{"damage":0.0,"enemies":"Cultist","floor":4.0,"turns":1.0},{"damage":0.0,"enemies":"3 Sentries","floor":6.0,"turns":1.0},{"damage":0.0,"enemies":"Small Slimes","floor":10.0,"turns":3.0},{"damage":28.0,"enemies":"Gremlin Nob","floor":11.0,"turns":3.0},{"damage":18.0,"enemies":"2 Fungi Beasts","floor":12.0,"turns":2.0},{"damage":10.0,"enemies":"Large Slime","floor":13.0,"turns":4.0},{"damage":0.0,"enemies":"3 Louse","floor":14.0,"turns":2.0},{"damage":7.0,"enemies":"Slime Boss","floor":16.0,"turns":6.0},{"damage":5.0,"enemies":"Spheric Guardian","floor":18.0,"turns":4.0},{"damage":19.0,"enemies":"3 Byrds","floor":19.0,"turns":7.0},{"damage":3.0,"enemies":"Snecko","floor":20.0,"turns":8.0},{"damage":19.0,"enemies":"Centurion and Healer","floor":24.0,"turns":7.0},{"damage":20.0,"enemies":"3 Cultists","floor":27.0,"turns":6.0},{"damage":10.0,"enemies":"Cultist and Chosen","floor":30.0,"turns":10.0},{"damage":36.0,"enemies":"Champ","floor":33.0,"turns":15.0},{"damage":40.0,"enemies":"3 Shapes","floor":35.0,"turns":5.0},{"damage":10.0,"enemies":"3 Darklings","floor":37.0,"turns":9.0},{"damage":5.0,"enemies":"Transient","floor":39.0,"turns":5.0},{"damage":13.0,"enemies":"Jaw Worm Horde","floor":41.0,"turns":9.0},{"damage":0.0,"enemies":"3 Darklings","floor":45.0,"turns":5.0},{"damage":27.0,"enemies":"Reptomancer","floor":46.0,"turns":5.0},{"damage":28.0,"enemies":"Writhing Mass","floor":48.0,"turns":5.0},{"damage":54,"enemies":"Donu and Deca","floor":50,"turns":6}],"seed_played":"2729670043006732407","potions_obtained":[{"floor":6.0,"key":"Energy Potion"},{"floor":13.0,"key":"Dexterity Potion"},{"floor":16.0,"key":"SteroidPotion"}],"is_trial":false,"path_per_floor":["M","?","$","M","?","E","R","?","T","M","E","M","M","M","R","B",null,"M","M","M","?","?","R","M","R","T","M","R","$","M","$","R","B",null,"M","?","M","T","M","R","M","?","T","?","M","E","R","M","R","B"],"character_chosen":"WATCHER","items_purchased":["Membership Card","Shuriken"],"campfire_rested":5,"item_purchase_floors":[31,31],"current_hp_per_floor":[65,65,65,66,66,67,67,56,56,57,30,15,8,11,32,28,73,69,53,53,53,53,53,37,37,37,20,43,43,36,36,59,26,80,41,41,34,34,34,58,50,50,50,50,55,33,33,10,34,0],"gold":281,"neow_bonus":"THREE_ENEMY_KILL","is_prod":false,"is_daily":false,"chose_seed":false,"campfire_upgraded":4,"win_rate":0.0,"timestamp":1568188324,"path_taken":["M","?","?","?","?","E","R","?","T","M","E","M","M","M","R","BOSS","M","M","M","?","?","R","M","R","T","M","R","$","M","$","R","BOSS","M","?","M","?","M","R","?","?","T","?","?","E","R","M","R","BOSS"],"build_version":"2019-09-10","purchased_purges":2,"victory":false,"max_hp_per_floor":[65,65,65,66,66,67,67,67,67,68,69,70,71,72,72,73,73,74,75,76,76,76,76,77,77,77,78,78,78,79,79,79,80,80,81,81,82,82,83,83,84,84,84,80,81,82,82,83,83,83],"card_choices":[{"not_picked":["Crescendo","PathToVictory"],"picked":"Consecrate","floor":1.0},{"not_picked":["JustLucky","CutThroughFate"],"picked":"Worship","floor":4.0},{"not_picked":["Omniscience","CutThroughFate","FollowUp"],"picked":"SKIP","floor":6.0},{"not_picked":["Scrawl","EmptyBody"],"picked":"WindmillStrike","floor":10.0},{"not_picked":["Weave","Conclude","Sanctity"],"picked":"SKIP","floor":11.0},{"not_picked":["PathToVictory","Sanctity"],"picked":"ReachHeaven","floor":12.0},{"not_picked":["Sanctity","ThirdEye"],"picked":"DeceiveReality","floor":13.0},{"not_picked":["TalkToTheHand","SandsOfTime"],"picked":"WindmillStrike","floor":14.0},{"not_picked":["Judgement","DeusExMachina"],"picked":"DevaForm","floor":16.0},{"not_picked":["Conclude","DeceiveReality","Consecrate"],"picked":"SKIP","floor":18.0},{"not_picked":["ThirdEye","FollowUp","Evaluate"],"picked":"SKIP","floor":19.0},{"not_picked":["Crescendo","Sanctity+1","Meditate"],"picked":"SKIP","floor":20.0},{"not_picked":["FollowUp","CutThroughFate","Halt"],"picked":"SKIP","floor":24.0},{"not_picked":["Sanctity+1","Nirvana"],"picked":"DeceiveReality","floor":27.0},{"not_picked":["Weave","EmptyMind","Halt"],"picked":"SKIP","floor":30.0},{"not_picked":["DeusExMachina","Nirvana"],"picked":"Unraveling","floor":33.0},{"not_picked":["EmptyMind","ClearTheMind+1","Scrawl"],"picked":"SKIP","floor":35.0},{"not_picked":["InnerPeace+1","EmptyFist","Sanctity"],"picked":"SKIP","floor":37.0},{"not_picked":["ThirdEye","Fasting","FearNoEvil+1"],"picked":"SKIP","floor":39.0},{"not_picked":["JustLucky","Omniscience","ThirdEye"],"picked":"SKIP","floor":41.0},{"not_picked":["Evaluate+1","JustLucky","CarveReality"],"picked":"SKIP","floor":45.0},{"not_picked":["Consecrate","Perseverance+1","SpiritShield+1"],"picked":"SKIP","floor":46.0},{"not_picked":["Weave","PathToVictory","Collect+1"],"picked":"SKIP","floor":48.0}],"player_experience":306934,"relics_obtained":[{"floor":6.0,"key":"Centennial Puzzle"},{"floor":9.0,"key":"Bottled Lightning"},{"floor":11.0,"key":"Blood Vial"},{"floor":26.0,"key":"Bottled Tornado"},{"floor":38.0,"key":"Bird Faced Urn"},{"floor":43.0,"key":"Dodecahedron"},{"floor":46.0,"key":"Smiling Mask"}],"event_choices":[{"damage_healed":0.0,"max_hp_gain":0.0,"max_hp_loss":0.0,"gold_gain":0.0,"event_name":"FaceTrader","player_choice":"Trade","floor":2.0,"gold_loss":0.0,"damage_taken":0.0,"relics_obtained":["FaceOfCleric"]},{"damage_healed":0.0,"max_hp_gain":0.0,"max_hp_loss":0.0,"gold_gain":0.0,"event_name":"Liars Game","player_choice":"Ignored","floor":5.0,"gold_loss":0.0,"damage_taken":0.0},{"damage_healed":0.0,"max_hp_gain":0.0,"max_hp_loss":0.0,"gold_gain":75.0,"event_name":"World of Goop","player_choice":"Gather Gold","floor":8.0,"gold_loss":0.0,"damage_taken":11.0},{"cards_removed":["Strike_P"],"damage_healed":0.0,"max_hp_gain":0.0,"max_hp_loss":0.0,"gold_gain":0.0,"event_name":"Beggar","player_choice":"Gave Gold","floor":21.0,"gold_loss":75.0,"damage_taken":0.0},{"damage_healed":0.0,"max_hp_gain":0.0,"max_hp_loss":0.0,"gold_gain":0.0,"event_name":"Vampires","player_choice":"Ignored","floor":22.0,"gold_loss":0.0,"damage_taken":0.0},{"damage_healed":0.0,"max_hp_gain":0.0,"max_hp_loss":0.0,"gold_gain":0.0,"event_name":"SensoryStone","player_choice":"Memory 1","floor":36.0,"gold_loss":0.0,"damage_taken":0.0},{"damage_healed":0.0,"max_hp_gain":0.0,"max_hp_loss":0.0,"gold_gain":0.0,"event_name":"Mysterious Sphere","player_choice":"Ignored","floor":42.0,"gold_loss":0.0,"damage_taken":0.0},{"damage_healed":0.0,"max_hp_gain":0.0,"max_hp_loss":4.0,"gold_gain":0.0,"event_name":"Winding Halls","player_choice":"Max HP","floor":44.0,"gold_loss":0.0,"damage_taken":0.0}],"is_beta":true,"boss_relics":[{"not_picked":["Velvet Choker","Pandora\u0027s Box"],"picked":"Sozu"},{"not_picked":["Black Star","Calling Bell"],"picked":"SlaversCollar"}],"items_purged_floors":[29,31],"is_endless":false,"potions_floor_spawned":[6,13,16,19,33,35,45],"killed_by":"Donu and Deca","ascension_level":0}