{"gold_per_floor":[112,18,18,31,50,50,76,76,152,152,152,195,213,213,213,309,309,334,354,354,65,75,107,107,166,166,166,166,166,166,201,201,274,274,293,313,413,413,426,426],"floor_reached":40,"playtime":1319,"items_purged":[],"score":1125,"play_id":"173e0aa4-df7a-48f6-95c6-dfd2204be07c","local_time":"20190320132139","is_ascension_mode":true,"campfire_choices":[{"data":"Hyperbeam","floor":6,"key":"SMITH"},{"data":"Defragment","floor":8,"key":"SMITH"},{"data":"Buffer","floor":11,"key":"SMITH"},{"data":"Defragment","floor":15,"key":"SMITH"},{"data":"Storm","floor":24,"key":"SMITH"},{"data":"Coolheaded","floor":27,"key":"SMITH"},{"floor":29,"key":"REST"},{"data":"Amplify","floor":32,"key":"SMITH"}],"neow_cost":"TEN_PERCENT_HP_LOSS","seed_source_timestamp":9122819252256,"circlet_count":0,"master_deck":["AscendersBane","Defend_B","Defend_B","Defend_B","Defend_B","Zap","Dualcast","Hyperbeam+1","Conserve Battery","Defragment+1","Cold Snap","Buffer+1","Doom and Gloom","Defragment+1","Beam Cell","Amplify+1","Coolheaded+1","Glacier","Storm+1","Coolheaded","Echo Form","Multi-Cast","Redo+1","Glacier+1","Rebound+1","Defragment+1"],"relics":["Cracked Core","Pen Nib","Singing Bowl","Bloody Idol","Kunai","Velvet Choker","Anchor","Dream Catcher","Tiny Chest","Dead Branch","Mango","Astrolabe","Turnip"],"potions_floor_usage":[7,33,37],"damage_taken":[{"damage":3,"enemies":"Small Slimes","floor":1,"turns":3},{"damage":0,"enemies":"Jaw Worm","floor":4,"turns":3},{"damage":0,"enemies":"Cultist","floor":5,"turns":2},{"damage":17,"enemies":"Lagavulin","floor":7,"turns":7},{"damage":1,"enemies":"3 Sentries","floor":12,"turns":6},{"damage":8,"enemies":"Exordium Wildlife","floor":13,"turns":4},{"damage":0,"enemies":"Slime Boss","floor":16,"turns":6},{"damage":12,"enemies":"2 Thieves","floor":18,"turns":2},{"damage":0,"enemies":"Spheric Guardian","floor":19,"turns":2},{"damage":0,"enemies":"Snake Plant","floor":22,"turns":4},{"damage":22,"enemies":"Slavers","floor":23,"turns":3},{"damage":29,"enemies":"Gremlin Leader","floor":25,"turns":6},{"damage":20,"enemies":"Book of Stabbing","floor":31,"turns":6},{"damage":0,"enemies":"Collector","floor":33,"turns":12},{"damage":26,"enemies":"3 Darklings","floor":35,"turns":7},{"damage":0,"enemies":"3 Shapes","floor":36,"turns":6},{"damage":31,"enemies":"Mind Bloom Boss Battle","floor":37,"turns":4},{"damage":37,"enemies":"Spire Growth","floor":39,"turns":5},{"damage":9,"enemies":"Giant Head","floor":40,"turns":9}],"seed_played":"5123665616900968765","potions_obtained":[{"floor":4,"key":"SteroidPotion"},{"floor":5,"key":"Energy Potion"},{"floor":7,"key":"PowerPotion"},{"floor":37,"key":"Weak Potion"}],"is_trial":false,"path_per_floor":["M","$","?","M","M","R","E","R","T","?","R","E","M","?","R","B",null,"M","M","?","$","M","E","R","E","T","R","?","R","?","E","R","B",null,"M","M","?","T","M","E"],"character_chosen":"DEFECT","items_purchased":["Defragment","Cold Snap","Glacier","Storm","Anchor"],"campfire_rested":1,"item_purchase_floors":[2,2,21,21,21],"current_hp_per_floor":[61,61,66,66,66,66,49,49,49,49,49,48,40,40,40,40,57,47,47,47,47,54,39,39,22,22,22,22,43,43,42,42,47,76,57,62,38,38,8,0],"gold":426,"neow_bonus":"THREE_RARE_CARDS","is_prod":false,"is_daily":false,"chose_seed":false,"campfire_upgraded":7,"win_rate":0,"timestamp":1553084499,"path_taken":["M","$","?","M","M","R","E","R","T","?","R","E","?","?","R","BOSS","M","?","?","$","M","E","R","E","T","R","?","R","?","E","R","BOSS","M","M","?","?","M","E"],"build_version":"2019-01-23","purchased_purges":0,"victory":false,"max_hp_per_floor":[64,64,69,69,69,69,69,69,69,63,63,63,63,63,63,63,63,65,65,65,65,67,69,69,71,71,71,71,71,71,85,85,85,85,87,87,89,89,91,91],"card_choices":[{"not_picked":["Seek","Rainbow"],"picked":"Hyperbeam","floor":0},{"not_picked":["Aggregate","Streamline"],"picked":"Conserve Battery","floor":1},{"not_picked":["Sweeping Beam","Redo","Fusion"],"picked":"SKIP","floor":4},{"not_picked":["Aggregate","Streamline","Leap"],"picked":"SKIP","floor":5},{"not_picked":["Chill","Beam Cell"],"picked":"Buffer","floor":7},{"not_picked":["Redo","Amplify"],"picked":"Doom and Gloom","floor":12},{"not_picked":["Rebound","Self Repair"],"picked":"Defragment","floor":13},{"not_picked":["Seek","Machine Learning"],"picked":"Amplify","floor":16},{"not_picked":["Hologram","Redo","Auto Shields"],"picked":"Singing Bowl","floor":18},{"not_picked":["Steam","Leap+1"],"picked":"Coolheaded","floor":19},{"not_picked":["Streamline+1","Reprogram","Gash"],"picked":"Singing Bowl","floor":22},{"not_picked":["Rebound","Leap","Sweeping Beam"],"picked":"Singing Bowl","floor":23},{"not_picked":["Gash+1","Redo","Beam Cell"],"picked":"Singing Bowl","floor":25},{"not_picked":["Cold Snap","Redo"],"picked":"Coolheaded","floor":29},{"not_picked":["Tempest","Conserve Battery"],"picked":"Echo Form","floor":31},{"not_picked":["Meteor Strike","Core Surge"],"picked":"Multi-Cast","floor":33},{"not_picked":["Conserve Battery","Compile Driver","Gash+1"],"picked":"Singing Bowl","floor":35},{"not_picked":["Ball Lightning","Steam"],"picked":"Defragment+1","floor":36},{"not_picked":["Sunder","Beam Cell","Conserve Battery"],"picked":"Singing Bowl","floor":37},{"not_picked":["Heatsinks","Sweeping Beam+1","Gash"],"picked":"Singing Bowl","floor":39}],"player_experience":1452137,"relics_obtained":[{"floor":7,"key":"Pen Nib"},{"floor":9,"key":"Singing Bowl"},{"floor":12,"key":"Kunai"},{"floor":23,"key":"Dream Catcher"},{"floor":25,"key":"Tiny Chest"},{"floor":26,"key":"Dead Branch"},{"floor":31,"key":"Mango"},{"floor":37,"key":"Turnip"}],"event_choices":[{"damage_healed":0,"gold_gain":0,"player_choice":"Donut","damage_taken":0,"max_hp_gain":5,"max_hp_loss":0,"event_name":"Big Fish","floor":3,"gold_loss":0},{"damage_healed":0,"gold_gain":0,"player_choice":"Lose Max HP","damage_taken":0,"relics_obtained":["Golden Idol"],"max_hp_gain":0,"max_hp_loss":6,"event_name":"Golden Idol","floor":10,"gold_loss":0},{"damage_healed":0,"gold_gain":0,"cards_transformed":["Strike_B"],"player_choice":"Transformed","damage_taken":0,"max_hp_gain":0,"max_hp_loss":0,"event_name":"Transmorgrifier","floor":14,"gold_loss":0,"cards_obtained":["Beam Cell"]},{"damage_healed":0,"gold_gain":0,"player_choice":"Gave Idol","damage_taken":0,"relics_obtained":["Bloody Idol"],"max_hp_gain":0,"max_hp_loss":0,"event_name":"Forgotten Altar","floor":20,"relics_lost":["Golden Idol"],"gold_loss":0},{"damage_healed":0,"gold_gain":0,"player_choice":"Ignored","damage_taken":0,"max_hp_gain":0,"max_hp_loss":0,"event_name":"Vampires","floor":28,"gold_loss":0},{"damage_healed":0,"gold_gain":0,"player_choice":"Ignored","damage_taken":0,"max_hp_gain":0,"max_hp_loss":0,"event_name":"The Mausoleum","floor":30,"gold_loss":0},{"damage_healed":0,"gold_gain":0,"player_choice":"Fight","damage_taken":0,"max_hp_gain":0,"max_hp_loss":0,"event_name":"MindBloom","floor":37,"gold_loss":0}],"is_beta":false,"boss_relics":[{"not_picked":["Tiny House","Empty Cage"],"picked":"Velvet Choker"},{"not_picked":["Fusion Hammer","Black Star"],"picked":"Astrolabe"}],"items_purged_floors":[],"is_endless":false,"potions_floor_spawned":[4,5,7,12,19,25,31,37],"killed_by":"Giant Head","ascension_level":20}