{"gold_per_floor":[118,133,152,77,97,97,97,97,97,97,126,37,37,37,37,111,111,130,130,143,143,153,153,179,191,191,171,185,185,215,232,232,309,309,328,347,347,347],"floor_reached":38,"playtime":2021,"items_purged":["Regret"],"score":768,"play_id":"f22861a5-e0ce-497c-ac2c-f78cb0f06d64","local_time":"20181027112602","is_ascension_mode":true,"campfire_choices":[{"data":"Cleave","floor":6,"key":"SMITH"},{"data":"Bash","floor":8,"key":"SMITH"},{"data":"Shrug It Off","floor":10,"key":"SMITH"},{"floor":15,"key":"REST"},{"floor":23,"key":"REST"},{"floor":29,"key":"REST"},{"floor":32,"key":"REST"}],"neow_cost":"CURSE","seed_source_timestamp":10528154219994,"circlet_count":0,"master_deck":["Strike_R+1","Strike_R+1","Strike_R+1","Strike_R+1","Strike_R+1","Defend_R+1","Defend_R+1","Defend_R+1","Defend_R+1","Bash+1","AscendersBane","Forethought","Swift Strike","Headbutt","Shrug It Off+1","Cleave+1","Battle Trance","Clothesline+1","Finesse+1","Barricade+1","Iron Wave+1","Shrug It Off+1","Inflame+1","Limit Break+1","Warcry+1","Flex+1","Spot Weakness+1","Juggernaut+1","Entrench+1","Body Slam","Good Instincts+1"],"relics":["Burning Blood","Frozen Egg 2","Toxic Egg 2","Letter Opener","Fusion Hammer","Bottled Tornado","Darkstone Periapt","Orichalcum","Black Star"],"potions_floor_usage":[11,16,22,24,30,30,33,38,38],"damage_taken":[{"damage":11,"enemies":"Small Slimes","floor":1,"turns":4},{"damage":2,"enemies":"2 Louse","floor":2,"turns":3},{"damage":16,"enemies":"Jaw Worm","floor":3,"turns":3},{"damage":9,"enemies":"Exordium Wildlife","floor":5,"turns":6},{"damage":26,"enemies":"Lagavulin","floor":11,"turns":5},{"damage":28,"enemies":"Hexaghost","floor":16,"turns":13},{"damage":23,"enemies":"Shell Parasite","floor":18,"turns":5},{"damage":14,"enemies":"2 Thieves","floor":20,"turns":4},{"damage":5,"enemies":"Chosen and Byrds","floor":22,"turns":6},{"damage":30,"enemies":"Slavers","floor":24,"turns":6},{"damage":13,"enemies":"Snake Plant","floor":25,"turns":4},{"damage":13,"enemies":"Snecko","floor":28,"turns":4},{"damage":0,"enemies":"Gremlin Leader","floor":30,"turns":4},{"damage":4,"enemies":"3 Cultists","floor":31,"turns":4},{"damage":15,"enemies":"Champ","floor":33,"turns":11},{"damage":15,"enemies":"3 Darklings","floor":35,"turns":5},{"damage":3,"enemies":"3 Shapes","floor":36,"turns":3},{"damage":85,"enemies":"2 Orb Walkers","floor":38,"turns":4}],"seed_played":"2090823538099847478","potions_obtained":[{"floor":2,"key":"Dexterity Potion"},{"floor":11,"key":"SkillPotion"},{"floor":16,"key":"Weak Potion"},{"floor":22,"key":"Block Potion"},{"floor":24,"key":"Swift Potion"},{"floor":25,"key":"Swift Potion"},{"floor":27,"key":"AttackPotion"},{"floor":30,"key":"Ancient Potion"},{"floor":31,"key":"BloodPotion"},{"floor":35,"key":"Strength Potion"}],"is_trial":false,"path_per_floor":["M","M","M","$","M","R","?","R","T","R","E","$","?","$","R","B",null,"M","?","M","$","M","R","E","M","T","?","M","R","E","M","R","B",null,"M","M","?"],"character_chosen":"IRONCLAD","items_purchased":["Finesse+1"],"campfire_rested":4,"item_purchase_floors":[12],"current_hp_per_floor":[63,67,57,57,54,54,36,36,36,36,16,16,16,16,38,16,60,43,43,35,35,36,58,34,27,27,27,20,42,48,50,72,63,72,63,66,66,0],"gold":347,"neow_bonus":"RANDOM_COLORLESS_2","is_prod":false,"is_daily":false,"chose_seed":false,"campfire_upgraded":3,"win_rate":0,"timestamp":1540632362,"path_taken":["M","M","M","$","M","R","?","R","T","R","E","$","?","?","R","BOSS","M","?","M","$","M","R","E","M","T","?","M","R","E","M","R","BOSS","M","M","?","?"],"build_version":"2018-10-25v2","purchased_purges":1,"victory":false,"max_hp_per_floor":[75,75,75,75,75,75,75,75,75,75,75,75,75,75,75,75,75,75,75,75,75,75,75,75,75,75,75,75,75,75,75,75,75,75,75,75,75,75],"card_choices":[{"not_picked":["Sword Boomerang","Corruption"],"picked":"Headbutt","floor":1},{"not_picked":["Ghostly Armor","Wild Strike"],"picked":"Shrug It Off","floor":2},{"not_picked":["Sentinel","Evolve"],"picked":"Cleave","floor":3},{"not_picked":["Iron Wave","Thunderclap"],"picked":"Battle Trance","floor":5},{"not_picked":["Armaments+1","Perfected Strike"],"picked":"Clothesline","floor":11},{"not_picked":["Exhume+1","Immolate"],"picked":"Barricade+1","floor":16},{"not_picked":["Armaments+1","True Grit+1"],"picked":"Iron Wave+1","floor":18},{"not_picked":["Anger+1","Ghostly Armor+1"],"picked":"Shrug It Off+1","floor":20},{"not_picked":["Battle Trance+1","Power Through+1"],"picked":"Inflame+1","floor":22},{"not_picked":["Intimidate+1","Havoc+1"],"picked":"Limit Break+1","floor":24},{"not_picked":["Feel No Pain+1","Perfected Strike"],"picked":"Warcry+1","floor":25},{"not_picked":["Armaments+1","Sword Boomerang"],"picked":"Flex+1","floor":28},{"not_picked":["Brutality+1","Anger+1","Cleave"],"picked":"SKIP","floor":30},{"not_picked":["Sword Boomerang+1","Perfected Strike+1"],"picked":"Spot Weakness+1","floor":31},{"not_picked":["Bludgeon","Berserk+1"],"picked":"Juggernaut+1","floor":33},{"not_picked":["Thunderclap","Wild Strike"],"picked":"Entrench+1","floor":35},{"not_picked":["Shrug It Off+1","Battle Trance+1"],"picked":"Body Slam","floor":36},{"not_picked":["Forethought+1","Enlightenment+1"],"picked":"Good Instincts+1","floor":37}],"player_experience":689796,"relics_obtained":[{"floor":9,"key":"Toxic Egg 2"},{"floor":11,"key":"Letter Opener"},{"floor":24,"key":"Bottled Tornado"},{"floor":26,"key":"Darkstone Periapt"},{"floor":30,"key":"Orichalcum"}],"event_choices":[{"damage_healed":0,"gold_gain":0,"player_choice":"Success","damage_taken":18,"relics_obtained":["Frozen Egg 2"],"max_hp_gain":0,"max_hp_loss":0,"event_name":"Scrap Ooze","floor":7,"gold_loss":0},{"damage_healed":0,"gold_gain":0,"player_choice":"Grow","damage_taken":0,"max_hp_gain":0,"max_hp_loss":0,"event_name":"Living Wall","floor":13,"gold_loss":0,"cards_upgraded":["Clothesline"]},{"damage_healed":0,"gold_gain":0,"player_choice":"Simplicity","damage_taken":0,"max_hp_gain":0,"max_hp_loss":0,"event_name":"Back to Basics","floor":19,"gold_loss":0,"cards_upgraded":["Strike_R","Strike_R","Strike_R","Strike_R","Strike_R","Defend_R","Defend_R","Defend_R","Defend_R"]},{"damage_healed":0,"gold_gain":0,"player_choice":"Bought 1 Potion","damage_taken":0,"max_hp_gain":0,"max_hp_loss":0,"event_name":"The Woman in Blue","floor":27,"gold_loss":0},{"damage_healed":0,"gold_gain":0,"player_choice":"Memory 1","damage_taken":0,"max_hp_gain":0,"max_hp_loss":0,"event_name":"SensoryStone","floor":37,"gold_loss":0},{"damage_healed":0,"gold_gain":0,"player_choice":"Fight","damage_taken":0,"max_hp_gain":0,"max_hp_loss":0,"event_name":"Mysterious Sphere","floor":38,"gold_loss":0}],"is_beta":true,"boss_relics":[{"not_picked":["Busted Crown","White Beast Statue"],"picked":"Fusion Hammer"},{"not_picked":["Eternal Feather","Runic Dome"],"picked":"Black Star"}],"items_purged_floors":[4],"is_endless":false,"potions_floor_spawned":[2,11,16,22,24,25,30,31,35,36],"killed_by":"2 Orb Walkers","ascension_level":15}