{"gold_per_floor":[118,118,133,156,172,172,215,215,291,354,354,420,436,460,460,553,553,574,587,587,184,199,243,243,243],"floor_reached":25,"playtime":892,"items_purged":["Strike_R"],"score":462,"play_id":"df9b6675-6d77-4070-8d21-af72987a6a6e","local_time":"20190929163843","is_ascension_mode":true,"campfire_choices":[{"data":"Body Slam","floor":6.0,"key":"SMITH"},{"data":"Bash","floor":8.0,"key":"SMITH"},{"floor":15.0,"key":"REST"},{"floor":24,"key":"REST"}],"neow_cost":"NONE","seed_source_timestamp":16738186123799,"circlet_count":0,"master_deck":["AscendersBane","Strike_R","Strike_R","Strike_R","Defend_R","Defend_R","Defend_R","Defend_R","Bash+1","Body Slam+1","Disarm","Flame Barrier","Fire Breathing","Iron Wave","Spot Weakness","Uppercut","Sword Boomerang","Immolate","Spot Weakness","True Grit","Feed","Barricade"],"special_seed":0,"relics":["Burning Blood","Golden Idol","Thread and Needle","Bottled Lightning","Tiny Chest","Pen Nib","Snecko Eye","Lantern","Happy Flower"],"potions_floor_usage":[23,23],"damage_taken":[{"damage":6.0,"enemies":"Cultist","floor":1.0,"turns":4.0},{"damage":7.0,"enemies":"2 Louse","floor":3.0,"turns":4.0},{"damage":12.0,"enemies":"Jaw Worm","floor":4.0,"turns":6.0},{"damage":9.0,"enemies":"Blue Slaver","floor":5.0,"turns":5.0},{"damage":20.0,"enemies":"Gremlin Nob","floor":7.0,"turns":4.0},{"damage":42.0,"enemies":"Lagavulin","floor":10.0,"turns":11.0},{"damage":6.0,"enemies":"Large Slime","floor":13.0,"turns":7.0},{"damage":27,"enemies":"Slime Boss","floor":16,"turns":7},{"damage":18,"enemies":"Chosen","floor":18,"turns":4},{"damage":15,"enemies":"3 Byrds","floor":19,"turns":4},{"damage":2,"enemies":"Cultist and Chosen","floor":22,"turns":6},{"damage":27,"enemies":"Slavers","floor":23,"turns":5},{"damage":44,"enemies":"Book of Stabbing","floor":25,"turns":5}],"seed_played":"-2244900128490359788","potions_obtained":[{"floor":4.0,"key":"Dexterity Potion"},{"floor":5.0,"key":"Energy Potion"},{"floor":10.0,"key":"Dexterity Potion"},{"floor":18,"key":"Explosive Potion"},{"floor":19,"key":"Swift Potion"},{"floor":23,"key":"ElixirPotion"}],"is_trial":false,"path_per_floor":["M","?","M","M","M","R","E","R","T","E","?","?","M","T","R","B",null,"M","M","?","$","M","E","R","E"],"character_chosen":"IRONCLAD","items_purchased":["Barricade","Lantern"],"campfire_rested":2,"item_purchase_floors":[21,21],"current_hp_per_floor":[68,68,67,61,58,58,44,44,44,8,8,8,8,8,28,7,53,41,32,32,32,39,21,43,0],"gold":243,"neow_bonus":"THREE_CARDS","is_prod":false,"is_daily":false,"chose_seed":false,"campfire_upgraded":2,"win_rate":0,"timestamp":1569767923,"path_taken":["M","?","M","M","M","R","E","R","T","E","?","?","?","?","R","BOSS","M","M","?","$","M","E","R","E"],"build_version":"2019-09-27","purchased_purges":1,"victory":false,"max_hp_per_floor":[75,68,68,68,68,68,68,68,68,68,68,68,68,68,68,68,68,68,68,68,68,71,74,74,74],"card_choices":[{"not_picked":["Flex","Armaments"],"picked":"Body Slam","floor":0.0},{"not_picked":["Sword Boomerang","Wild Strike"],"picked":"Disarm","floor":1.0},{"not_picked":["Sever Soul","Clash"],"picked":"Flame Barrier","floor":3.0},{"not_picked":["Thunderclap","True Grit"],"picked":"Fire Breathing","floor":4.0},{"not_picked":["Ghostly Armor","Thunderclap"],"picked":"Iron Wave","floor":5.0},{"not_picked":["Anger","Warcry"],"picked":"Spot Weakness","floor":7.0},{"not_picked":["Flex","Berserk"],"picked":"Uppercut","floor":10.0},{"not_picked":["Ghostly Armor","Dropkick"],"picked":"Sword Boomerang","floor":13.0},{"not_picked":["Reaper","Fiend Fire"],"picked":"Immolate","floor":16},{"not_picked":["Burning Pact+1","Clash"],"picked":"Anger","floor":18},{"not_picked":["Havoc","Dropkick"],"picked":"Spot Weakness","floor":19},{"not_picked":["Searing Blow","Flex","Warcry"],"picked":"SKIP","floor":22},{"not_picked":["Searing Blow","Flex","Warcry"],"picked":"SKIP","floor":22},{"not_picked":["Havoc+1","Sword Boomerang+1","Ghostly Armor"],"picked":"SKIP","floor":23}],"player_experience":2125680,"relics_obtained":[{"floor":7.0,"key":"Thread and Needle"},{"floor":9.0,"key":"Bottled Lightning"},{"floor":10.0,"key":"Tiny Chest"},{"floor":14.0,"key":"Pen Nib"},{"floor":23,"key":"Happy Flower"}],"event_choices":[{"damage_healed":0.0,"max_hp_gain":0.0,"max_hp_loss":7.0,"gold_gain":0.0,"event_name":"Golden Idol","player_choice":"Lose Max HP","floor":2.0,"gold_loss":0.0,"damage_taken":0.0,"relics_obtained":["Golden Idol"]},{"damage_healed":0.0,"max_hp_gain":0.0,"max_hp_loss":0.0,"gold_gain":0.0,"event_name":"Liars Game","player_choice":"Ignored","floor":11.0,"gold_loss":0.0,"damage_taken":0.0},{"damage_healed":0.0,"max_hp_gain":0.0,"max_hp_loss":0.0,"gold_gain":66.0,"event_name":"Golden Wing","player_choice":"Gained Gold","floor":12.0,"gold_loss":0.0,"damage_taken":0.0},{"damage_healed":0,"gold_gain":0,"cards_transformed":["Anger","Strike_R"],"player_choice":"Became Test Subject","damage_taken":0,"max_hp_gain":0,"max_hp_loss":0,"event_name":"Drug Dealer","floor":20,"gold_loss":0,"cards_obtained":["True Grit","Feed"]}],"is_beta":true,"boss_relics":[{"not_picked":["SacredBark","Ectoplasm"],"picked":"Snecko Eye"}],"items_purged_floors":[21],"is_endless":false,"potions_floor_spawned":[4,5,10,18,19,23],"killed_by":"Book of Stabbing","ascension_level":20}