{"gold_per_floor":[113,113,124,49,49,76,76,76,76,110,123,133,133,144,144,217,217,235,38,38,50,68,68,96,96,120,153,62,62,82,82,82,158,158,171,181,0,0,20,20,20],"floor_reached":41,"playtime":2130,"items_purged":["Decay"],"score":1054,"play_id":"a36d3d93-aa28-4d33-b832-29b0e0feacaf","local_time":"20181211185816","is_ascension_mode":true,"campfire_choices":[{"data":"Neutralize","floor":7.0,"key":"SMITH"},{"data":"Infinite Blades","floor":13.0,"key":"SMITH"},{"data":"Noxious Fumes","floor":15.0,"key":"SMITH"},{"floor":23.0,"key":"REST"},{"data":"Blade Dance","floor":25.0,"key":"SMITH"},{"floor":29.0,"key":"REST"},{"floor":32.0,"key":"REST"},{"floor":40,"key":"REST"}],"neow_cost":"NONE","seed_source_timestamp":0,"circlet_count":0,"master_deck":["AscendersBane","Defend_G+1","Defend_G+1","Defend_G+1","Defend_G+1","Defend_G+1","Strike_G+1","Strike_G+1","Strike_G+1","Strike_G+1","Strike_G+1","Survivor","Neutralize+1","Dagger Spray","Finisher","Well Laid Plans","Infinite Blades+1","Blade Dance+1","Noxious Fumes+1","Choke","Adrenaline","Endless Agony","Noxious Fumes","Cloak And Dagger+1","Backstab","Escape Plan","Footwork","Night Terror","Phantasmal Killer","Doubt","Normality","Normality","Blur+1","Blade Dance+1","Dramatic Entrance","Parasite","Dash+1"],"special_seed":0,"relics":["Ring of the Snake","NeowsBlessing","Pantograph","Ornamental Fan","Bottled Flame","PreservedInsect","Runic Dome","Snake Skull","Boot","Bag of Marbles","Ninja Scroll","Calling Bell","Ancient Tea Set","Gremlin Horn","Turnip","Red Mask"],"potions_floor_usage":[39],"damage_taken":[{"damage":0.0,"enemies":"Jaw Worm","floor":1.0,"turns":1.0},{"damage":0.0,"enemies":"Cultist","floor":3.0,"turns":1.0},{"damage":0.0,"enemies":"Gremlin Nob","floor":6.0,"turns":1.0},{"damage":6.0,"enemies":"3 Sentries","floor":10.0,"turns":5.0},{"damage":0.0,"enemies":"2 Louse","floor":11.0,"turns":2.0},{"damage":13.0,"enemies":"Exordium Thugs","floor":12.0,"turns":5.0},{"damage":7.0,"enemies":"Looter","floor":14.0,"turns":3.0},{"damage":20.0,"enemies":"Hexaghost","floor":16.0,"turns":9.0},{"damage":13.0,"enemies":"Shell Parasite","floor":18.0,"turns":5.0},{"damage":12.0,"enemies":"Chosen","floor":21.0,"turns":4.0},{"damage":26.0,"enemies":"Snake Plant","floor":22.0,"turns":5.0},{"damage":0.0,"enemies":"Gremlin Leader","floor":24.0,"turns":2.0},{"damage":20.0,"enemies":"Book of Stabbing","floor":27.0,"turns":4.0},{"damage":0.0,"enemies":"Centurion and Healer","floor":30.0,"turns":2.0},{"damage":45.0,"enemies":"Collector","floor":33.0,"turns":9.0},{"damage":41,"enemies":"3 Darklings","floor":35,"turns":6},{"damage":0,"enemies":"3 Shapes","floor":36,"turns":5},{"damage":16,"enemies":"Writhing Mass","floor":39,"turns":5},{"damage":58,"enemies":"Reptomancer","floor":41,"turns":3}],"seed_played":"1918039633911797540","potions_obtained":[{"floor":6.0,"key":"SteroidPotion"},{"floor":10.0,"key":"LiquidBronze"},{"floor":14.0,"key":"FearPotion"},{"floor":16.0,"key":"Energy Potion"},{"floor":22.0,"key":"SteroidPotion"},{"floor":24.0,"key":"FairyPotion"},{"floor":39,"key":"FairyPotion"}],"is_trial":false,"path_per_floor":["M","?","M","$","T","E","R","?","T","E","M","M","M","R","M","R","B",null,"M","$","?","M","M","R","E","R","T","E","$","R","M","?","R","B",null,"M","M","?","?","M","R","E"],"character_chosen":"THE_SILENT","items_purchased":["Snake Skull","Noxious Fumes","Footwork","SteroidPotion"],"campfire_rested":4,"item_purchase_floors":[19,19,28,28],"current_hp_per_floor":[59,59,59,59,59,59,59,59,59,53,53,40,40,33,33,38,59,46,46,46,34,8,27,27,27,27,7,7,26,26,8,29,9,56,15,15,15,15,7,28,0],"gold":20,"neow_bonus":"THREE_ENEMY_KILL","is_prod":false,"is_daily":false,"chose_seed":false,"campfire_upgraded":4,"win_rate":0,"timestamp":1544551096,"path_taken":["M","?","M","$","?","E","R","?","T","E","M","M","R","?","R","BOSS","M","$","?","M","M","R","E","R","T","E","$","R","M","?","R","BOSS","M","M","?","?","M","R","E"],"build_version":"2018-12-10","purchased_purges":1,"victory":false,"max_hp_per_floor":[66,66,66,66,66,66,66,66,66,66,66,66,66,66,66,66,66,66,66,66,66,66,66,66,66,66,66,66,66,66,71,71,71,71,71,71,71,71,71,71,71],"card_choices":[{"not_picked":["Underhanded Strike","Endless Agony"],"picked":"Dagger Spray","floor":1.0},{"not_picked":["Calculated Gamble","Escape Plan"],"picked":"Finisher","floor":3.0},{"not_picked":["Phantasmal Killer","Sucker Punch"],"picked":"Well Laid Plans","floor":6.0},{"not_picked":["Endless Agony","Poisoned Stab"],"picked":"Infinite Blades","floor":10.0},{"not_picked":["All Out Attack","Poisoned Stab"],"picked":"Blade Dance","floor":11.0},{"not_picked":["Deadly Poison","Sucker Punch"],"picked":"Noxious Fumes","floor":12.0},{"not_picked":["Deadly Poison","Deflect"],"picked":"Choke","floor":14.0},{"not_picked":["Glass Knife","Unload"],"picked":"Adrenaline","floor":16.0},{"not_picked":["All Out Attack","Prepared"],"picked":"Endless Agony","floor":18.0},{"not_picked":["Outmaneuver","Tactician","Reflex"],"picked":"SKIP","floor":21.0},{"not_picked":["Dagger Throw","Prepared"],"picked":"Cloak And Dagger+1","floor":22.0},{"not_picked":["Cloak And Dagger","Terror"],"picked":"Backstab","floor":24.0},{"not_picked":["Choke","Underhanded Strike"],"picked":"Escape Plan","floor":27.0},{"not_picked":["Dodge and Roll","Blade Dance"],"picked":"Night Terror","floor":30.0},{"not_picked":["Tools of the Trade","Die Die Die"],"picked":"Phantasmal Killer","floor":33.0},{"not_picked":["Flying Knee+1","Skewer"],"picked":"Blur+1","floor":35},{"not_picked":["Bane","Dagger Throw"],"picked":"Blade Dance+1","floor":36},{"not_picked":["Sadistic Nature","Trip"],"picked":"Dramatic Entrance","floor":38},{"not_picked":["Calculated Gamble+1","Underhanded Strike+1"],"picked":"Dash+1","floor":39}],"player_experience":1003547,"relics_obtained":[{"floor":5.0,"key":"Pantograph"},{"floor":6.0,"key":"Ornamental Fan"},{"floor":9.0,"key":"Bottled Flame"},{"floor":10.0,"key":"PreservedInsect"},{"floor":24.0,"key":"Boot"},{"floor":26.0,"key":"Bag of Marbles"},{"floor":27.0,"key":"Ninja Scroll"},{"floor":34.0,"key":"Ancient Tea Set"},{"floor":34.0,"key":"Gremlin Horn"},{"floor":34.0,"key":"Turnip"}],"event_choices":[{"damage_healed":0.0,"max_hp_gain":0.0,"max_hp_loss":0.0,"gold_gain":0.0,"event_name":"Wheel of Change","player_choice":"Cursed","floor":2.0,"gold_loss":0.0,"damage_taken":0.0,"cards_obtained":["Decay"]},{"damage_healed":0.0,"max_hp_gain":0.0,"max_hp_loss":0.0,"gold_gain":0.0,"event_name":"Dead Adventurer","player_choice":"Searched \u00270\u0027 times","floor":8.0,"gold_loss":0.0,"damage_taken":0.0},{"damage_healed":0.0,"max_hp_gain":0.0,"max_hp_loss":0.0,"gold_gain":0.0,"event_name":"Back to Basics","player_choice":"Simplicity","floor":20.0,"gold_loss":0.0,"damage_taken":0.0,"cards_upgraded":["Defend_G","Defend_G","Defend_G","Defend_G","Defend_G","Strike_G","Strike_G","Strike_G","Strike_G","Strike_G"]},{"damage_healed":0.0,"max_hp_gain":5.0,"max_hp_loss":0.0,"gold_gain":0.0,"event_name":"Forgotten Altar","player_choice":"Shed Blood","floor":31.0,"gold_loss":0.0,"damage_taken":23.0},{"damage_healed":0,"gold_gain":0,"player_choice":"Paid","damage_taken":0,"relics_obtained":["Red Mask"],"max_hp_gain":0,"max_hp_loss":0,"event_name":"Tomb of Lord Red Mask","floor":37,"gold_loss":181},{"damage_healed":0,"gold_gain":0,"player_choice":"Memory 1","damage_taken":0,"max_hp_gain":0,"max_hp_loss":0,"event_name":"SensoryStone","floor":38,"gold_loss":0}],"is_beta":true,"boss_relics":[{"not_picked":["Empty Cage","HoveringKite"],"picked":"Runic Dome"},{"not_picked":["Velvet Choker","Runic Pyramid"],"picked":"Calling Bell"}],"items_purged_floors":[4],"is_endless":false,"potions_floor_spawned":[6,10,14,16,21,22,24,33,36,39],"killed_by":"Reptomancer","ascension_level":18}