{"path_per_floor":["M","M","?","?","M","E","M","E","T","M","M","R","M","E","R"],"character_chosen":"IRONCLAD","items_purchased":[],"gold_per_floor":[109,129,129,129,147,209,219,245,245,261,276,276,295,329,329,329],"floor_reached":16,"campfire_rested":1,"playtime":760,"item_purchase_floors":[],"current_hp_per_floor":[80,75,68,73,81,72,54,23,23,28,32,32,29,8,35,0],"items_purged":[],"gold":329,"score":155,"play_id":"61ffb728-83cc-4003-9157-e8ac7ee2adad","local_time":"20180524100641","is_prod":false,"is_daily":false,"chose_seed":false,"is_ascension_mode":true,"campfire_upgraded":1,"win_rate":0,"timestamp":1527149201,"campfire_choices":[{"data":"True Grit","floor":12,"key":"SMITH"},{"floor":15,"key":"REST"}],"path_taken":["M","?","?","?","?","E","M","E","T","M","M","R","M","E","R","BOSS"],"build_version":"2018-05-23v2","seed_source_timestamp":855043900689,"purchased_purges":0,"victory":false,"master_deck":["Strike_R","Strike_R","Strike_R","Strike_R","Strike_R","Defend_R","Defend_R","Defend_R","Bash","Shockwave","Iron Wave","Barricade","Rage","True Grit+1","Cleave","Feel No Pain","Body Slam","Fiend Fire"],"max_hp_per_floor":[80,80,80,85,90,90,90,90,90,90,90,90,90,90,90,90],"relics":["Burning Blood","Tiny Chest","Self Forming Clay","Dodecahedron","Happy Flower"],"card_choices":[{"not_picked":["Anger","Armaments"],"picked":"Shockwave","floor":1},{"not_picked":["Rage","Warcry"],"picked":"Iron Wave","floor":2},{"not_picked":["Headbutt","Metallicize"],"picked":"Barricade","floor":5},{"not_picked":["Carnage","Brutality"],"picked":"Rage","floor":6},{"not_picked":["Thunderclap","Battle Trance"],"picked":"True Grit","floor":7},{"not_picked":["Clash","Flex","Reckless Charge"],"picked":"SKIP","floor":8},{"not_picked":["Wild Strike","Carnage"],"picked":"Cleave","floor":10},{"not_picked":["Spot Weakness","Blood for Blood"],"picked":"Feel No Pain","floor":11},{"not_picked":["Searing Blow","Disarm"],"picked":"Body Slam","floor":13},{"not_picked":["Uppercut","Heavy Blade"],"picked":"Fiend Fire","floor":14}],"player_experience":197086,"potions_floor_usage":[5,6,14],"damage_taken":[{"damage":1,"enemies":"Cultist","floor":1,"turns":3},{"damage":11,"enemies":"Jaw Worm","floor":2,"turns":4},{"damage":3,"enemies":"2 Louse","floor":5,"turns":3},{"damage":15,"enemies":"Lagavulin","floor":6,"turns":7},{"damage":24,"enemies":"Large Slime","floor":7,"turns":6},{"damage":37,"enemies":"Gremlin Nob","floor":8,"turns":5},{"damage":1,"enemies":"2 Fungi Beasts","floor":10,"turns":4},{"damage":2,"enemies":"3 Louse","floor":11,"turns":3},{"damage":9,"enemies":"Lots of Slimes","floor":13,"turns":4},{"damage":27,"enemies":"3 Sentries","floor":14,"turns":7},{"damage":39,"enemies":"Slime Boss","floor":16,"turns":8}],"relics_obtained":[{"floor":6,"key":"Tiny Chest"},{"floor":8,"key":"Self Forming Clay"},{"floor":9,"key":"Dodecahedron"},{"floor":14,"key":"Happy Flower"}],"event_choices":[{"event_name":"Golden Wing","player_choice":"Card Removal","floor":3,"damage_taken":0},{"event_name":"Big Fish","player_choice":"Donut","floor":4,"damage_taken":0}],"boss_relics":[],"items_purged_floors":[],"potions_floor_spawned":[1,5,11],"seed_played":"1251835550275921603","killed_by":"Slime Boss","ascension_level":5,"potions_obtained":[{"floor":1,"key":"Fruit Juice"},{"floor":5,"key":"AttackPotion"},{"floor":11,"key":"LiquidBronze"}],"is_trial":false}