{"gold_per_floor":[115,115,115,135,154,187,187,202,202,243,267,306,306],"floor_reached":13,"playtime":742,"items_purged":[],"score":210,"play_id":"bfbeaaa8-0e1f-4ae5-885b-18621d7a0b45","local_time":"20181219113635","is_ascension_mode":true,"campfire_choices":[{"data":"Defragment","floor":7,"key":"SMITH"}],"neow_cost":"NONE","seed_source_timestamp":10424817501912,"circlet_count":0,"master_deck":["AscendersBane","Strike_B","Strike_B","Strike_B","Strike_B","Defend_B","Defend_B","Defend_B","Defend_B","Zap","Dualcast","Defragment+1","Cold Snap","Cold Snap","Blizzard","Turbo","Ball Lightning","Tempest","White Noise"],"relics":["Cracked Core","NeowsBlessing","Bronze Scales","Golden Idol","Kunai","Centennial Puzzle","Ancient Tea Set","Dead Branch"],"potions_floor_usage":[12,13,13],"damage_taken":[{"damage":0,"enemies":"2 Louse","floor":1,"turns":1},{"damage":0,"enemies":"Small Slimes","floor":4,"turns":1},{"damage":0,"enemies":"Jaw Worm","floor":5,"turns":1},{"damage":23,"enemies":"3 Sentries","floor":6,"turns":9},{"damage":19,"enemies":"3 Louse","floor":8,"turns":3},{"damage":6,"enemies":"Lagavulin","floor":10,"turns":8},{"damage":0,"enemies":"Large Slime","floor":11,"turns":4},{"damage":5,"enemies":"3 Sentries","floor":12,"turns":4},{"damage":7,"enemies":"Lots of Slimes","floor":13,"turns":2}],"seed_played":"-3787553126841871362","potions_obtained":[{"floor":1,"key":"GamblersBrew"},{"floor":5,"key":"SpeedPotion"},{"floor":6,"key":"FocusPotion"},{"floor":12,"key":"SkillPotion"}],"is_trial":false,"path_per_floor":["M","?","?","M","M","E","R","M","T","E","M","E","M"],"character_chosen":"DEFECT","items_purchased":[],"campfire_rested":0,"item_purchase_floors":[],"current_hp_per_floor":[64,59,59,59,59,36,36,17,17,11,11,6,0],"gold":306,"neow_bonus":"THREE_ENEMY_KILL","is_prod":false,"is_daily":false,"chose_seed":false,"campfire_upgraded":1,"win_rate":0,"timestamp":1545215795,"path_taken":["M","?","?","?","M","E","R","M","T","E","M","E","M"],"build_version":"2018-12-17","purchased_purges":0,"victory":false,"max_hp_per_floor":[71,71,64,64,64,64,64,64,64,64,64,64,64],"card_choices":[{"not_picked":["Sunder","Chaos"],"picked":"Defragment","floor":1},{"not_picked":["Aggregate","Steam"],"picked":"Cold Snap","floor":4},{"not_picked":["Barrage","Fusion"],"picked":"Cold Snap","floor":5},{"not_picked":["Undo","Auto Shields"],"picked":"Blizzard","floor":6},{"not_picked":["Beam Cell","Cold Snap"],"picked":"Turbo","floor":8},{"not_picked":["Multi-Cast","Recycle"],"picked":"Ball Lightning","floor":10},{"not_picked":["Go for the Eyes","Rebound"],"picked":"Tempest","floor":11},{"not_picked":["Thunder Strike","Stack"],"picked":"White Noise","floor":12}],"player_experience":1045136,"relics_obtained":[{"floor":6,"key":"Kunai"},{"floor":9,"key":"Centennial Puzzle"},{"floor":10,"key":"Ancient Tea Set"},{"floor":12,"key":"Dead Branch"}],"event_choices":[{"damage_healed":0,"gold_gain":0,"player_choice":"Success","damage_taken":5,"relics_obtained":["Bronze Scales"],"max_hp_gain":0,"max_hp_loss":0,"event_name":"Scrap Ooze","floor":2,"gold_loss":0},{"damage_healed":0,"gold_gain":0,"player_choice":"Lose Max HP","damage_taken":0,"relics_obtained":["Golden Idol"],"max_hp_gain":0,"max_hp_loss":7,"event_name":"Golden Idol","floor":3,"gold_loss":0}],"is_beta":true,"boss_relics":[],"items_purged_floors":[],"is_endless":false,"potions_floor_spawned":[1,5,6,8,12],"killed_by":"Lots of Slimes","ascension_level":20}