{"gold_per_floor":[109,124,140,140,215,215,233,233,278,278,46,75,75,87,87,163,163,180,190,208,208,208],"floor_reached":22,"playtime":764,"items_purged":[],"score":326,"play_id":"fbaa9fb5-5a93-4a5a-8a52-1bd74094a1ad","local_time":"20181026114031","is_ascension_mode":true,"campfire_choices":[{"data":"Armaments","floor":6,"key":"SMITH"},{"data":"Bash","floor":8,"key":"SMITH"},{"data":"Spot Weakness","floor":10,"key":"SMITH"},{"floor":13,"key":"REST"},{"data":"Anger","floor":15,"key":"SMITH"}],"neow_cost":"TEN_PERCENT_HP_LOSS","seed_source_timestamp":12397443665562,"circlet_count":0,"master_deck":["Strike_R","Strike_R","Strike_R","Strike_R","Defend_R","Defend_R","Defend_R","Bash+1","AscendersBane","Spot Weakness+1","Spot Weakness","Armaments+1","Thunderclap","Bandage Up","Anger+1","Iron Wave","Reaper","Warcry","Anger+1","Body Slam"],"relics":["Burning Blood","Pen Nib","Blood Vial","PreservedInsect","Darkstone Periapt","Coffee Dripper"],"potions_floor_usage":[7,12,16,16,20],"damage_taken":[{"damage":4,"enemies":"2 Louse","floor":1,"turns":3},{"damage":2,"enemies":"Jaw Worm","floor":2,"turns":3},{"damage":15,"enemies":"Small Slimes","floor":3,"turns":3},{"damage":19,"enemies":"Exordium Wildlife","floor":7,"turns":5},{"damage":16,"enemies":"Gremlin Nob","floor":12,"turns":3},{"damage":6,"enemies":"Looter","floor":14,"turns":3},{"damage":44,"enemies":"Hexaghost","floor":16,"turns":8},{"damage":28,"enemies":"Shell Parasite","floor":18,"turns":6},{"damage":12,"enemies":"Chosen","floor":19,"turns":4},{"damage":31,"enemies":"Shelled Parasite and Fungi","floor":20,"turns":3},{"damage":40,"enemies":"Snake Plant","floor":22,"turns":3}],"seed_played":"-7195340302828832304","potions_obtained":[{"floor":1,"key":"Dexterity Potion"},{"floor":3,"key":"SkillPotion"},{"floor":7,"key":"SteroidPotion"},{"floor":14,"key":"SpeedPotion"},{"floor":18,"key":"Explosive Potion"}],"is_trial":false,"path_per_floor":["M","M","M","?","?","R","M","R","T","R","$","E","R","M","R","B",null,"M","M","M","?"],"character_chosen":"IRONCLAD","items_purchased":["PreservedInsect","Bandage Up"],"campfire_rested":1,"item_purchase_floors":[11,11],"current_hp_per_floor":[68,68,59,48,37,37,24,24,24,24,24,16,36,42,42,12,54,50,52,53,34,0],"gold":208,"neow_bonus":"REMOVE_TWO","is_prod":false,"is_daily":false,"chose_seed":false,"campfire_upgraded":4,"win_rate":0,"timestamp":1540546831,"path_taken":["M","M","M","?","?","R","M","R","T","R","$","E","R","M","R","BOSS","M","?","M","?","M"],"build_version":"2018-10-25v2","purchased_purges":0,"victory":false,"max_hp_per_floor":[68,68,68,68,68,68,68,68,68,68,68,68,68,68,68,68,68,68,68,68,73,73],"card_choices":[{"not_picked":["Shockwave","Anger"],"picked":"Spot Weakness","floor":1},{"not_picked":["Second Wind","Entrench"],"picked":"Spot Weakness","floor":2},{"not_picked":["Pommel Strike","Blood for Blood"],"picked":"Armaments","floor":3},{"not_picked":["Corruption","True Grit"],"picked":"Thunderclap","floor":7},{"not_picked":["Warcry","Cleave"],"picked":"Anger","floor":12},{"not_picked":["Warcry","Sentinel"],"picked":"Iron Wave","floor":14},{"not_picked":["Juggernaut","Brutality"],"picked":"Reaper","floor":16},{"not_picked":["Sentinel","Wild Strike"],"picked":"Warcry","floor":18},{"not_picked":["Shrug It Off","Clothesline"],"picked":"Anger+1","floor":19},{"not_picked":["Corruption","Wild Strike"],"picked":"Body Slam","floor":20}],"player_experience":684761,"relics_obtained":[{"floor":9,"key":"Blood Vial"},{"floor":12,"key":"Darkstone Periapt"}],"event_choices":[{"damage_healed":0,"gold_gain":0,"player_choice":"Success","damage_taken":11,"relics_obtained":["Pen Nib"],"max_hp_gain":0,"max_hp_loss":0,"event_name":"Scrap Ooze","floor":4,"gold_loss":0},{"damage_healed":0,"gold_gain":75,"player_choice":"Gather Gold","damage_taken":11,"max_hp_gain":0,"max_hp_loss":0,"event_name":"World of Goop","floor":5,"gold_loss":0},{"damage_healed":0,"gold_gain":0,"player_choice":"Shed Blood","damage_taken":24,"max_hp_gain":5,"max_hp_loss":0,"event_name":"Forgotten Altar","floor":21,"gold_loss":0}],"is_beta":true,"boss_relics":[{"not_picked":["Runic Cube","Busted Crown"],"picked":"Coffee Dripper"}],"items_purged_floors":[],"is_endless":false,"potions_floor_spawned":[1,3,7,14,18],"killed_by":"Snake Plant","ascension_level":15}