{"gold_per_floor":[114,128,52,52,52,78,78,78,105,105,122,151,45,77,77,152,152,169,444,454,473,51,51,51],"floor_reached":24,"playtime":1776,"items_purged":["Strike_G","Regret"],"score":524,"play_id":"65b015be-9f80-4739-90cf-7d27704e8b11","local_time":"20190228220911","is_ascension_mode":true,"campfire_choices":[{"data":"Deadly Poison","floor":7,"key":"SMITH"},{"data":"Catalyst","floor":10,"key":"SMITH"},{"data":"Dagger Spray","floor":15,"key":"SMITH"},{"data":"Footwork","floor":23,"key":"SMITH"}],"neow_cost":"NONE","seed_source_timestamp":46162642362651,"circlet_count":0,"master_deck":["AscendersBane","Defend_G","Defend_G","Defend_G","Defend_G","Defend_G","Strike_G","Strike_G","Strike_G","Strike_G","Survivor","Neutralize","Deadly Poison+1","Catalyst+1","Well Laid Plans","Dash","Dagger Throw","Dagger Spray+1","Malaise","Quick Slash+1","Backflip","Noxious Fumes","Footwork+1"],"relics":["Ring of the Snake","NeowsBlessing","Bag of Preparation","Smiling Mask","Sundial","Thread and Needle","Philosopher\u0027s Stone","OrangePellets"],"potions_floor_usage":[12,24],"damage_taken":[{"damage":0,"enemies":"Small Slimes","floor":1,"turns":1},{"damage":0,"enemies":"2 Louse","floor":2,"turns":1},{"damage":0,"enemies":"Lagavulin","floor":6,"turns":1},{"damage":0,"enemies":"Cultist","floor":11,"turns":3},{"damage":34,"enemies":"3 Sentries","floor":12,"turns":11},{"damage":0,"enemies":"Gremlin Nob","floor":14,"turns":3},{"damage":20,"enemies":"Slime Boss","floor":16,"turns":11},{"damage":0,"enemies":"Chosen","floor":18,"turns":4},{"damage":17,"enemies":"Shell Parasite","floor":20,"turns":4},{"damage":7,"enemies":"Snake Plant","floor":21,"turns":6},{"damage":34,"enemies":"Slavers","floor":24,"turns":2}],"seed_played":"5505212534463996314","potions_obtained":[{"floor":2,"key":"Fire Potion"},{"floor":14,"key":"SkillPotion"}],"is_trial":false,"path_per_floor":["M","M","$","?","?","E","R","?","T","R","M","E","$","E","R","B",null,"M","?","M","M","$","R","E"],"character_chosen":"THE_SILENT","items_purchased":["Well Laid Plans","Block Potion","Footwork","OrangePellets","GhostInAJar"],"campfire_rested":0,"item_purchase_floors":[3,13,22,22,22],"current_hp_per_floor":[59,59,59,59,64,64,64,64,64,64,64,30,30,30,30,10,56,56,56,39,32,32,32,0],"gold":51,"neow_bonus":"THREE_ENEMY_KILL","is_prod":false,"is_daily":false,"chose_seed":false,"campfire_upgraded":4,"win_rate":0,"timestamp":1551388151,"path_taken":["M","M","$","?","?","E","R","?","T","R","M","E","$","E","R","BOSS","M","?","M","?","$","R","E"],"build_version":"2019-01-23","purchased_purges":2,"victory":false,"max_hp_per_floor":[66,66,66,66,71,71,71,71,71,71,71,71,71,71,71,71,71,71,71,71,71,71,71,71],"card_choices":[{"not_picked":["Footwork","Bouncing Flask"],"picked":"Deadly Poison","floor":1},{"not_picked":["Skewer","Slice"],"picked":"Catalyst","floor":2},{"not_picked":["Outmaneuver","Quick Slash"],"picked":"Dash","floor":6},{"not_picked":["Outmaneuver","Well Laid Plans"],"picked":"Dagger Throw","floor":11},{"not_picked":["Well Laid Plans","Expertise","Flying Knee"],"picked":"SKIP","floor":12},{"not_picked":["Dash","Bouncing Flask"],"picked":"Dagger Spray","floor":14},{"not_picked":["Phantasmal Killer","Burst"],"picked":"Malaise","floor":16},{"not_picked":["Cloak And Dagger","Dash"],"picked":"Quick Slash+1","floor":18},{"not_picked":["Outmaneuver","Underhanded Strike"],"picked":"Backflip","floor":20},{"not_picked":["Deflect","Slice+1"],"picked":"Noxious Fumes","floor":21}],"player_experience":1353245,"relics_obtained":[{"floor":6,"key":"Bag of Preparation"},{"floor":9,"key":"Smiling Mask"},{"floor":12,"key":"Sundial"},{"floor":14,"key":"Thread and Needle"}],"event_choices":[{"damage_healed":0,"gold_gain":0,"player_choice":"Leave","damage_taken":0,"max_hp_gain":0,"max_hp_loss":0,"event_name":"The Cleric","floor":4,"gold_loss":0},{"damage_healed":0,"gold_gain":0,"player_choice":"Donut","damage_taken":0,"max_hp_gain":5,"max_hp_loss":0,"event_name":"Big Fish","floor":5,"gold_loss":0},{"damage_healed":0,"gold_gain":0,"player_choice":"Searched \u00271\u0027 times","damage_taken":0,"max_hp_gain":0,"max_hp_loss":0,"event_name":"Dead Adventurer","floor":8,"gold_loss":0},{"damage_healed":0,"gold_gain":275,"player_choice":"Desecrate","damage_taken":0,"max_hp_gain":0,"max_hp_loss":0,"event_name":"Golden Shrine","floor":19,"gold_loss":0,"cards_obtained":["Regret"]}],"is_beta":false,"boss_relics":[{"not_picked":["Lizard Tail","HoveringKite"],"picked":"Philosopher\u0027s Stone"}],"items_purged_floors":[13,22],"is_endless":false,"potions_floor_spawned":[2,14,16,18,20],"killed_by":"Slavers","ascension_level":20}