{"gold_per_floor":[119,119,119,133,52,93,93,124,124,159,159,235,235,248,248,341,341,361,377,377,292,312,350,350,385,385,385,62,100,100,134,134,210,210,221,232,232,232,232,259,259,288,348,377,414,426,470,494,506,518],"floor_reached":50,"playtime":2466,"items_purged":["Strike_B"],"score":1500,"play_id":"a9c8d2ac-f97f-48ca-a19b-3f41dc59917c","local_time":"20190117120717","is_ascension_mode":true,"campfire_choices":[{"data":"Capacitor","floor":13.0,"key":"SMITH"},{"floor":15.0,"key":"REST"},{"floor":24.0,"key":"REST"},{"data":"hubris:PowerSurge","floor":27.0,"key":"SMITH"},{"data":"Buffer","floor":32.0,"key":"SMITH"},{"data":"Amplify","floor":46.0,"key":"SMITH"},{"floor":49.0,"key":"RECALL"}],"neow_cost":"NONE","seed_source_timestamp":0,"circlet_count":0,"master_deck":["AscendersBane","Strike_B","Defend_B","Defend_B","Defend_B","Defend_B","Zap+1","Dualcast","Compile Driver","Gash","Meteor Strike","Capacitor+1","Glacier","Go for the Eyes+1","Biased Cognition","Consume+1","Amplify+1","Chaos","Ball Lightning+1","hubris:PowerSurge+1","Coolheaded+1","Turbo","Buffer+1","FTL+1","Panacea+1","Machine Learning","Recycle+1","Doom and Gloom+1","hubris:DuctTapeCard"],"special_seed":0,"relics":["Cracked Core","NeowsBlessing","Bloody Idol","hubris:DuctTape","hubris:Reverence","Bag of Marbles","Molten Egg 2","Strawberry","hubris:RunicObelisk","hubris:Potato","Turnip","Sundial","hubris:Metronome","Lee\u0027s Waffle","Darkstone Periapt","Pocketwatch","hubris:ScarierMask","Dream Catcher","MawBank","Lantern","Letter Opener"],"potions_floor_usage":[],"damage_taken":[{"damage":0.0,"enemies":"2 Louse","floor":1.0,"turns":1.0},{"damage":0.0,"enemies":"Cultist","floor":4.0,"turns":1.0},{"damage":0.0,"enemies":"Gremlin Nob","floor":6.0,"turns":1.0},{"damage":25.0,"enemies":"Lagavulin","floor":8.0,"turns":5.0},{"damage":30.0,"enemies":"3 Sentries","floor":10.0,"turns":6.0},{"damage":19.0,"enemies":"Lagavulin Event","floor":12.0,"turns":5.0},{"damage":7.0,"enemies":"Jaw Worm","floor":14.0,"turns":2.0},{"damage":31.0,"enemies":"Slime Boss","floor":16.0,"turns":10.0},{"damage":6.0,"enemies":"Spheric Guardian","floor":18.0,"turns":3.0},{"damage":1.0,"enemies":"Chosen","floor":19.0,"turns":5.0},{"damage":21.0,"enemies":"Sentry and Sphere","floor":22.0,"turns":3.0},{"damage":0.0,"enemies":"Gremlin Leader","floor":23.0,"turns":6.0},{"damage":32.0,"enemies":"Slavers","floor":25.0,"turns":3.0},{"damage":18.0,"enemies":"Book of Stabbing","floor":29.0,"turns":3.0},{"damage":13.0,"enemies":"Slavers","floor":31.0,"turns":4.0},{"damage":17.0,"enemies":"Automaton","floor":33.0,"turns":8.0},{"damage":14.0,"enemies":"3 Darklings","floor":35.0,"turns":5.0},{"damage":4.0,"enemies":"Orb Walker","floor":36.0,"turns":3.0},{"damage":0.0,"enemies":"Nemesis","floor":40.0,"turns":7.0},{"damage":0.0,"enemies":"Giant Head","floor":42.0,"turns":14.0},{"damage":0.0,"enemies":"3 Darklings","floor":44.0,"turns":5.0},{"damage":44.0,"enemies":"Nemesis","floor":45.0,"turns":9.0},{"damage":39.0,"enemies":"Reptomancer","floor":47.0,"turns":6.0},{"damage":0.0,"enemies":"Transient","floor":48.0,"turns":6.0},{"damage":47,"enemies":"Time Eater","floor":50,"turns":11}],"seed_played":"-8175244618858776201","potions_obtained":[{"floor":1.0,"key":"Dexterity Potion"},{"floor":4.0,"key":"SteroidPotion"},{"floor":10.0,"key":"Block Potion"},{"floor":16.0,"key":"Regen Potion"},{"floor":23.0,"key":"Block Potion"},{"floor":33.0,"key":"LiquidBronze"}],"is_trial":false,"path_per_floor":["M","?","?","M","$","E","?","E","T","E","?","?","R","M","R","B",null,"M","M","?","?","M","E","R","E","T","R","$","E","?","E","R","B",null,"M","M","?","$","?","E","?","E","T","M","E","R","E","M","R","B"],"character_chosen":"DEFECT","items_purchased":["Defragment","Lee\u0027s Waffle","Turbo"],"campfire_rested":2,"item_purchase_floors":[5,28,28],"current_hp_per_floor":[64,64,64,64,64,64,64,39,39,9,30,18,18,11,32,1,54,48,47,47,47,26,26,47,15,15,15,78,60,60,52,52,55,72,63,64,54,54,54,59,59,64,74,78,39,44,15,25,30,0],"gold":518,"neow_bonus":"THREE_ENEMY_KILL","is_prod":false,"is_daily":false,"chose_seed":false,"campfire_upgraded":4,"win_rate":0,"timestamp":1547723237,"path_taken":["M","?","?","?","$","E","?","E","T","E","?","?","R","M","R","BOSS","BOSS","M","M","?","?","M","E","R","E","T","R","?","E","?","E","R","BOSS","M","M","?","$","?","E","?","E","T","M","E","R","E","M","R","BOSS"],"build_version":"2019-01-10","purchased_purges":1,"victory":false,"max_hp_per_floor":[71,64,64,64,64,64,64,64,64,64,64,71,71,71,71,71,71,71,71,71,71,71,71,71,71,71,71,78,78,78,78,78,78,78,78,78,78,78,78,78,78,78,78,78,78,78,78,78,78,78],"card_choices":[{"not_picked":["Leap","Stack"],"picked":"Compile Driver","floor":1.0},{"not_picked":["Compile Driver","Stack"],"picked":"Gash","floor":4.0},{"not_picked":["Rip and Tear","Barrage"],"picked":"Static Discharge","floor":6.0},{"not_picked":["White Noise","Beam Cell"],"picked":"Meteor Strike","floor":8.0},{"not_picked":["Lockon","Cold Snap"],"picked":"Capacitor","floor":10.0},{"not_picked":["Coolheaded","Conserve Battery"],"picked":"Glacier","floor":12.0},{"not_picked":["Storm","Compile Driver+1"],"picked":"Go for the Eyes+1","floor":14.0},{"not_picked":["Seek","All For One+1"],"picked":"Biased Cognition","floor":16.0},{"not_picked":["Hologram","Rip and Tear+1","Rebound+1"],"picked":"SKIP","floor":18.0},{"not_picked":["Cold Snap+1","Double Energy"],"picked":"Consume+1","floor":19.0},{"not_picked":["Reprogram","Undo"],"picked":"Ball Lightning+1","floor":22.0},{"not_picked":["Go for the Eyes+1","Rip and Tear+1"],"picked":"hubris:PowerSurge","floor":23.0},{"not_picked":["Ball Lightning+1","Undo"],"picked":"Coolheaded+1","floor":25.0},{"not_picked":["Cold Snap+1","Leap","Chaos"],"picked":"SKIP","floor":29.0},{"not_picked":["Coolheaded","Capacitor"],"picked":"Buffer","floor":31.0},{"not_picked":["Thunder Strike+1","Rainbow"],"picked":"Amplify","floor":33.0},{"not_picked":["Go for the Eyes+1","Sunder+1"],"picked":"FTL+1","floor":35.0},{"not_picked":["Steam","Leap+1","Consume"],"picked":"SKIP","floor":36.0},{"not_picked":["Swift Strike+1","Enlightenment"],"picked":"Panacea","floor":37.0},{"not_picked":["Melter+1","Leap","Cold Snap+1"],"picked":"SKIP","floor":40.0},{"not_picked":["Go for the Eyes+1","Leap"],"picked":"Machine Learning","floor":42.0},{"not_picked":["Ball Lightning+1","Hello World+1","Rebound+1"],"picked":"SKIP","floor":44.0},{"not_picked":["Redo","Genetic Algorithm"],"picked":"Recycle+1","floor":45.0},{"not_picked":["Leap","Genetic Algorithm","Consume"],"picked":"SKIP","floor":47.0},{"not_picked":["Undo","Gash+1"],"picked":"Doom and Gloom+1","floor":48.0}],"player_experience":1127650,"relics_obtained":[{"floor":6.0,"key":"hubris:DuctTape"},{"floor":8.0,"key":"hubris:Reverence"},{"floor":9.0,"key":"Bag of Marbles"},{"floor":10.0,"key":"Molten Egg 2"},{"floor":12.0,"key":"Strawberry"},{"floor":23.0,"key":"Turnip"},{"floor":25.0,"key":"Sundial"},{"floor":26.0,"key":"hubris:Metronome"},{"floor":29.0,"key":"Darkstone Periapt"},{"floor":31.0,"key":"Pocketwatch"},{"floor":40.0,"key":"Dream Catcher"},{"floor":42.0,"key":"MawBank"},{"floor":45.0,"key":"Lantern"},{"floor":47.0,"key":"Letter Opener"}],"event_choices":[{"damage_healed":0.0,"max_hp_gain":0.0,"max_hp_loss":7.0,"gold_gain":0.0,"event_name":"Golden Idol","player_choice":"Lose Max HP","floor":2.0,"gold_loss":0.0,"damage_taken":0.0,"relics_obtained":["Golden Idol"]},{"damage_healed":0.0,"max_hp_gain":0.0,"max_hp_loss":0.0,"gold_gain":0.0,"event_name":"Upgrade Shrine","player_choice":"Upgraded","floor":3.0,"gold_loss":0.0,"damage_taken":0.0,"cards_upgraded":["Zap"]},{"damage_healed":0.0,"max_hp_gain":0.0,"max_hp_loss":0.0,"gold_gain":0.0,"event_name":"Living Wall","player_choice":"Grow","floor":7.0,"gold_loss":0.0,"damage_taken":0.0,"cards_upgraded":["hubris:DuctTapeCard"]},{"damage_healed":21.0,"max_hp_gain":0.0,"max_hp_loss":0.0,"gold_gain":0.0,"event_name":"Big Fish","player_choice":"Banana","floor":11.0,"gold_loss":0.0,"damage_taken":0.0},{"damage_healed":0.0,"max_hp_gain":0.0,"max_hp_loss":0.0,"gold_gain":0.0,"event_name":"Dead Adventurer","player_choice":"Searched \u00271\u0027 times","floor":12.0,"gold_loss":0.0,"damage_taken":0.0},{"damage_healed":0.0,"max_hp_gain":0.0,"max_hp_loss":0.0,"gold_gain":0.0,"cards_transformed":["Strike_B","Strike_B"],"event_name":"Drug Dealer","player_choice":"Became Test Subject","floor":20.0,"gold_loss":0.0,"damage_taken":0.0,"cards_obtained":["Amplify","Chaos"]},{"damage_healed":0.0,"max_hp_gain":0.0,"max_hp_loss":0.0,"gold_gain":0.0,"event_name":"Addict","player_choice":"Obtained Relic","floor":21.0,"gold_loss":85.0,"damage_taken":0.0,"relics_obtained":["hubris:Potato"]},{"damage_healed":0.0,"max_hp_gain":0.0,"max_hp_loss":0.0,"gold_gain":0.0,"event_name":"Forgotten Altar","player_choice":"Gave Idol","floor":30.0,"relics_lost":["Golden Idol"],"gold_loss":0.0,"damage_taken":0.0,"relics_obtained":["Bloody Idol"]},{"damage_healed":0.0,"max_hp_gain":0.0,"max_hp_loss":0.0,"gold_gain":0.0,"event_name":"SensoryStone","player_choice":"Memory 3","floor":37.0,"gold_loss":0.0,"damage_taken":10.0},{"cards_removed":["Amplify"],"damage_healed":0.0,"max_hp_gain":0.0,"max_hp_loss":0.0,"gold_gain":0.0,"event_name":"Falling","player_choice":"Removed Skill","floor":39.0,"gold_loss":0.0,"damage_taken":0.0},{"damage_healed":0.0,"max_hp_gain":0.0,"max_hp_loss":0.0,"gold_gain":0.0,"event_name":"Accursed Blacksmith","player_choice":"Forge","floor":41.0,"gold_loss":0.0,"damage_taken":0.0,"cards_upgraded":["Panacea"]}],"is_beta":false,"boss_relics":[{"not_picked":["hubris:BlackHole","Black Star"],"picked":"hubris:RunicObelisk"},{"not_picked":["Runic Pyramid","Eternal Feather"],"picked":"hubris:ScarierMask"}],"items_purged_floors":[28],"is_endless":false,"potions_floor_spawned":[1,4,10,16,22,23,25,33,42,44,45],"killed_by":"Time Eater","ascension_level":20}