{"gold_per_floor":[219,233,59,59,78,109,109,109,189,189,189,207,207,246,246,341,341,366,366,387,407,430,430,430],"floor_reached":24,"playtime":868,"items_purged":[],"score":350,"play_id":"e54539e5-d3a4-48a0-ad2a-4e1e509e3cea","local_time":"20181107183917","is_ascension_mode":true,"campfire_choices":[{"data":"Noxious Fumes","floor":8,"key":"SMITH"},{"data":"Neutralize","floor":10,"key":"SMITH"},{"data":"Corpse Explosion","floor":13,"key":"SMITH"},{"floor":15,"key":"REST"},{"data":"Catalyst","floor":23,"key":"SMITH"}],"neow_cost":"NONE","seed_source_timestamp":33986905021155,"circlet_count":0,"master_deck":["AscendersBane","Defend_G","Defend_G","Defend_G","Defend_G","Defend_G","Strike_G","Strike_G","Strike_G","Strike_G","Strike_G","Survivor","Neutralize+1","Flying Knee","Noxious Fumes+1","Backflip","Bouncing Flask","Corpse Explosion+1","PiercingWail","Noxious Fumes","Doppelganger","Noxious Fumes+1","Dodge and Roll","Catalyst+1","Dash"],"relics":["Ring of the Snake","Oddly Smooth Stone","PreservedInsect","Smiling Mask","Mercury Hourglass","Golden Idol","Ninja Scroll","Sozu"],"potions_floor_usage":[22,24],"damage_taken":[{"damage":0,"enemies":"2 Louse","floor":1,"turns":3},{"damage":9,"enemies":"Jaw Worm","floor":2,"turns":5},{"damage":0,"enemies":"Cultist","floor":5,"turns":3},{"damage":32,"enemies":"Gremlin Nob","floor":6,"turns":4},{"damage":0,"enemies":"Large Slime","floor":12,"turns":4},{"damage":5,"enemies":"3 Sentries","floor":14,"turns":5},{"damage":20,"enemies":"Slime Boss","floor":16,"turns":8},{"damage":6,"enemies":"Chosen","floor":18,"turns":4},{"damage":13,"enemies":"2 Thieves","floor":20,"turns":2},{"damage":13,"enemies":"3 Cultists","floor":21,"turns":3},{"damage":1,"enemies":"Chosen and Byrds","floor":22,"turns":5},{"damage":27,"enemies":"Slavers","floor":24,"turns":3}],"seed_played":"4557175585701865608","potions_obtained":[{"floor":5,"key":"Ancient Potion"},{"floor":6,"key":"Block Potion"}],"is_trial":false,"path_per_floor":["M","M","$","?","M","E","?","R","T","R","?","M","R","E","R","B",null,"M","?","M","M","M","R","E"],"character_chosen":"THE_SILENT","items_purchased":["Backflip","Oddly Smooth Stone"],"campfire_rested":1,"item_purchase_floors":[3,3],"current_hp_per_floor":[59,50,50,55,55,23,20,20,20,20,20,20,20,15,34,14,53,47,47,34,21,20,20,0],"gold":430,"neow_bonus":"HUNDRED_GOLD","is_prod":false,"is_daily":false,"chose_seed":false,"campfire_upgraded":4,"win_rate":0,"timestamp":1541612357,"path_taken":["M","M","$","?","M","E","?","R","T","R","?","M","R","E","R","BOSS","M","?","M","M","M","R","E"],"build_version":"2018-11-06","purchased_purges":0,"victory":false,"max_hp_per_floor":[66,66,66,71,71,71,71,71,71,71,66,66,66,66,66,66,66,66,66,66,66,66,66,66],"card_choices":[{"not_picked":["Dagger Throw","Underhanded Strike"],"picked":"Flying Knee","floor":1},{"not_picked":["Distraction","Dagger Spray"],"picked":"Noxious Fumes","floor":2},{"not_picked":["Bane","Finisher"],"picked":"Bouncing Flask","floor":5},{"not_picked":["Blade Dance","Sucker Punch"],"picked":"Corpse Explosion","floor":6},{"not_picked":["Sucker Punch","Well Laid Plans"],"picked":"PiercingWail","floor":12},{"not_picked":["Accuracy","Underhanded Strike"],"picked":"Noxious Fumes","floor":14},{"not_picked":["Glass Knife","Storm of Steel"],"picked":"Doppelganger","floor":16},{"not_picked":["Deflect","Outmaneuver","Flying Knee"],"picked":"SKIP","floor":18},{"not_picked":["Blade Dance","Doppelganger"],"picked":"Dodge and Roll","floor":20},{"not_picked":["Backflip","Dagger Spray"],"picked":"Catalyst","floor":21},{"not_picked":["Sucker Punch","Finisher"],"picked":"Dash","floor":22}],"player_experience":768944,"relics_obtained":[{"floor":6,"key":"PreservedInsect"},{"floor":9,"key":"Mercury Hourglass"},{"floor":14,"key":"Ninja Scroll"}],"event_choices":[{"damage_healed":0,"gold_gain":0,"player_choice":"Donut","damage_taken":0,"max_hp_gain":5,"max_hp_loss":0,"event_name":"Big Fish","floor":4,"gold_loss":0},{"damage_healed":0,"gold_gain":0,"player_choice":"Success","damage_taken":3,"relics_obtained":["Smiling Mask"],"max_hp_gain":0,"max_hp_loss":0,"event_name":"Scrap Ooze","floor":7,"gold_loss":0},{"damage_healed":0,"gold_gain":0,"player_choice":"Lose Max HP","damage_taken":0,"relics_obtained":["Golden Idol"],"max_hp_gain":0,"max_hp_loss":5,"event_name":"Golden Idol","floor":11,"gold_loss":0},{"damage_healed":0,"gold_gain":0,"player_choice":"Copied","damage_taken":0,"max_hp_gain":0,"max_hp_loss":0,"event_name":"Duplicator","floor":19,"gold_loss":0,"cards_obtained":["Noxious Fumes"]}],"is_beta":true,"boss_relics":[{"not_picked":["Snecko Eye","Runic Dome"],"picked":"Sozu"}],"items_purged_floors":[],"is_endless":false,"potions_floor_spawned":[5,6,18,20],"killed_by":"Slavers","ascension_level":14}