{"gold_per_floor":[116,136,7,7,26,26,26,26,26,39,68,87,117,42,42,139,139,151,151,168,187,205,205,219,251,275,275,375,375],"floor_reached":29,"playtime":2211,"items_purged":["Strike_G"],"score":270,"play_id":"3aecf1d7-08e4-4af2-9d1d-cb354b7a74d3","local_time":"20190626001958","is_ascension_mode":false,"campfire_choices":[{"data":"After Image","floor":6.0,"key":"SMITH"},{"data":"Deadly Poison","floor":8.0,"key":"SMITH"},{"floor":15.0,"key":"REST"},{"floor":23,"key":"REST"},{"floor":27,"key":"REST"}],"neow_cost":"NONE","seed_source_timestamp":783481334303379,"circlet_count":0,"master_deck":["Defend_G","Defend_G","Defend_G","Defend_G","Defend_G","Strike_G","Strike_G","Survivor","Backflip","Quick Slash","After Image+1","Deadly Poison+1","Neutralize+1","Deadly Poison","Caltrops","Footwork","Bouncing Flask","Corpse Explosion","Slice+1","Quick Slash","Poisoned Stab+1","Footwork+1","Prepared","Deflect","Dodge and Roll+1"],"special_seed":0,"relics":["Ring of the Snake","NeowsBlessing","Odd Mushroom","Du-Vu Doll","Empty Cage","Potion Belt","Paper Crane","PreservedInsect","Gambling Chip","Toxic Egg 2"],"potions_floor_usage":[25,25,28],"damage_taken":[{"damage":0.0,"enemies":"Small Slimes","floor":1.0,"turns":1.0},{"damage":0.0,"enemies":"Cultist","floor":2.0,"turns":1.0},{"damage":0.0,"enemies":"Jaw Worm","floor":5.0,"turns":1.0},{"damage":11.0,"enemies":"3 Louse","floor":10.0,"turns":5.0},{"damage":16.0,"enemies":"The Mushroom Lair","floor":11.0,"turns":6.0},{"damage":8.0,"enemies":"Lots of Slimes","floor":12.0,"turns":5.0},{"damage":22.0,"enemies":"3 Sentries","floor":13.0,"turns":11.0},{"damage":3.0,"enemies":"Hexaghost","floor":16.0,"turns":7.0},{"damage":4,"enemies":"Shell Parasite","floor":18,"turns":5},{"damage":12,"enemies":"Chosen","floor":20,"turns":5},{"damage":8,"enemies":"Centurion and Healer","floor":21,"turns":7},{"damage":16,"enemies":"3 Cultists","floor":22,"turns":3},{"damage":5,"enemies":"Snecko","floor":24,"turns":6},{"damage":18,"enemies":"Book of Stabbing","floor":25,"turns":6},{"damage":17,"enemies":"Colosseum Slavers","floor":28,"turns":7},{"damage":16,"enemies":"Colosseum Nobs","floor":28,"turns":4},{"damage":23,"enemies":"Cultist and Chosen","floor":29,"turns":4}],"seed_played":"2013989515232870109","potions_obtained":[{"floor":1.0,"key":"Poison Potion"},{"floor":5.0,"key":"EssenceOfSteel"},{"floor":10.0,"key":"SpeedPotion"},{"floor":12.0,"key":"LiquidBronze"},{"floor":21,"key":"AttackPotion"},{"floor":24,"key":"Weak Potion"}],"is_trial":false,"path_per_floor":["M","M","$","?","M","R","$","R","T","M","?","M","E","$","R","B",null,"M","?","M","M","M","R","M","E","T","R","?","M"],"character_chosen":"THE_SILENT","items_purchased":["After Image","Deadly Poison"],"campfire_rested":3,"item_purchase_floors":[3,3],"current_hp_per_floor":[70,70,70,70,70,70,70,70,70,59,43,35,13,13,34,31,70,66,66,54,46,30,51,46,28,28,49,16,0],"gold":375,"neow_bonus":"THREE_ENEMY_KILL","is_prod":false,"is_daily":false,"chose_seed":false,"campfire_upgraded":2,"win_rate":0,"timestamp":1561475998,"path_taken":["M","M","$","?","M","R","?","R","T","M","?","M","E","?","R","BOSS","M","?","M","M","?","R","M","E","T","R","?","M"],"build_version":"2019-01-23","purchased_purges":1,"victory":false,"max_hp_per_floor":[70,70,70,70,70,70,70,70,70,70,70,70,70,70,70,70,70,70,70,70,70,70,70,70,70,70,70,70,70],"card_choices":[{"not_picked":["Eviscerate","Expertise"],"picked":"Backflip","floor":1.0},{"not_picked":["Endless Agony","Bane"],"picked":"Quick Slash","floor":2.0},{"not_picked":["Choke","Sucker Punch"],"picked":"Deadly Poison","floor":5.0},{"not_picked":["Flying Knee","Slice"],"picked":"Caltrops","floor":10.0},{"not_picked":["Underhanded Strike","Sucker Punch"],"picked":"Footwork","floor":11.0},{"not_picked":["Flying Knee","Predator"],"picked":"Bouncing Flask","floor":12.0},{"not_picked":["Underhanded Strike","Backstab"],"picked":"Corpse Explosion","floor":13.0},{"not_picked":["Glass Knife","Envenom"],"picked":"Night Terror","floor":16.0},{"not_picked":["Cloak And Dagger","Riddle With Holes"],"picked":"Slice+1","floor":18},{"not_picked":["Dagger Throw","Dagger Spray"],"picked":"Quick Slash","floor":20},{"not_picked":["Bouncing Flask","Underhanded Strike"],"picked":"Poisoned Stab+1","floor":21},{"not_picked":["Underhanded Strike","Backflip+1"],"picked":"Footwork+1","floor":22},{"not_picked":["Dagger Spray","Concentrate"],"picked":"Prepared","floor":24},{"not_picked":["Finisher","Expertise"],"picked":"Deflect","floor":25},{"not_picked":["Flying Knee","Glass Knife"],"picked":"Dodge and Roll+1","floor":28}],"player_experience":202575,"relics_obtained":[{"floor":11.0,"key":"Odd Mushroom"},{"floor":13.0,"key":"Du-Vu Doll"},{"floor":25,"key":"Paper Crane"},{"floor":26,"key":"PreservedInsect"},{"floor":28,"key":"Gambling Chip"},{"floor":28,"key":"Toxic Egg 2"}],"event_choices":[{"cards_removed":["Neutralize"],"damage_healed":0.0,"max_hp_gain":0.0,"max_hp_loss":0.0,"gold_gain":0.0,"event_name":"NoteForYourself","player_choice":"Took Card","floor":4.0,"gold_loss":0.0,"damage_taken":0.0,"cards_obtained":["Neutralize"]},{"damage_healed":0.0,"max_hp_gain":0.0,"max_hp_loss":0.0,"gold_gain":0.0,"event_name":"Mushrooms","player_choice":"Fought Mushrooms","floor":11.0,"gold_loss":0.0,"damage_taken":0.0},{"cards_removed":["Night Terror"],"damage_healed":0,"gold_gain":0,"player_choice":"Gave Card","damage_taken":0,"relics_obtained":["Potion Belt"],"max_hp_gain":0,"max_hp_loss":0,"event_name":"WeMeetAgain","floor":19,"gold_loss":0},{"damage_healed":0,"gold_gain":0,"player_choice":"Fight","damage_taken":0,"max_hp_gain":0,"max_hp_loss":0,"event_name":"Colosseum","floor":28,"gold_loss":0},{"damage_healed":0,"gold_gain":0,"player_choice":"Fought Nobs","damage_taken":0,"max_hp_gain":0,"max_hp_loss":0,"event_name":"Colosseum","floor":28,"gold_loss":0}],"is_beta":false,"boss_relics":[{"not_picked":["Philosopher\u0027s Stone","HoveringKite"],"picked":"Empty Cage"}],"items_purged_floors":[14],"is_endless":false,"potions_floor_spawned":[1,5,10,12,21,24,28],"killed_by":"Cultist and Chosen","ascension_level":0}