{"gold_per_floor":[114,114,114,74,92,92,125,125,125,151,165,21,71,81,81,159,159,137,151,151],"floor_reached":20,"playtime":514,"items_purged":[],"score":414,"play_id":"268f7d0a-3c54-4746-baa1-4a1c2b8b5189","local_time":"20190201014122","is_ascension_mode":true,"campfire_choices":[{"data":"Bash","floor":6.0,"key":"SMITH"},{"data":"Fiend Fire","floor":8.0,"key":"SMITH"},{"data":"Armaments","floor":15.0,"key":"SMITH"}],"neow_cost":"NONE","seed_source_timestamp":0,"circlet_count":0,"master_deck":["AscendersBane","Strike_R","Strike_R","Strike_R","Strike_R","Strike_R","Defend_R+1","Defend_R","Defend_R","Defend_R+1","Bash+1","Twin Strike","Thunderclap","Fiend Fire+1","Heavy Blade","Anger","Corruption","Armaments+1","Exhume","hubris:StunningStrike","Uppercut","Pommel Strike+1"],"special_seed":0,"relics":["Burning Blood","Pen Nib","Vajra","hubris:TinFlute","Meat on the Bone","Runic Dome","Sundial"],"potions_floor_usage":[],"damage_taken":[{"damage":9.0,"enemies":"Jaw Worm","floor":1.0,"turns":6.0},{"damage":0.0,"enemies":"2 Louse","floor":5.0,"turns":2.0},{"damage":0.0,"enemies":"Gremlin Nob","floor":7.0,"turns":2.0},{"damage":27.0,"enemies":"Lagavulin","floor":10.0,"turns":6.0},{"damage":0.0,"enemies":"Small Slimes","floor":11.0,"turns":1.0},{"damage":9.0,"enemies":"Red Slaver","floor":14.0,"turns":3.0},{"damage":55.0,"enemies":"Slime Boss","floor":16.0,"turns":7.0},{"damage":18.0,"enemies":"2 Thieves","floor":18.0,"turns":4.0},{"damage":32.0,"enemies":"3 Byrds","floor":19.0,"turns":6.0},{"damage":0,"enemies":"Shelled Parasite and Fungi","floor":20,"turns":1}],"seed_played":"-5722818099122299573","potions_obtained":[{"floor":4.0,"key":"Block Potion"},{"floor":4.0,"key":"AttackPotion"},{"floor":10.0,"key":"Swift Potion"}],"is_trial":false,"path_per_floor":["M","?","?","?","M","R","E","R","T","E","M","$","?","M","R","B",null,"M","M","M"],"character_chosen":"IRONCLAD","items_purchased":["Corruption","Armaments"],"campfire_rested":0,"item_purchase_floors":[12,12],"current_hp_per_floor":[65,42,67,67,73,73,75,75,75,54,60,60,60,57,57,20,61,49,35,35],"gold":151,"neow_bonus":"RANDOM_COMMON_RELIC","is_prod":false,"is_daily":false,"chose_seed":false,"campfire_upgraded":3,"win_rate":0,"timestamp":1548981682,"path_taken":["M","?","?","?","M","R","E","R","T","E","?","$","?","M","R","BOSS","M","?","?"],"build_version":"2019-01-23","purchased_purges":0,"victory":false,"max_hp_per_floor":[75,75,75,75,75,75,75,75,75,75,75,75,75,75,75,75,75,75,75,75],"card_choices":[{"not_picked":["True Grit","Second Wind"],"picked":"Twin Strike","floor":1.0},{"not_picked":["Blood for Blood","Flex"],"picked":"Thunderclap","floor":5.0},{"not_picked":["Body Slam","Sentinel"],"picked":"Fiend Fire","floor":7.0},{"not_picked":["Clothesline","Headbutt"],"picked":"Heavy Blade","floor":10.0},{"not_picked":["Body Slam","Havoc"],"picked":"Anger","floor":11.0},{"not_picked":["Iron Wave","Sword Boomerang"],"picked":"Exhume","floor":14.0},{"not_picked":["Bludgeon","Reaper"],"picked":"hubris:StunningStrike","floor":16.0},{"not_picked":["Headbutt","Sword Boomerang"],"picked":"Uppercut","floor":18.0},{"not_picked":["Perfected Strike","Twin Strike"],"picked":"Pommel Strike+1","floor":19.0}],"player_experience":1214164,"relics_obtained":[{"floor":7.0,"key":"Vajra"},{"floor":9.0,"key":"hubris:TinFlute"},{"floor":10.0,"key":"Meat on the Bone"}],"event_choices":[{"damage_healed":0.0,"max_hp_gain":0.0,"max_hp_loss":0.0,"gold_gain":0.0,"event_name":"Shining Light","player_choice":"Entered Light","floor":2.0,"gold_loss":0.0,"damage_taken":23.0,"cards_upgraded":["Defend_R","Defend_R"]},{"damage_healed":25.0,"max_hp_gain":0.0,"max_hp_loss":0.0,"gold_gain":0.0,"event_name":"Big Fish","player_choice":"Banana","floor":3.0,"gold_loss":0.0,"damage_taken":0.0},{"damage_healed":0.0,"max_hp_gain":0.0,"max_hp_loss":0.0,"gold_gain":0.0,"event_name":"The Woman in Blue","player_choice":"Bought 3 Potions","floor":4.0,"gold_loss":0.0,"damage_taken":0.0},{"damage_healed":0.0,"max_hp_gain":0.0,"max_hp_loss":0.0,"gold_gain":50.0,"event_name":"Golden Shrine","player_choice":"Pray","floor":13.0,"gold_loss":0.0,"damage_taken":0.0}],"is_beta":false,"boss_relics":[{"not_picked":["White Beast Statue","hubris:VirtuousBlindfold"],"picked":"Runic Dome"}],"items_purged_floors":[],"is_endless":false,"potions_floor_spawned":[10],"killed_by":"Shelled Parasite and Fungi","ascension_level":20}