{"gold_per_floor":[115,115,128,144,144,144,169,169,195,225,225,250,267,296,296,371,371,389,401,401,153,153,153,153],"floor_reached":24,"playtime":1282,"items_purged":[],"score":377,"play_id":"577d19d9-19a3-45ef-81d8-c6d4c4959ff6","local_time":"20181002102014","is_ascension_mode":true,"campfire_choices":[{"data":"Fusion","floor":6,"key":"SMITH"},{"data":"Zap","floor":8,"key":"SMITH"},{"data":"Dualcast","floor":11,"key":"SMITH"},{"floor":15,"key":"REST"},{"data":"Buffer","floor":23,"key":"SMITH"}],"neow_cost":"TEN_PERCENT_HP_LOSS","seed_source_timestamp":1563456007811,"circlet_count":0,"master_deck":["Strike_B","Strike_B","Defend_B+1","Zap+1","Dualcast+1","AscendersBane","Ball Lightning+1","Fusion+1","Glacier","Conserve Battery","Steam Power","Buffer+1","Coolheaded","Defragment+1","Thunder Strike","Consume"],"relics":["Cracked Core","Smiling Mask","Mango","PreservedInsect","Pantograph","Mummified Hand","Frozen Egg 2","Empty Cage","Matryoshka"],"potions_floor_usage":[7,14,16,24],"damage_taken":[{"damage":5,"enemies":"2 Louse","floor":1,"turns":3},{"damage":4,"enemies":"Small Slimes","floor":3,"turns":3},{"damage":4,"enemies":"Jaw Worm","floor":4,"turns":3},{"damage":10,"enemies":"Gremlin Nob","floor":7,"turns":4},{"damage":8,"enemies":"3 Sentries","floor":10,"turns":8},{"damage":8,"enemies":"Lagavulin","floor":12,"turns":5},{"damage":0,"enemies":"Large Slime","floor":13,"turns":5},{"damage":6,"enemies":"Gremlin Nob","floor":14,"turns":4},{"damage":19,"enemies":"The Guardian","floor":16,"turns":13},{"damage":0,"enemies":"3 Byrds","floor":18,"turns":5},{"damage":0,"enemies":"2 Thieves","floor":19,"turns":3},{"damage":79,"enemies":"Gremlin Leader","floor":24,"turns":11}],"seed_played":"-6123649550263553460","potions_obtained":[{"floor":3,"key":"Block Potion"},{"floor":4,"key":"SkillPotion"},{"floor":13,"key":"Poison Potion"},{"floor":16,"key":"SteroidPotion"},{"floor":18,"key":"SmokeBomb"}],"is_trial":false,"path_per_floor":["M","?","M","M","?","R","E","R","T","E","R","E","M","E","R","B",null,"M","M","?","$","?","R"],"character_chosen":"DEFECT","items_purchased":["Matryoshka"],"campfire_rested":1,"item_purchase_floors":[21],"current_hp_per_floor":[59,46,42,38,35,35,39,39,39,31,31,23,23,17,40,46,70,70,70,70,70,70,70,0],"gold":153,"neow_bonus":"REMOVE_TWO","is_prod":false,"is_daily":false,"chose_seed":false,"campfire_upgraded":4,"win_rate":0,"timestamp":1538468414,"path_taken":["M","?","M","M","?","R","E","R","T","E","R","E","M","E","R","BOSS","M","M","?","$","?","R","E"],"build_version":"2018-09-27","purchased_purges":0,"victory":false,"max_hp_per_floor":[64,64,64,64,64,64,78,78,78,78,78,78,78,78,78,78,78,78,78,78,78,78,78,78],"card_choices":[{"not_picked":["Compile Driver","Fusion"],"picked":"Ball Lightning","floor":1},{"not_picked":["Redo","Aggregate"],"picked":"Fusion","floor":3},{"not_picked":["Doom and Gloom","Stack"],"picked":"Glacier","floor":4},{"not_picked":["Rebound","Go for the Eyes"],"picked":"Conserve Battery","floor":7},{"not_picked":["Fusion","Streamline"],"picked":"Steam Power","floor":10},{"not_picked":["Storm","Streamline"],"picked":"Buffer","floor":12},{"not_picked":["Barrage","Darkness"],"picked":"Coolheaded","floor":13},{"not_picked":["Ball Lightning","Recycle"],"picked":"Defragment","floor":14},{"not_picked":["Core Surge","All For One"],"picked":"Thunder Strike","floor":16},{"not_picked":["Steam","Conserve Battery","Leap"],"picked":"SKIP","floor":18},{"not_picked":["Turbo","Stack","Fusion"],"picked":"SKIP","floor":19}],"player_experience":571705,"relics_obtained":[{"floor":7,"key":"Mango"},{"floor":9,"key":"PreservedInsect"},{"floor":10,"key":"Pantograph"},{"floor":12,"key":"Mummified Hand"},{"floor":14,"key":"Frozen Egg 2"}],"event_choices":[{"event_name":"Shining Light","player_choice":"Entered Light","floor":2,"damage_taken":0},{"event_name":"Scrap Ooze","player_choice":"success","floor":5,"damage_taken":3},{"event_name":"Ghosts","player_choice":"Ignored","floor":20,"damage_taken":0},{"event_name":"Transmorgrifier","player_choice":"Transform","floor":22,"damage_taken":0}],"is_beta":true,"boss_relics":[{"not_picked":["Lizard Tail","Coffee Dripper"],"picked":"Empty Cage"}],"items_purged_floors":[],"is_endless":false,"potions_floor_spawned":[3,4,13,16,18],"killed_by":"Gremlin Leader","ascension_level":14}