{"gold_per_floor":[116,41,41,41,58,58,71,99,150,150,163,163,196,45,45,118,118,137,82,82,82,92,121,121,150,150,178,191,191,16,42,42,119,119,132,132,54,4,21,47,47,47,115,145,16,31,54,83,83,83,83,83,83,7,34,34],"floor_reached":57,"playtime":3561,"items_purged":["Strike_G","Strike_G+1","Strike_G+1"],"score":2915,"play_id":"e07101c1-10d0-4fae-a999-14b9d4c5115e","local_time":"20190806171543","is_ascension_mode":true,"campfire_choices":[{"data":"Poisoned Stab","floor":6.0,"key":"SMITH"},{"data":"Deadly Poison","floor":10.0,"key":"SMITH"},{"data":"Dagger Spray","floor":12.0,"key":"SMITH"},{"data":"Infinite Blades","floor":15.0,"key":"SMITH"},{"floor":29.0,"key":"REST"},{"data":"Footwork","floor":32.0,"key":"SMITH"},{"data":"Crippling Poison","floor":41.0,"key":"SMITH"},{"floor":49.0,"key":"RECALL"},{"data":"Crippling Poison","floor":53.0,"key":"SMITH"}],"neow_cost":"NONE","seed_source_timestamp":0,"circlet_count":0,"master_deck":["AscendersBane","Strike_G+1","Defend_G+1","Defend_G+1","Defend_G+1","Defend_G+1","Defend_G+1","Survivor","Neutralize","Bane","Poisoned Stab+1","Deadly Poison+1","Poisoned Stab","Dagger Spray+1","Infinite Blades+1","Bullet Time","Footwork+1","Crippling Poison+1","PiercingWail","PiercingWail","Backflip+1","Noxious Fumes","Corpse Explosion","Footwork","Crippling Poison+1","Footwork"],"special_seed":0,"relics":["Ring of the Snake","War Paint","Bag of Preparation","Ice Cream","Blood Vial","Dead Branch","Snecko Eye","Tiny Chest","Mango","Omamori","Unceasing Top","Sundial","Incense Burner","Orichalcum","Busted Crown","Matryoshka","Smiling Mask","Potion Belt","Mercury Hourglass","Boot","Art of War","Lantern","Happy Flower"],"potions_floor_usage":[56,56,56],"damage_taken":[{"damage":1.0,"enemies":"Jaw Worm","floor":1.0,"turns":4.0},{"damage":0.0,"enemies":"2 Louse","floor":5.0,"turns":3.0},{"damage":0.0,"enemies":"Small Slimes","floor":7.0,"turns":2.0},{"damage":8.0,"enemies":"Gremlin Nob","floor":8.0,"turns":3.0},{"damage":8.0,"enemies":"Exordium Wildlife","floor":11.0,"turns":5.0},{"damage":15.0,"enemies":"Lagavulin","floor":13.0,"turns":7.0},{"damage":21.0,"enemies":"Slime Boss","floor":16.0,"turns":9.0},{"damage":0.0,"enemies":"3 Byrds","floor":18.0,"turns":3.0},{"damage":0.0,"enemies":"Chosen","floor":22.0,"turns":3.0},{"damage":61.0,"enemies":"Slavers","floor":23.0,"turns":7.0},{"damage":4.0,"enemies":"Gremlin Leader","floor":25.0,"turns":4.0},{"damage":1.0,"enemies":"Slavers","floor":27.0,"turns":4.0},{"damage":0.0,"enemies":"Centurion and Healer","floor":28.0,"turns":4.0},{"damage":0.0,"enemies":"Gremlin Leader","floor":31.0,"turns":5.0},{"damage":36.0,"enemies":"Collector","floor":33.0,"turns":10.0},{"damage":0.0,"enemies":"3 Shapes","floor":35.0,"turns":4.0},{"damage":0.0,"enemies":"3 Darklings","floor":39.0,"turns":2.0},{"damage":13.0,"enemies":"Nemesis","floor":40.0,"turns":6.0},{"damage":20.0,"enemies":"Giant Head","floor":44.0,"turns":6.0},{"damage":0.0,"enemies":"Sphere and 2 Shapes","floor":46.0,"turns":4.0},{"damage":0.0,"enemies":"Nemesis","floor":48.0,"turns":5.0},{"damage":10.0,"enemies":"Donu and Deca","floor":50.0,"turns":6.0},{"damage":30.0,"enemies":"Awakened One","floor":51.0,"turns":15.0},{"damage":28.0,"enemies":"Shield and Spear","floor":55.0,"turns":6.0},{"damage":38,"enemies":"The Heart","floor":56,"turns":12}],"seed_played":"396828361913802201","potions_obtained":[{"floor":1.0,"key":"SkillPotion"},{"floor":8.0,"key":"GhostInAJar"},{"floor":11.0,"key":"Poison Potion"},{"floor":25.0,"key":"PowerPotion"},{"floor":27.0,"key":"Ancient Potion"},{"floor":46.0,"key":"SkillPotion"},{"floor":48.0,"key":"PowerPotion"}],"is_trial":false,"path_per_floor":["M","?","?","?","M","R","M","E","T","R","M","R","E","$","R","B",null,"M","?","?","T","M","E","?","E","T","E","M","R","$","E","R","B",null,"M","?","$","?","M","E","R","?","T","E","$","M","T","E","R","B","B",null,"R","$","E","B",null],"character_chosen":"THE_SILENT","items_purchased":["Infinite Blades","Noxious Fumes","Footwork","Crippling Poison","Footwork"],"campfire_rested":1,"item_purchase_floors":[14,30,37,45,54],"current_hp_per_floor":[58,58,63,52,52,52,52,44,44,44,38,38,25,25,25,6,55,57,57,57,71,73,14,14,12,12,13,15,40,40,42,42,8,66,68,68,68,68,70,59,59,59,59,41,41,43,43,45,45,37,9,63,63,63,37,1],"gold":34,"neow_bonus":"RANDOM_COMMON_RELIC","is_prod":false,"is_daily":false,"chose_seed":false,"campfire_upgraded":7,"win_rate":0,"timestamp":1565104543,"path_taken":["M","?","?","?","M","R","M","E","T","R","?","R","E","?","R","BOSS","M","?","?","?","M","E","?","E","T","E","M","R","$","E","R","BOSS","M","?","$","?","?","E","R","?","T","E","$","M","?","E","R","BOSS","BOSS","R","$","E","BOSS"],"build_version":"2019-07-17","purchased_purges":3,"victory":true,"max_hp_per_floor":[66,66,71,71,71,71,71,71,71,71,71,71,71,71,71,71,71,71,71,71,85,85,85,85,85,85,85,85,85,85,85,85,85,85,85,85,85,85,85,85,85,81,81,81,81,81,81,81,81,81,81,81,81,81,81,81],"card_choices":[{"not_picked":["Blade Dance","Acrobatics"],"picked":"Bane","floor":1.0},{"not_picked":["Expertise","Backflip"],"picked":"Poisoned Stab","floor":5.0},{"not_picked":["Concentrate","Poisoned Stab"],"picked":"Deadly Poison","floor":7.0},{"not_picked":["Blur","Riddle With Holes"],"picked":"Poisoned Stab","floor":8.0},{"not_picked":["Cloak And Dagger","Dagger Throw"],"picked":"Dagger Spray","floor":11.0},{"not_picked":["Dagger Throw","A Thousand Cuts","All Out Attack"],"picked":"SKIP","floor":13.0},{"not_picked":["Burst","Venomology"],"picked":"Bullet Time","floor":16.0},{"not_picked":["Acrobatics","Deadly Poison"],"picked":"Footwork","floor":18.0},{"not_picked":["Cloak And Dagger","Blade Dance"],"picked":"PiercingWail","floor":22.0},{"not_picked":["Endless Agony+1","Choke"],"picked":"PiercingWail","floor":23.0},{"not_picked":["Blade Dance","All Out Attack"],"picked":"Backflip+1","floor":25.0},{"not_picked":["Venomology","Expertise","Bane+1"],"picked":"SKIP","floor":27.0},{"not_picked":["Blade Dance","Deflect","Calculated Gamble"],"picked":"SKIP","floor":28.0},{"not_picked":["Deadly Poison","Dagger Spray","Flying Knee"],"picked":"SKIP","floor":31.0},{"not_picked":["Die Die Die","Phantasmal Killer"],"picked":"Corpse Explosion","floor":33.0},{"not_picked":["Cloak And Dagger"],"picked":"SKIP","floor":35.0},{"not_picked":["Deflect+1"],"picked":"SKIP","floor":39.0},{"not_picked":["Flying Knee"],"picked":"SKIP","floor":40.0},{"not_picked":["Underhanded Strike"],"picked":"SKIP","floor":44.0},{"not_picked":["Acrobatics+1"],"picked":"SKIP","floor":46.0},{"not_picked":["Prepared"],"picked":"SKIP","floor":48.0},{"not_picked":["Poisoned Stab"],"picked":"SKIP","floor":55.0}],"player_experience":1887996,"relics_obtained":[{"floor":8.0,"key":"Ice Cream"},{"floor":9.0,"key":"Blood Vial"},{"floor":13.0,"key":"Dead Branch"},{"floor":21.0,"key":"Mango"},{"floor":23.0,"key":"Omamori"},{"floor":25.0,"key":"Unceasing Top"},{"floor":26.0,"key":"Sundial"},{"floor":27.0,"key":"Incense Burner"},{"floor":31.0,"key":"Orichalcum"},{"floor":40.0,"key":"Smiling Mask"},{"floor":43.0,"key":"Potion Belt"},{"floor":44.0,"key":"Mercury Hourglass"},{"floor":47.0,"key":"Boot"},{"floor":47.0,"key":"Art of War"},{"floor":48.0,"key":"Lantern"},{"floor":55.0,"key":"Happy Flower"}],"event_choices":[{"cards_removed":["Strike_G"],"damage_healed":0.0,"max_hp_gain":0.0,"max_hp_loss":0.0,"gold_gain":0.0,"event_name":"The Cleric","player_choice":"Card Removal","floor":2.0,"gold_loss":75.0,"damage_taken":0.0},{"damage_healed":0.0,"max_hp_gain":5.0,"max_hp_loss":0.0,"gold_gain":0.0,"event_name":"Big Fish","player_choice":"Donut","floor":3.0,"gold_loss":0.0,"damage_taken":0.0},{"damage_healed":0.0,"max_hp_gain":0.0,"max_hp_loss":0.0,"gold_gain":0.0,"event_name":"Scrap Ooze","player_choice":"Success","floor":4.0,"gold_loss":0.0,"damage_taken":11.0,"relics_obtained":["Bag of Preparation"]},{"damage_healed":0.0,"max_hp_gain":0.0,"max_hp_loss":0.0,"gold_gain":0.0,"event_name":"Addict","player_choice":"Obtained Relic","floor":19.0,"gold_loss":85.0,"damage_taken":0.0,"relics_obtained":["Tiny Chest"]},{"damage_healed":0.0,"max_hp_gain":0.0,"max_hp_loss":0.0,"gold_gain":0.0,"event_name":"The Library","player_choice":"Read","floor":20.0,"gold_loss":0.0,"damage_taken":0.0,"cards_obtained":["Crippling Poison"]},{"damage_healed":0.0,"max_hp_gain":0.0,"max_hp_loss":0.0,"gold_gain":0.0,"event_name":"Back to Basics","player_choice":"Simplicity","floor":24.0,"gold_loss":0.0,"damage_taken":0.0,"cards_upgraded":["Strike_G","Strike_G","Strike_G","Defend_G","Defend_G","Defend_G"]},{"damage_healed":0.0,"max_hp_gain":0.0,"max_hp_loss":0.0,"gold_gain":0.0,"event_name":"Tomb of Lord Red Mask","player_choice":"Ignored","floor":36.0,"gold_loss":0.0,"damage_taken":0.0},{"damage_healed":0.0,"max_hp_gain":0.0,"max_hp_loss":0.0,"gold_gain":0.0,"event_name":"WeMeetAgain","player_choice":"Paid Gold","floor":38.0,"gold_loss":50.0,"damage_taken":0.0,"relics_obtained":["Matryoshka"]},{"damage_healed":0.0,"max_hp_gain":0.0,"max_hp_loss":4.0,"gold_gain":0.0,"event_name":"Winding Halls","player_choice":"Max HP","floor":42.0,"gold_loss":0.0,"damage_taken":0.0}],"is_beta":false,"boss_relics":[{"not_picked":["Calling Bell","Fusion Hammer"],"picked":"Snecko Eye"},{"not_picked":["Velvet Choker","Black Star"],"picked":"Busted Crown"}],"items_purged_floors":[14,30,45],"is_endless":false,"potions_floor_spawned":[1,8,11,18,25,27,33,46,48],"ascension_level":20}