{"gold_per_floor":[111,111,22,22,172,97,97,116,168,193,193,193,219,237,237,315,315,330,345,363,363,363,363],"floor_reached":23,"playtime":561,"items_purged":[],"score":444,"play_id":"d6f656f3-d32b-433f-aaa8-86792dff5b08","local_time":"20190606104435","is_ascension_mode":true,"campfire_choices":[{"data":"Bash","floor":7,"key":"SMITH"},{"data":"Rampage","floor":12,"key":"SMITH"},{"data":"Shockwave","floor":15,"key":"SMITH"}],"neow_cost":"NONE","seed_source_timestamp":3661324310731,"circlet_count":0,"master_deck":["AscendersBane","Strike_R+1","Defend_R+1","Defend_R+1","Defend_R+1","Defend_R+1","Bash+1","Anger","Shockwave+1","Clothesline","Rampage+1","Headbutt","Immolate","True Grit+1","Sword Boomerang","Corruption","Perfected Strike"],"special_seed":0,"relics":["Burning Blood","NeowsBlessing","Mercury Hourglass","Red Skull","Omamori","Smiling Mask","Fusion Hammer"],"potions_floor_usage":[23,23],"damage_taken":[{"damage":0.0,"enemies":"Small Slimes","floor":1.0,"turns":1.0},{"damage":0,"enemies":"Cultist","floor":8,"turns":1},{"damage":0,"enemies":"Lagavulin","floor":10,"turns":1},{"damage":29,"enemies":"Gremlin Nob","floor":13,"turns":4},{"damage":1,"enemies":"2 Louse","floor":14,"turns":2},{"damage":41,"enemies":"The Guardian","floor":16,"turns":9},{"damage":10,"enemies":"3 Byrds","floor":18,"turns":4},{"damage":24,"enemies":"Shell Parasite","floor":19,"turns":5},{"damage":28,"enemies":"Cultist and Chosen","floor":20,"turns":5},{"damage":16,"enemies":"Slavers","floor":23,"turns":3}],"seed_played":"-1948393715374955624","potions_obtained":[{"floor":8,"key":"BloodPotion"},{"floor":13,"key":"SkillPotion"},{"floor":14,"key":"Block Potion"}],"is_trial":false,"path_per_floor":["M","?","$","T","?","?","R","M","T","E","?","R","E","M","R","B",null,"M","M","M","?","?","E"],"character_chosen":"IRONCLAD","items_purchased":["Shockwave"],"campfire_rested":0,"item_purchase_floors":[3],"current_hp_per_floor":[74,74,74,74,74,74,74,75,75,75,68,68,45,50,50,15,60,56,38,16,16,16,0],"gold":363,"neow_bonus":"THREE_ENEMY_KILL","is_prod":false,"is_daily":false,"chose_seed":false,"campfire_upgraded":3,"win_rate":0,"timestamp":1559810675,"path_taken":["M","?","$","?","?","?","R","?","T","E","?","R","E","M","R","BOSS","M","M","M","?","?","E"],"build_version":"2019-01-23","purchased_purges":0,"victory":false,"max_hp_per_floor":[75,75,75,75,75,75,75,75,75,75,75,75,75,75,75,75,75,75,75,75,75,75,75],"card_choices":[{"not_picked":["Shrug It Off","Cleave"],"picked":"Anger","floor":1},{"not_picked":["Clash","Ghostly Armor"],"picked":"Clothesline","floor":8},{"not_picked":["Brutality","Entrench"],"picked":"Rampage","floor":10},{"not_picked":["Shockwave","Body Slam"],"picked":"Headbutt","floor":13},{"not_picked":["Havoc","Second Wind","Clash"],"picked":"SKIP","floor":14},{"not_picked":["Brutality","Dark Embrace"],"picked":"Immolate","floor":16},{"not_picked":["Infernal Blade","Reckless Charge","Whirlwind"],"picked":"SKIP","floor":18},{"not_picked":["Shockwave+1","Iron Wave"],"picked":"True Grit+1","floor":19},{"not_picked":["Sword Boomerang","Infernal Blade","Clash"],"picked":"SKIP","floor":20},{"not_picked":["Infernal Blade","Clash"],"picked":"Sword Boomerang","floor":20}],"player_experience":1722518,"relics_obtained":[{"floor":4,"key":"Mercury Hourglass"},{"floor":9,"key":"Red Skull"},{"floor":10,"key":"Omamori"},{"floor":13,"key":"Smiling Mask"}],"event_choices":[{"cards_removed":["Strike_R"],"damage_healed":0,"gold_gain":0,"player_choice":"Offered Basic","damage_taken":0,"max_hp_gain":0,"max_hp_loss":0,"event_name":"Bonfire Elementals","floor":2,"gold_loss":0},{"damage_healed":0,"gold_gain":150,"player_choice":"AGREE","damage_taken":0,"max_hp_gain":0,"max_hp_loss":0,"event_name":"Liars Game","floor":5,"gold_loss":0,"cards_obtained":["Doubt"]},{"cards_removed":["Doubt"],"damage_healed":0,"gold_gain":0,"player_choice":"Card Removal","damage_taken":0,"max_hp_gain":0,"max_hp_loss":0,"event_name":"The Cleric","floor":6,"gold_loss":75},{"cards_removed":["Strike_R"],"damage_healed":0,"gold_gain":0,"player_choice":"Card Removal","damage_taken":7,"max_hp_gain":0,"max_hp_loss":0,"event_name":"Golden Wing","floor":11,"gold_loss":0},{"damage_healed":0,"gold_gain":0,"cards_transformed":["Strike_R","Strike_R"],"player_choice":"Became Test Subject","damage_taken":0,"max_hp_gain":0,"max_hp_loss":0,"event_name":"Drug Dealer","floor":21,"gold_loss":0,"cards_obtained":["Corruption","Perfected Strike"]},{"damage_healed":0,"gold_gain":0,"player_choice":"Simplicity","damage_taken":0,"max_hp_gain":0,"max_hp_loss":0,"event_name":"Back to Basics","floor":22,"gold_loss":0,"cards_upgraded":["Strike_R","Defend_R","Defend_R","Defend_R","Defend_R"]}],"is_beta":false,"boss_relics":[{"not_picked":["Eternal Feather","Pandora\u0027s Box"],"picked":"Fusion Hammer"}],"items_purged_floors":[],"is_endless":false,"potions_floor_spawned":[8,13,14,16,19],"killed_by":"Slavers","ascension_level":20}