{"gold_per_floor":[113,113,126,141,160,160,170,201,201,230,230,230,259,271,271,347,347,361,286,14,27,52,52,71,71,71,71],"floor_reached":27,"playtime":1119,"items_purged":[],"score":516,"play_id":"2f115e37-b65b-4bfc-8146-bb4d0575d827","local_time":"20190713113111","is_ascension_mode":true,"campfire_choices":[{"data":"Neutralize","floor":6.0,"key":"SMITH"},{"data":"Predator","floor":11.0,"key":"SMITH"},{"floor":15.0,"key":"REST"},{"floor":23,"key":"REST"},{"floor":25,"key":"REST"}],"neow_cost":"NONE","seed_source_timestamp":0,"circlet_count":0,"master_deck":["AscendersBane","Strike_G","Strike_G","Strike_G","Strike_G","Defend_G","Defend_G","Defend_G","Defend_G","Defend_G","Survivor","Neutralize+1","Poisoned Stab+1","Well Laid Plans","Predator+1","Flying Knee","Dagger Spray","Poisoned Stab+1","Die Die Die+1","Cloak And Dagger","Dodge and Roll","Malaise","Noxious Fumes"],"special_seed":0,"relics":["Ring of the Snake","Molten Egg 2","Darkstone Periapt","Strawberry","Ice Cream","Pantograph","Snecko Eye","Mummified Hand","Red Mask","Omamori"],"potions_floor_usage":[22],"damage_taken":[{"damage":12.0,"enemies":"Jaw Worm","floor":1.0,"turns":8.0},{"damage":0.0,"enemies":"2 Louse","floor":3.0,"turns":3.0},{"damage":4.0,"enemies":"Small Slimes","floor":4.0,"turns":4.0},{"damage":6.0,"enemies":"2 Fungi Beasts","floor":5.0,"turns":3.0},{"damage":0.0,"enemies":"Looter","floor":7.0,"turns":3.0},{"damage":25.0,"enemies":"3 Sentries","floor":8.0,"turns":7.0},{"damage":0.0,"enemies":"Gremlin Nob","floor":10.0,"turns":3.0},{"damage":12.0,"enemies":"3 Sentries","floor":13.0,"turns":7.0},{"damage":12.0,"enemies":"Exordium Wildlife","floor":14.0,"turns":3.0},{"damage":21.0,"enemies":"Slime Boss","floor":16.0,"turns":9.0},{"damage":33,"enemies":"3 Byrds","floor":18,"turns":7},{"damage":15,"enemies":"2 Thieves","floor":21,"turns":4},{"damage":20,"enemies":"Masked Bandits","floor":22,"turns":3},{"damage":5,"enemies":"Centurion and Healer","floor":24,"turns":5},{"damage":46,"enemies":"Book of Stabbing","floor":27,"turns":7}],"seed_played":"374771719046130847","potions_obtained":[{"floor":0.0,"key":"PowerPotion"},{"floor":0.0,"key":"Regen Potion"},{"floor":8.0,"key":"Regen Potion"},{"floor":10.0,"key":"Fruit Juice"},{"floor":21,"key":"Strength Potion"}],"is_trial":false,"path_per_floor":["M","?","M","M","M","R","M","E","T","E","R","?","E","M","R","B",null,"M","?","$","M","?","R","M","R","T","E"],"character_chosen":"THE_SILENT","items_purchased":["Mummified Hand"],"campfire_rested":3,"item_purchase_floors":[20],"current_hp_per_floor":[47,47,47,43,37,37,37,27,27,34,34,29,32,20,48,52,72,39,39,39,24,4,27,22,45,45,0],"gold":71,"neow_bonus":"THREE_SMALL_POTIONS","is_prod":false,"is_daily":false,"chose_seed":false,"campfire_upgraded":2,"win_rate":0,"timestamp":1563010271,"path_taken":["M","?","M","M","M","R","M","E","T","E","R","?","E","M","R","BOSS","M","?","$","M","?","R","M","R","T","E"],"build_version":"2019-07-05","purchased_purges":0,"victory":false,"max_hp_per_floor":[66,66,66,66,66,66,66,66,66,73,73,73,73,73,78,78,78,78,78,78,78,78,78,78,78,78,78],"card_choices":[{"not_picked":["Concentrate","Deadly Poison"],"picked":"Poisoned Stab","floor":1.0},{"not_picked":["Distraction","Cloak And Dagger"],"picked":"Well Laid Plans","floor":3.0},{"not_picked":["Outmaneuver","Concentrate"],"picked":"Predator","floor":4.0},{"not_picked":["Flechettes","Expertise"],"picked":"Flying Knee","floor":5.0},{"not_picked":["Outmaneuver","Prepared"],"picked":"Dagger Spray","floor":7.0},{"not_picked":["Predator","Cloak And Dagger"],"picked":"Poisoned Stab","floor":8.0},{"not_picked":["Setup","Cloak And Dagger"],"picked":"Die Die Die+1","floor":10.0},{"not_picked":["Slice+1","Cloak And Dagger","Tools of the Trade"],"picked":"SKIP","floor":13.0},{"not_picked":["Slice+1","Tools of the Trade"],"picked":"Cloak And Dagger","floor":13.0},{"not_picked":["Quick Slash+1","Concentrate"],"picked":"Dodge and Roll","floor":14.0},{"not_picked":["Night Terror","Die Die Die+1"],"picked":"Malaise","floor":16.0},{"not_picked":["Choke+1","Outmaneuver"],"picked":"Noxious Fumes","floor":18},{"not_picked":["Poisoned Stab+1","Backstab+1","Deflect"],"picked":"SKIP","floor":21},{"not_picked":["Dagger Throw+1","Sucker Punch+1","Setup"],"picked":"SKIP","floor":24}],"player_experience":1797652,"relics_obtained":[{"floor":8.0,"key":"Molten Egg 2"},{"floor":9.0,"key":"Darkstone Periapt"},{"floor":10.0,"key":"Strawberry"},{"floor":13.0,"key":"Pantograph"},{"floor":22,"key":"Red Mask"},{"floor":26,"key":"Omamori"}],"event_choices":[{"damage_healed":0.0,"max_hp_gain":0.0,"max_hp_loss":0.0,"gold_gain":0.0,"event_name":"Living Wall","player_choice":"Grow","floor":2.0,"gold_loss":0.0,"damage_taken":0.0,"cards_upgraded":["Poisoned Stab"]},{"damage_healed":0.0,"max_hp_gain":0.0,"max_hp_loss":0.0,"gold_gain":0.0,"event_name":"Scrap Ooze","player_choice":"Success","floor":12.0,"gold_loss":0.0,"damage_taken":5.0,"relics_obtained":["Ice Cream"]},{"cards_removed":["Strike_G"],"damage_healed":0,"gold_gain":0,"player_choice":"Gave Gold","damage_taken":0,"max_hp_gain":0,"max_hp_loss":0,"event_name":"Beggar","floor":19,"gold_loss":75},{"damage_healed":0,"gold_gain":0,"player_choice":"Fought Bandits","damage_taken":0,"max_hp_gain":0,"max_hp_loss":0,"event_name":"Masked Bandits","floor":22,"gold_loss":0}],"is_beta":false,"boss_relics":[{"not_picked":["Pandora\u0027s Box","Sozu"],"picked":"Snecko Eye"}],"items_purged_floors":[],"is_endless":false,"potions_floor_spawned":[5,8,10,21],"killed_by":"Book of Stabbing","ascension_level":20}