{"gold_per_floor":[111,286,110,32,50,50,70,70,70,99,113,113,113,123,123,202,202,215,73,73,73,85,85,117,117,117,76,76,76,101,120,120,120],"floor_reached":33,"playtime":1157,"items_purged":["Doubt"],"score":464,"play_id":"e0f56c52-7ef3-411c-9f50-9d321a067b12","local_time":"20180918193107","is_ascension_mode":true,"campfire_choices":[{"data":"Zap","floor":6,"key":"SMITH"},{"data":"Dualcast","floor":8,"key":"SMITH"},{"data":"Sunder","floor":12,"key":"SMITH"},{"data":"All For One","floor":15,"key":"SMITH"},{"floor":23,"key":"REST"},{"floor":29,"key":"REST"},{"floor":32,"key":"REST"}],"neow_cost":"NONE","seed_source_timestamp":35393575512608,"circlet_count":0,"master_deck":["Strike_B","Strike_B","Strike_B","Strike_B","Defend_B","Defend_B","Defend_B","Zap+1","Dualcast+1","AscendersBane","All For One+1","Leap","Flash of Steel","Sunder+1","Steam","Steam","Go for the Eyes+1","Turbo+1","Gash+1","Fission+1","Beam Cell+1","Double Energy+1","Blind+1","Double Energy+1","Go for the Eyes+1","Sunder+1","Redo+1","Go for the Eyes+1"],"relics":["Cracked Core","Molten Egg 2","Toxic Egg 2","Centennial Puzzle","Fusion Hammer","Lantern","Smiling Mask","Letter Opener"],"potions_floor_usage":[10,14,18,22,24,30],"damage_taken":[{"damage":5,"enemies":"2 Louse","floor":1,"turns":3},{"damage":0,"enemies":"Small Slimes","floor":5,"turns":3},{"damage":0,"enemies":"Cultist","floor":7,"turns":3},{"damage":14,"enemies":"3 Sentries","floor":10,"turns":6},{"damage":4,"enemies":"2 Fungi Beasts","floor":11,"turns":3},{"damage":0,"enemies":"Large Slime","floor":14,"turns":4},{"damage":2,"enemies":"Slime Boss","floor":16,"turns":7},{"damage":0,"enemies":"3 Byrds","floor":18,"turns":3},{"damage":2,"enemies":"Chosen","floor":22,"turns":2},{"damage":71,"enemies":"Gremlin Leader","floor":24,"turns":10},{"damage":4,"enemies":"Slavers","floor":30,"turns":2},{"damage":10,"enemies":"Shelled Parasite and Fungi","floor":31,"turns":4},{"damage":68,"enemies":"Automaton","floor":33,"turns":6}],"seed_played":"-7633729421553678048","potions_obtained":[{"floor":7,"key":"SteroidPotion"},{"floor":11,"key":"Dexterity Potion"},{"floor":14,"key":"SkillPotion"},{"floor":16,"key":"Explosive Potion"},{"floor":20,"key":"SpeedPotion"},{"floor":24,"key":"AttackPotion"}],"is_trial":false,"path_per_floor":["M","?","$","$","M","R","M","R","T","E","M","R","?","M","R","B",null,"M","$","?","$","M","R","E","?","T","$","?","R","E","M","R"],"character_chosen":"DEFECT","items_purchased":["Flash of Steel","Sunder","Double Energy+1","Blind+1","Sunder+1"],"campfire_rested":3,"item_purchase_floors":[3,4,19,19,27],"current_hp_per_floor":[63,63,63,63,63,63,63,63,63,49,45,45,38,38,38,36,65,65,65,65,65,63,75,4,4,4,4,4,26,22,12,34,0],"gold":120,"neow_bonus":"ONE_RANDOM_RARE_CARD","is_prod":false,"is_daily":false,"chose_seed":false,"campfire_upgraded":4,"win_rate":0,"timestamp":1537291867,"path_taken":["M","?","?","$","M","R","M","R","T","E","M","R","?","M","R","BOSS","M","$","?","$","M","R","E","?","T","$","?","R","E","M","R","BOSS"],"build_version":"2018-09-17","purchased_purges":1,"victory":false,"max_hp_per_floor":[75,75,75,75,75,75,75,75,75,75,75,75,75,75,75,75,75,75,75,75,75,75,75,75,75,75,75,75,75,75,75,75,75],"card_choices":[{"not_picked":["Chaos","Compile Driver"],"picked":"Leap","floor":1},{"not_picked":["Chill","Static Discharge"],"picked":"Steam","floor":5},{"not_picked":["Auto Shields","Hyperbeam"],"picked":"Steam","floor":7},{"not_picked":["Capacitor","Genetic Algorithm"],"picked":"Go for the Eyes+1","floor":10},{"not_picked":["Conserve Battery+1","Hologram+1"],"picked":"Turbo+1","floor":11},{"not_picked":["Conserve Battery+1","Go for the Eyes+1"],"picked":"Gash+1","floor":14},{"not_picked":["Thunder Strike+1","Buffer"],"picked":"Fission+1","floor":16},{"not_picked":["Coolheaded+1","Ball Lightning+1"],"picked":"Beam Cell+1","floor":18},{"not_picked":["Rebound+1","Stack+1"],"picked":"Double Energy+1","floor":22},{"not_picked":["Rebound+1","Conserve Battery+1"],"picked":"Go for the Eyes+1","floor":24},{"not_picked":["Turbo+1","Lockon+1"],"picked":"Redo+1","floor":30},{"not_picked":["Turbo+1","Barrage+1"],"picked":"Go for the Eyes+1","floor":31}],"player_experience":458705,"relics_obtained":[{"floor":9,"key":"Molten Egg 2"},{"floor":10,"key":"Toxic Egg 2"},{"floor":24,"key":"Lantern"},{"floor":26,"key":"Smiling Mask"},{"floor":30,"key":"Letter Opener"}],"event_choices":[{"event_name":"Liars Game","player_choice":"agreed","floor":2,"damage_taken":0},{"event_name":"Scrap Ooze","player_choice":"success","floor":13,"damage_taken":7},{"event_name":"The Lab","player_choice":"Got Potions","floor":20,"damage_taken":0},{"event_name":"Bonfire Elementals","player_choice":"BASIC","floor":25,"damage_taken":0},{"event_name":"Cursed Tome","player_choice":"Ignored","floor":28,"damage_taken":0}],"is_beta":true,"boss_relics":[{"not_picked":["Coffee Dripper","Tiny House"],"picked":"Fusion Hammer"}],"items_purged_floors":[3],"is_endless":false,"potions_floor_spawned":[7,11,14,16,24],"killed_by":"Automaton","ascension_level":13}