{"gold_per_floor":[206,325,325,600,72,72,107,119,144,162,175,205,232,259,259,337,337,354,69,29,41,57,57,82,100,100,125,74,74],"floor_reached":29,"playtime":1128,"items_purged":["Regret"],"score":616,"play_id":"2e8fbe4d-eaa9-474e-8cdf-46890a3ab51c","local_time":"20190314115034","is_ascension_mode":true,"campfire_choices":[{"data":"Armaments","floor":6,"key":"SMITH"},{"floor":15,"key":"REST"},{"data":"Limit Break","floor":23,"key":"SMITH"}],"neow_cost":"CURSE","seed_source_timestamp":4381301725991,"circlet_count":0,"master_deck":["AscendersBane","Strike_R","Strike_R","Strike_R","Strike_R","Strike_R","Defend_R","Defend_R","Defend_R","Defend_R","Bash","hubris:Wrath","Fiend Fire","Perfected Strike","hubris:CleavingFinish","Corruption","Armaments+1","Shockwave","Power Through","Sword Boomerang","Sword Boomerang","Spot Weakness","Feel No Pain","Limit Break+1","Sword Boomerang","True Grit","Battle Trance","Heavy Blade+1","Body Slam+1"],"relics":["Burning Blood","hubris:OldNail","Pen Nib","Anchor","Shuriken","Dream Catcher","hubris:Metronome","hubris:CrackedHourglass","Paper Frog","Strawberry","Molten Egg 2","Unceasing Top"],"potions_floor_usage":[7,11,14,24,27,27],"damage_taken":[{"damage":6,"enemies":"2 Louse","floor":1,"turns":2},{"damage":13,"enemies":"infinitespire:Voidling","floor":2,"turns":4},{"damage":0,"enemies":"Gremlin Nob","floor":7,"turns":2},{"damage":7,"enemies":"Cultist","floor":8,"turns":4},{"damage":13,"enemies":"Exordium Thugs","floor":10,"turns":5},{"damage":2,"enemies":"Gremlin Gang","floor":11,"turns":4},{"damage":25,"enemies":"3 Sentries","floor":12,"turns":7},{"damage":39,"enemies":"Gremlin Nob","floor":14,"turns":4},{"damage":27,"enemies":"The Guardian","floor":16,"turns":10},{"damage":17,"enemies":"Spheric Guardian","floor":18,"turns":4},{"damage":1,"enemies":"Shell Parasite","floor":21,"turns":3},{"damage":20,"enemies":"Sentry and Sphere","floor":22,"turns":5},{"damage":25,"enemies":"Book of Stabbing","floor":24,"turns":4},{"damage":0,"enemies":"Snake Plant","floor":25,"turns":1},{"damage":22,"enemies":"Slavers","floor":27,"turns":7},{"damage":18,"enemies":"Nightmare","floor":29,"turns":6}],"seed_played":"-5682678586507451811","potions_obtained":[{"floor":2,"key":"Swift Potion"},{"floor":7,"key":"Energy Potion"},{"floor":16,"key":"AttackPotion"},{"floor":20,"key":"Swift Potion"},{"floor":24,"key":"PowerPotion"},{"floor":27,"key":"FearPotion"}],"is_trial":false,"path_per_floor":["M","M","?","?","$","R","E","M","T","M","M","E","T","E","R","B",null,"M","$","?","M","M","R","E","M","T","E","$","NM"],"character_chosen":"IRONCLAD","items_purchased":["Corruption","Armaments","Shockwave","hubris:OldNail","AttackPotion","Paper Frog","Body Slam+1"],"campfire_rested":1,"item_purchase_floors":[5,5,5,5,5,19,28],"current_hp_per_floor":[68,61,61,61,61,61,67,66,66,59,63,44,44,11,33,12,59,48,48,48,53,39,39,27,33,33,17,17,0],"gold":74,"neow_bonus":"THREE_RARE_CARDS","is_prod":false,"is_daily":false,"chose_seed":false,"campfire_upgraded":2,"win_rate":0,"timestamp":1552560634,"path_taken":["M","M","?","?","$","R","E","?","T","M","M","E","?","E","R","BOSS","M","$","?","M","M","R","E","?","T","E","$","NM"],"build_version":"2019-01-23","purchased_purges":1,"victory":false,"max_hp_per_floor":[75,75,75,75,75,75,75,75,75,75,75,75,75,75,75,75,75,75,75,75,75,75,75,82,82,82,82,82,82],"card_choices":[{"not_picked":["hubris:StunningStrike","Berserk"],"picked":"Fiend Fire","floor":0},{"not_picked":["Bloodletting","Sword Boomerang"],"picked":"Perfected Strike","floor":1},{"not_picked":["Cleave","Sever Soul"],"picked":"hubris:CleavingFinish","floor":2},{"not_picked":["Cleave","Headbutt","Havoc"],"picked":"SKIP","floor":7},{"not_picked":["Armaments","Perfected Strike"],"picked":"Power Through","floor":8},{"not_picked":["Corruption","Perfected Strike"],"picked":"Sword Boomerang","floor":10},{"not_picked":["Ghostly Armor","Searing Blow"],"picked":"Sword Boomerang","floor":11},{"not_picked":["Flex","Heavy Blade"],"picked":"Spot Weakness","floor":12},{"not_picked":["Body Slam","Heavy Blade"],"picked":"Feel No Pain","floor":14},{"not_picked":["Juggernaut","Barricade"],"picked":"Limit Break","floor":16},{"not_picked":["Wild Strike+1","Sever Soul+1"],"picked":"Sword Boomerang","floor":18},{"not_picked":["Perfected Strike","Carnage"],"picked":"True Grit","floor":21},{"not_picked":["Cleave","Dropkick"],"picked":"Battle Trance","floor":22},{"not_picked":["Corruption","Second Wind","True Grit"],"picked":"SKIP","floor":24},{"not_picked":["Thunderclap","Iron Wave","Clothesline"],"picked":"SKIP","floor":25},{"not_picked":["Feel No Pain","Havoc"],"picked":"Heavy Blade+1","floor":27}],"player_experience":1415070,"relics_obtained":[{"floor":7,"key":"Pen Nib"},{"floor":9,"key":"Anchor"},{"floor":12,"key":"Shuriken"},{"floor":13,"key":"Dream Catcher"},{"floor":14,"key":"hubris:Metronome"},{"floor":24,"key":"Strawberry"},{"floor":26,"key":"Molten Egg 2"},{"floor":27,"key":"Unceasing Top"}],"event_choices":[{"damage_healed":0,"gold_gain":275,"player_choice":"Desecrate","damage_taken":0,"max_hp_gain":0,"max_hp_loss":0,"event_name":"Golden Shrine","floor":4,"gold_loss":0,"cards_obtained":["Regret"]},{"damage_healed":0,"gold_gain":0,"player_choice":"Bought 3 Potions","damage_taken":0,"max_hp_gain":0,"max_hp_loss":0,"event_name":"The Woman in Blue","floor":20,"gold_loss":0}],"is_beta":false,"boss_relics":[{"not_picked":["hubris:HollowSoul","Philosopher\u0027s Stone"],"picked":"hubris:CrackedHourglass"}],"items_purged_floors":[5],"is_endless":false,"potions_floor_spawned":[2,7,10,16,22,24,27],"killed_by":"Nightmare","ascension_level":20}