{"gold_per_floor":[117,134,134,146,156,187,187,204,204,229,229,264,281,4,4,104,104,116,136,136,136,147,147,147],"floor_reached":24,"playtime":1319,"items_purged":["Strike_B"],"score":305,"play_id":"c87dd7d9-7db0-46e2-ade6-853eb5a05a3d","local_time":"20190412084132","is_ascension_mode":true,"campfire_choices":[{"floor":7,"key":"REST"},{"data":"Zap","floor":15,"key":"SMITH"},{"data":"Go for the Eyes","floor":23,"key":"SMITH"}],"neow_cost":"NONE","seed_source_timestamp":261370876750630,"circlet_count":0,"master_deck":["Strike_B","Strike_B","Defend_B","Defend_B","Defend_B","Defend_B","Zap+1","Dualcast","Sweeping Beam","Self Repair","Echo Form","Rip and Tear","All For One","Steam","Coolheaded","Cold Snap","Defragment","Go for the Eyes+1","Machine Learning","Ball Lightning+1","Compile Driver","Heatsinks"],"relics":["Cracked Core","Bottled Flame","Shuriken","Question Card","Meat on the Bone","Medical Kit","Sozu","Nilry\u0027s Codex"],"potions_floor_usage":[10,12,19],"damage_taken":[{"damage":0,"enemies":"Small Slimes","floor":1,"turns":3},{"damage":1,"enemies":"Cultist","floor":2,"turns":3},{"damage":8,"enemies":"2 Louse","floor":4,"turns":2},{"damage":11,"enemies":"Looter","floor":5,"turns":4},{"damage":32,"enemies":"Gremlin Nob","floor":6,"turns":4},{"damage":0,"enemies":"Exordium Thugs","floor":8,"turns":4},{"damage":25,"enemies":"3 Sentries","floor":10,"turns":8},{"damage":22,"enemies":"Gremlin Nob","floor":12,"turns":4},{"damage":0,"enemies":"Large Slime","floor":13,"turns":5},{"damage":10,"enemies":"The Guardian","floor":16,"turns":12},{"damage":14,"enemies":"Chosen","floor":18,"turns":5},{"damage":0,"enemies":"Spheric Guardian","floor":19,"turns":3},{"damage":14,"enemies":"Snake Plant","floor":22,"turns":4},{"damage":54,"enemies":"Slavers","floor":24,"turns":3}],"seed_played":"-1164645008683178558","potions_obtained":[{"floor":2,"key":"Dexterity Potion"},{"floor":8,"key":"Weak Potion"},{"floor":10,"key":"Fire Potion"},{"floor":12,"key":"AttackPotion"}],"is_trial":false,"path_per_floor":["M","M","?","M","M","E","R","M","T","E","?","E","M","$","R","B",null,"M","M","?","?","M","R","E"],"character_chosen":"DEFECT","items_purchased":["Medical Kit"],"campfire_rested":1,"item_purchase_floors":[14],"current_hp_per_floor":[75,74,74,73,69,44,68,75,75,57,57,42,49,49,49,58,76,69,76,60,60,53,53,0],"gold":147,"neow_bonus":"TEN_PERCENT_HP_BONUS","is_prod":false,"is_daily":false,"chose_seed":false,"campfire_upgraded":2,"win_rate":0,"timestamp":1555083692,"path_taken":["M","M","?","M","M","E","R","?","T","E","?","E","M","$","R","BOSS","M","M","?","?","M","R","E"],"build_version":"2019-01-23","purchased_purges":1,"victory":false,"max_hp_per_floor":[82,82,82,82,82,82,82,82,82,82,82,82,82,82,82,82,82,82,82,82,82,82,82,82],"card_choices":[{"not_picked":["Beam Cell","Turbo"],"picked":"Sweeping Beam","floor":1},{"not_picked":["Leap","BootSequence"],"picked":"Self Repair","floor":2},{"not_picked":["Hologram","Scrape"],"picked":"Rip and Tear","floor":4},{"not_picked":["Streamline","Steam"],"picked":"All For One","floor":5},{"not_picked":["Turbo","Capacitor"],"picked":"Steam","floor":6},{"not_picked":["Undo","Gash"],"picked":"Coolheaded","floor":8},{"not_picked":["Skim","Beam Cell"],"picked":"Cold Snap","floor":10},{"not_picked":["Double Energy","Conserve Battery","All For One"],"picked":"Defragment","floor":12},{"not_picked":["Stack","Barrage","Force Field"],"picked":"Go for the Eyes","floor":13},{"not_picked":["All For One","Core Surge","Seek"],"picked":"Machine Learning","floor":16},{"not_picked":["Conserve Battery","Hologram+1","Glacier"],"picked":"Ball Lightning+1","floor":18},{"not_picked":["Cold Snap","Streamline","Barrage+1"],"picked":"Compile Driver","floor":19},{"not_picked":["Sunder","Go for the Eyes+1","Skim"],"picked":"Heatsinks","floor":22}],"player_experience":557743,"relics_obtained":[{"floor":6,"key":"Bottled Flame"},{"floor":9,"key":"Shuriken"},{"floor":10,"key":"Question Card"},{"floor":12,"key":"Meat on the Bone"},{"floor":20,"key":"Nilry\u0027s Codex"}],"event_choices":[{"damage_healed":0,"gold_gain":0,"player_choice":"1 cards matched","damage_taken":0,"max_hp_gain":0,"max_hp_loss":0,"event_name":"Match and Keep!","floor":3,"gold_loss":0,"cards_obtained":["Echo Form"]},{"cards_removed":["Strike_B"],"damage_healed":0,"gold_gain":0,"player_choice":"Offered Basic","damage_taken":0,"max_hp_gain":0,"max_hp_loss":0,"event_name":"Bonfire Elementals","floor":11,"gold_loss":0},{"damage_healed":0,"gold_gain":0,"player_choice":"Obtained Book","damage_taken":16,"max_hp_gain":0,"max_hp_loss":0,"event_name":"Cursed Tome","floor":20,"gold_loss":0},{"damage_healed":0,"gold_gain":0,"player_choice":"Ignored","damage_taken":0,"max_hp_gain":0,"max_hp_loss":0,"event_name":"Ghosts","floor":21,"gold_loss":0}],"is_beta":false,"boss_relics":[{"not_picked":["Velvet Choker","FrozenCore"],"picked":"Sozu"}],"items_purged_floors":[14],"is_endless":false,"potions_floor_spawned":[2,8,10,12,18],"killed_by":"Slavers","ascension_level":8}