{"gold_per_floor":[117,192,209,209,228,228,254,254,280,292,12,12,45,55,55,133,133,111,111,127,39,57,57,120,120,120,120,148,167,195,195,195,270,270,287,287,297,55,68,97,97,130,157,157,157,191,202,232,232,232,232,232,232,21,55,55],"floor_reached":57,"playtime":2113,"items_purged":["Strike_G+1"],"score":2972,"play_id":"6633aafa-fa28-4a97-8dc3-eeb330cd761a","local_time":"20190820014242","is_ascension_mode":true,"campfire_choices":[{"data":"Poisoned Stab","floor":6.0,"key":"SMITH"},{"floor":8.0,"key":"REST"},{"data":"Footwork","floor":15.0,"key":"SMITH"},{"data":"Night Terror","floor":23.0,"key":"SMITH"},{"data":"Crippling Poison","floor":27.0,"key":"SMITH"},{"data":"Catalyst","floor":32,"key":"SMITH"},{"data":"Well Laid Plans","floor":41,"key":"SMITH"},{"data":"Catalyst","floor":44,"key":"SMITH"},{"floor":49,"key":"RECALL"},{"data":"Backflip","floor":53,"key":"SMITH"}],"neow_cost":"NONE","seed_source_timestamp":9176539792359,"circlet_count":0,"master_deck":["AscendersBane","Strike_G+1","Strike_G+1","Strike_G+1","Defend_G+1","Defend_G+1","Defend_G+1","Defend_G+1","Defend_G+1","Survivor","Neutralize+1","Backflip","Poisoned Stab+1","Night Terror+1","Catalyst+1","Crippling Poison+1","Footwork+1","Poisoned Stab+1","Deadly Poison","Venomology","Catalyst+1","Acrobatics+1","Noxious Fumes","PiercingWail","PiercingWail","Well Laid Plans+1","Catalyst+1","Dodge and Roll","PiercingWail","Corpse Explosion","Backflip","PiercingWail","Backflip+1"],"special_seed":0,"relics":["Ring of the Snake","Blood Vial","Omamori","Snake Skull","Potion Belt","Coffee Dripper","Tiny Chest","Gremlin Horn","Art of War","Whetstone","Cursed Key","Mango","Paper Crane","Anchor","Juzu Bracelet","OrangePellets","Bottled Lightning"],"potions_floor_usage":[30,40,51,51,55,56,56],"damage_taken":[{"damage":4.0,"enemies":"2 Louse","floor":1.0,"turns":4.0},{"damage":0.0,"enemies":"Small Slimes","floor":3.0,"turns":4.0},{"damage":1.0,"enemies":"Cultist","floor":5.0,"turns":4.0},{"damage":31.0,"enemies":"Gremlin Nob","floor":7.0,"turns":4.0},{"damage":12.0,"enemies":"3 Louse","floor":10.0,"turns":7.0},{"damage":14.0,"enemies":"Lagavulin","floor":13.0,"turns":7.0},{"damage":1.0,"enemies":"Blue Slaver","floor":14.0,"turns":2.0},{"damage":9.0,"enemies":"The Guardian","floor":16.0,"turns":7.0},{"damage":12.0,"enemies":"2 Thieves","floor":18.0,"turns":4.0},{"damage":0.0,"enemies":"Chosen","floor":20.0,"turns":3.0},{"damage":25.0,"enemies":"Sentry and Sphere","floor":22.0,"turns":6.0},{"damage":18.0,"enemies":"Book of Stabbing","floor":24.0,"turns":4.0},{"damage":4.0,"enemies":"Slavers","floor":28.0,"turns":7.0},{"damage":4.0,"enemies":"3 Cultists","floor":29.0,"turns":6.0},{"damage":5,"enemies":"Book of Stabbing","floor":30,"turns":3},{"damage":15,"enemies":"Collector","floor":33,"turns":5},{"damage":16,"enemies":"Orb Walker","floor":35,"turns":3},{"damage":13,"enemies":"3 Darklings","floor":37,"turns":4},{"damage":0,"enemies":"Spire Growth","floor":39,"turns":2},{"damage":0,"enemies":"Giant Head","floor":40,"turns":2},{"damage":11,"enemies":"Reptomancer","floor":42,"turns":2},{"damage":23,"enemies":"Nemesis","floor":46,"turns":7},{"damage":2,"enemies":"Writhing Mass","floor":47,"turns":3},{"damage":5,"enemies":"Giant Head","floor":48,"turns":3},{"damage":1,"enemies":"Time Eater","floor":50,"turns":5},{"damage":15,"enemies":"Awakened One","floor":51,"turns":8},{"damage":30,"enemies":"Shield and Spear","floor":55,"turns":4},{"damage":48,"enemies":"The Heart","floor":56,"turns":10}],"seed_played":"-1229595748081387572","potions_obtained":[{"floor":0.0,"key":"SkillPotion"},{"floor":0.0,"key":"EntropicBrew"},{"floor":13.0,"key":"Ancient Potion"},{"floor":16.0,"key":"SteroidPotion"},{"floor":20.0,"key":"Fire Potion"},{"floor":22.0,"key":"SpeedPotion"},{"floor":30,"key":"FairyPotion"},{"floor":40,"key":"Weak Potion"},{"floor":47,"key":"EssenceOfSteel"}],"is_trial":false,"path_per_floor":["M","?","M","?","M","R","E","R","T","M","$","?","E","M","R","B",null,"M","?","M","$","M","R","E","?","T","R","E","M","E","?","R","B",null,"M","?","M","$","M","E","R","E","T","R","?","E","M","E","R","B","B",null,"R","$","E","B",null],"character_chosen":"THE_SILENT","items_purchased":["Snake Skull","Footwork","Poisoned Stab","Noxious Fumes","Corpse Explosion","OrangePellets"],"campfire_rested":1,"item_purchase_floors":[11,11,11,21,38,54],"current_hp_per_floor":[55,44,44,49,48,48,17,38,38,28,28,28,16,17,17,10,56,46,46,48,48,25,25,9,9,9,9,7,5,2,16,16,3,54,40,40,29,29,31,47,47,38,38,38,38,17,17,14,14,15,2,64,64,64,36,5],"gold":55,"neow_bonus":"THREE_SMALL_POTIONS","is_prod":false,"is_daily":false,"chose_seed":false,"campfire_upgraded":8,"win_rate":0,"timestamp":1566258162,"path_taken":["M","?","M","?","M","R","E","R","T","M","$","?","E","?","R","BOSS","M","?","M","$","M","R","E","?","T","R","E","M","E","?","R","BOSS","M","?","M","$","M","E","R","E","T","R","?","E","?","E","R","BOSS","BOSS","R","$","E","BOSS"],"build_version":"2019-07-17","purchased_purges":1,"victory":true,"max_hp_per_floor":[66,66,66,71,71,71,71,71,71,71,71,71,71,71,71,71,71,71,71,71,71,71,71,71,71,71,71,71,71,71,71,71,71,71,71,71,71,71,71,85,85,85,85,85,85,85,85,85,85,85,85,85,85,85,85,85],"card_choices":[{"not_picked":["Distraction","Escape Plan"],"picked":"Backflip","floor":1.0},{"not_picked":["Blur","PiercingWail"],"picked":"Poisoned Stab","floor":3.0},{"not_picked":["Deflect","Outmaneuver"],"picked":"Night Terror","floor":5.0},{"not_picked":["Outmaneuver","Caltrops"],"picked":"Catalyst","floor":7.0},{"not_picked":["Endless Agony","Calculated Gamble"],"picked":"Crippling Poison","floor":10.0},{"not_picked":["Prepared","Slice"],"picked":"Deadly Poison","floor":13.0},{"not_picked":["Finisher","Prepared","Deadly Poison"],"picked":"SKIP","floor":14.0},{"not_picked":["Grand Finale","Envenom"],"picked":"Venomology","floor":16.0},{"not_picked":["Choke","Dagger Spray"],"picked":"Catalyst","floor":18.0},{"not_picked":["Backstab","Deflect"],"picked":"Acrobatics+1","floor":20.0},{"not_picked":["Acrobatics","Blade Dance"],"picked":"PiercingWail","floor":22.0},{"not_picked":["Cloak And Dagger","Dagger Spray"],"picked":"PiercingWail","floor":24.0},{"not_picked":["Deflect","Backflip"],"picked":"Well Laid Plans","floor":28.0},{"not_picked":["Acrobatics","Endless Agony"],"picked":"Catalyst","floor":29.0},{"not_picked":["Infinite Blades","Deadly Poison","Caltrops+1"],"picked":"SKIP","floor":30},{"not_picked":["Quick Slash","Blade Dance+1"],"picked":"Dodge and Roll","floor":35},{"not_picked":["All Out Attack","Quick Slash"],"picked":"PiercingWail","floor":37},{"not_picked":["Dagger Throw","Cloak And Dagger+1","Deadly Poison"],"picked":"SKIP","floor":39},{"not_picked":["Dagger Throw","Cloak And Dagger+1","Deadly Poison"],"picked":"SKIP","floor":39},{"not_picked":["Noxious Fumes","Underhanded Strike","Tactician"],"picked":"SKIP","floor":40},{"not_picked":["All Out Attack","Bouncing Flask","Acrobatics"],"picked":"SKIP","floor":42},{"not_picked":["Blade Dance","Deadly Poison+1"],"picked":"Backflip","floor":46},{"not_picked":["Slice+1","Infinite Blades"],"picked":"PiercingWail","floor":47},{"not_picked":["Burst","Calculated Gamble"],"picked":"Backflip","floor":48},{"not_picked":["Dagger Throw+1","Sucker Punch","Outmaneuver+1"],"picked":"SKIP","floor":55}],"player_experience":1939810,"relics_obtained":[{"floor":7.0,"key":"Blood Vial"},{"floor":9.0,"key":"Omamori"},{"floor":13.0,"key":"Potion Belt"},{"floor":24.0,"key":"Tiny Chest"},{"floor":26.0,"key":"Gremlin Horn"},{"floor":28.0,"key":"Art of War"},{"floor":30,"key":"Whetstone"},{"floor":40,"key":"Mango"},{"floor":42,"key":"Paper Crane"},{"floor":46,"key":"Anchor"},{"floor":48,"key":"Juzu Bracelet"},{"floor":55,"key":"Bottled Lightning"}],"event_choices":[{"damage_healed":0.0,"max_hp_gain":0.0,"max_hp_loss":0.0,"gold_gain":75.0,"event_name":"World of Goop","player_choice":"Gather Gold","floor":2.0,"gold_loss":0.0,"damage_taken":11.0},{"damage_healed":0.0,"max_hp_gain":5.0,"max_hp_loss":0.0,"gold_gain":0.0,"event_name":"Big Fish","player_choice":"Donut","floor":4.0,"gold_loss":0.0,"damage_taken":0.0},{"damage_healed":0.0,"max_hp_gain":0.0,"max_hp_loss":0.0,"gold_gain":0.0,"event_name":"Upgrade Shrine","player_choice":"Upgraded","floor":12.0,"gold_loss":0.0,"damage_taken":0.0,"cards_upgraded":["Catalyst"]},{"damage_healed":0.0,"max_hp_gain":0.0,"max_hp_loss":0.0,"gold_gain":0.0,"event_name":"Back to Basics","player_choice":"Simplicity","floor":19.0,"gold_loss":0.0,"damage_taken":0.0,"cards_upgraded":["Strike_G","Strike_G","Strike_G","Strike_G","Strike_G","Defend_G","Defend_G","Defend_G","Defend_G","Defend_G"]},{"damage_healed":0.0,"max_hp_gain":0.0,"max_hp_loss":0.0,"gold_gain":0.0,"event_name":"Cursed Tome","player_choice":"Ignored","floor":25.0,"gold_loss":0.0,"damage_taken":0.0},{"damage_healed":14,"gold_gain":0,"player_choice":"Heal","damage_taken":0,"max_hp_gain":0,"max_hp_loss":0,"event_name":"The Library","floor":31,"gold_loss":0},{"damage_healed":0,"gold_gain":0,"player_choice":"Ignored","damage_taken":0,"max_hp_gain":0,"max_hp_loss":0,"event_name":"Tomb of Lord Red Mask","floor":36,"gold_loss":0},{"cards_removed":["Strike_G"],"damage_healed":0,"gold_gain":0,"player_choice":"Removed Attack","damage_taken":0,"max_hp_gain":0,"max_hp_loss":0,"event_name":"Falling","floor":45,"gold_loss":0}],"is_beta":false,"boss_relics":[{"not_picked":["Black Star","WristBlade"],"picked":"Coffee Dripper"},{"not_picked":["Velvet Choker","Empty Cage"],"picked":"Cursed Key"}],"items_purged_floors":[38],"is_endless":false,"potions_floor_spawned":[3,7,13,16,20,22,30,40,42,47,48],"ascension_level":20}