{"gold_per_floor":[145,220,100,119,132,161,179,179,232,246,280,350,388,400,412,424],"floor_reached":16,"playtime":654,"items_purged":["Strike_R"],"score":240,"play_id":"87e8de98-6bc6-422e-80c8-4dff4da3d74b","local_time":"20190228153323","is_ascension_mode":true,"campfire_choices":[{"data":"Carnage","floor":8,"key":"SMITH"},{"data":"True Grit","floor":15,"key":"SMITH"}],"neow_cost":"NONE","seed_source_timestamp":23537471877664,"circlet_count":0,"master_deck":["AscendersBane","Strike_R","Strike_R","Strike_R","Strike_R","Defend_R","Defend_R","Defend_R","Defend_R","Bash","Clothesline","Carnage+1","Metallicize","Seeing Red","Shrug It Off","Disarm+1","Shockwave","True Grit+1"],"relics":["Burning Blood","Tiny Chest","Dodecahedron","Art of War","MawBank","Unceasing Top"],"potions_floor_usage":[6,11,16,16],"damage_taken":[{"damage":7,"enemies":"Small Slimes","floor":1,"turns":3},{"damage":9,"enemies":"Jaw Worm","floor":4,"turns":4},{"damage":0,"enemies":"Cultist","floor":5,"turns":3},{"damage":24,"enemies":"Gremlin Nob","floor":6,"turns":4},{"damage":5,"enemies":"3 Louse","floor":7,"turns":5},{"damage":0,"enemies":"2 Fungi Beasts","floor":10,"turns":5},{"damage":7,"enemies":"Lagavulin","floor":11,"turns":5},{"damage":8,"enemies":"Gremlin Nob","floor":12,"turns":3},{"damage":11,"enemies":"3 Sentries","floor":13,"turns":10},{"damage":57,"enemies":"Hexaghost","floor":16,"turns":15}],"seed_played":"617813624232730396","potions_obtained":[{"floor":1,"key":"AttackPotion"},{"floor":4,"key":"SteroidPotion"},{"floor":10,"key":"Regen Potion"},{"floor":13,"key":"SpeedPotion"}],"is_trial":false,"path_per_floor":["M","?","$","M","M","E","M","R","T","M","E","?","E","?","R","B"],"character_chosen":"IRONCLAD","items_purchased":["Carnage"],"campfire_rested":0,"item_purchase_floors":[3],"current_hp_per_floor":[67,56,56,53,59,41,42,42,42,48,47,45,40,40,40,0],"gold":424,"neow_bonus":"RANDOM_COMMON_RELIC","is_prod":false,"is_daily":false,"chose_seed":false,"campfire_upgraded":2,"win_rate":0,"timestamp":1551364403,"path_taken":["M","?","?","?","M","E","M","R","T","M","E","?","E","?","R","BOSS"],"build_version":"2019-01-23","purchased_purges":1,"victory":false,"max_hp_per_floor":[75,75,75,75,75,75,75,75,75,75,75,75,75,75,75,75],"card_choices":[{"not_picked":["Ghostly Armor","Feel No Pain"],"picked":"Clothesline","floor":1},{"not_picked":["Cleave","Seeing Red"],"picked":"Metallicize","floor":4},{"not_picked":["Sever Soul","Twin Strike","Thunderclap"],"picked":"SKIP","floor":5},{"not_picked":["Wild Strike","Sentinel","Thunderclap"],"picked":"SKIP","floor":6},{"not_picked":["Body Slam","Burning Pact"],"picked":"Seeing Red","floor":7},{"not_picked":["Armaments","Flex"],"picked":"Shrug It Off","floor":10},{"not_picked":["Clash","Evolve"],"picked":"Disarm","floor":11},{"not_picked":["Impervious","Thunderclap"],"picked":"Shockwave","floor":12},{"not_picked":["Perfected Strike","Headbutt"],"picked":"True Grit","floor":13}],"player_experience":1344915,"relics_obtained":[{"floor":6,"key":"Dodecahedron"},{"floor":9,"key":"Art of War"},{"floor":11,"key":"MawBank"},{"floor":13,"key":"Unceasing Top"}],"event_choices":[{"damage_healed":0,"gold_gain":75,"player_choice":"Gather Gold","damage_taken":11,"max_hp_gain":0,"max_hp_loss":0,"event_name":"World of Goop","floor":2,"gold_loss":0},{"damage_healed":0,"gold_gain":0,"player_choice":"Searched \u00272\u0027 times","damage_taken":0,"max_hp_gain":0,"max_hp_loss":0,"event_name":"Dead Adventurer","floor":12,"gold_loss":0},{"damage_healed":0,"gold_gain":0,"player_choice":"Upgraded","damage_taken":0,"max_hp_gain":0,"max_hp_loss":0,"event_name":"Upgrade Shrine","floor":14,"gold_loss":0,"cards_upgraded":["Disarm"]}],"is_beta":false,"boss_relics":[],"items_purged_floors":[3],"is_endless":false,"potions_floor_spawned":[1,4,10,13],"killed_by":"Hexaghost","ascension_level":20}