{"gold_per_floor":[113,124,144,144,35,67,30,30,55,80,80,106,120,134,134,134],"floor_reached":16,"playtime":4879,"items_purged":[],"score":234,"play_id":"0318c307-49aa-4512-9c9f-1b72eb38c638","local_time":"20181211135411","is_ascension_mode":true,"campfire_choices":[{"floor":11.0,"key":"REST"},{"data":"Armaments","floor":15.0,"key":"SMITH"}],"neow_cost":"NONE","seed_source_timestamp":0,"circlet_count":0,"master_deck":["AscendersBane","Strike_R","Strike_R","Strike_R","Strike_R","Strike_R","Defend_R","Defend_R","Defend_R","Defend_R","Bash","Wild Strike","Twin Strike","Shrug It Off","Inflame+1","Shrug It Off","Armaments+1","Feel No Pain","Twin Strike","True Grit","Clothesline","Uppercut"],"special_seed":0,"relics":["Burning Blood","NeowsBlessing","Matryoshka","Darkstone Periapt","Omamori","Centennial Puzzle","Juzu Bracelet","Bottled Lightning"],"potions_floor_usage":[16],"damage_taken":[{"damage":0.0,"enemies":"Cultist","floor":1.0,"turns":1.0},{"damage":0.0,"enemies":"Jaw Worm","floor":2.0,"turns":1.0},{"damage":0.0,"enemies":"2 Louse","floor":3.0,"turns":1.0},{"damage":37.0,"enemies":"3 Sentries","floor":6.0,"turns":13.0},{"damage":40.0,"enemies":"Gremlin Nob","floor":10.0,"turns":5.0},{"damage":18.0,"enemies":"3 Sentries","floor":12.0,"turns":9.0},{"damage":6.0,"enemies":"Blue Slaver","floor":13.0,"turns":5.0},{"damage":9.0,"enemies":"Lots of Slimes","floor":14.0,"turns":5.0},{"damage":38,"enemies":"Slime Boss","floor":16,"turns":7}],"seed_played":"-6000321909560293147","potions_obtained":[{"floor":1.0,"key":"Dexterity Potion"},{"floor":2.0,"key":"Regen Potion"},{"floor":6.0,"key":"Block Potion"},{"floor":14.0,"key":"Poison Potion"}],"is_trial":false,"path_per_floor":["M","M","M","T","$","E","$","?","T","E","R","E","M","M","R","B"],"character_chosen":"IRONCLAD","items_purchased":["Inflame","Shrug It Off","Feel No Pain"],"campfire_rested":1,"item_purchase_floors":[5,5,7],"current_hp_per_floor":[74,75,75,75,75,44,44,44,44,15,37,25,25,22,22,0],"gold":134,"neow_bonus":"THREE_ENEMY_KILL","is_prod":false,"is_daily":false,"chose_seed":false,"campfire_upgraded":1,"win_rate":0,"timestamp":1544532851,"path_taken":["M","M","?","?","$","E","?","?","T","E","R","E","M","M","R","BOSS"],"build_version":"2018-12-10","purchased_purges":0,"victory":false,"max_hp_per_floor":[75,75,75,75,75,75,75,75,75,75,75,75,75,75,75,75],"card_choices":[{"not_picked":["Heavy Blade","Havoc"],"picked":"Wild Strike","floor":1.0},{"not_picked":["Warcry","Headbutt"],"picked":"Twin Strike","floor":2.0},{"not_picked":["Combust","Heavy Blade"],"picked":"Shrug It Off","floor":3.0},{"not_picked":["Havoc","Dark Embrace"],"picked":"Armaments","floor":6.0},{"not_picked":["Clash","Fire Breathing"],"picked":"Twin Strike","floor":10.0},{"not_picked":["Rage","Rampage"],"picked":"True Grit","floor":12.0},{"not_picked":["Headbutt","Wild Strike"],"picked":"Clothesline","floor":13.0},{"not_picked":["Flex","Thunderclap"],"picked":"Uppercut","floor":14.0}],"player_experience":998668,"relics_obtained":[{"floor":4.0,"key":"Matryoshka"},{"floor":6.0,"key":"Darkstone Periapt"},{"floor":9.0,"key":"Omamori"},{"floor":9.0,"key":"Centennial Puzzle"},{"floor":10.0,"key":"Juzu Bracelet"},{"floor":12.0,"key":"Bottled Lightning"}],"event_choices":[{"damage_healed":0.0,"max_hp_gain":0.0,"max_hp_loss":0.0,"gold_gain":0.0,"event_name":"Living Wall","player_choice":"Grow","floor":8.0,"gold_loss":0.0,"damage_taken":0.0,"cards_upgraded":["Inflame"]}],"is_beta":true,"boss_relics":[],"items_purged_floors":[],"is_endless":false,"potions_floor_spawned":[1,2,6,14],"killed_by":"Slime Boss","ascension_level":19}