{"gold_per_floor":[115,15,15,39,53,53,87,111,111,141,141,185,185,201,201,297,297,318,13,26,26,26,60,60,60,60,60,80,112,28,43,43,115,115,127,139,150,150,167,167,195,195,195,241,241,275,275,306,306,306,306,306,306,122,149,149],"floor_reached":57,"playtime":2782,"items_purged":["Strike_R"],"score":3147,"play_id":"cd1ef38c-a9e7-47bf-b160-4f9d2b96f852","local_time":"20190710234247","is_ascension_mode":true,"campfire_choices":[{"data":"Whirlwind","floor":6.0,"key":"SMITH"},{"data":"Berserk","floor":13.0,"key":"SMITH"},{"data":"Bash","floor":15.0,"key":"SMITH"},{"data":"Offering","floor":24.0,"key":"SMITH"},{"data":"Anger","floor":27.0,"key":"SMITH"},{"data":"Feel No Pain","floor":32.0,"key":"SMITH"},{"data":"Shockwave","floor":40.0,"key":"SMITH"},{"floor":42.0,"key":"RECALL"},{"data":"Disarm","floor":47,"key":"SMITH"},{"data":"Corruption","floor":49,"key":"SMITH"},{"data":"Corruption","floor":53,"key":"SMITH"}],"neow_cost":"NONE","seed_source_timestamp":47988858256234,"circlet_count":0,"master_deck":["AscendersBane","Defend_R","Defend_R+1","Defend_R","Defend_R","Bash+1","Berserk+1","Whirlwind+1","Shrug It Off","Twin Strike","Pommel Strike","Flame Barrier+1","Offering+1","Shrug It Off","Impervious","Shrug It Off+1","Corruption+1","Anger+1","Corruption+1","Flame Barrier+1","Feel No Pain+1","Pummel","Feed","Shockwave+1","Feel No Pain+1","Reaper","Ghostly Armor+1","Shrug It Off+1","Disarm+1","Shrug It Off","Shockwave","Heavy Blade+1"],"special_seed":0,"relics":["Burning Blood","Bloody Idol","Meat on the Bone","Self Forming Clay","Oddly Smooth Stone","War Paint","Empty Cage","Brimstone","Dream Catcher","Ice Cream","Pantograph","Runic Pyramid","Red Skull","StoneCalendar","Bag of Marbles","FossilizedHelix","Magic Flower"],"potions_floor_usage":[54],"damage_taken":[{"damage":7.0,"enemies":"Cultist","floor":1.0,"turns":4.0},{"damage":11.0,"enemies":"Small Slimes","floor":4.0,"turns":5.0},{"damage":4.0,"enemies":"Jaw Worm","floor":5.0,"turns":3.0},{"damage":22.0,"enemies":"Lagavulin","floor":7.0,"turns":7.0},{"damage":5.0,"enemies":"Blue Slaver","floor":8.0,"turns":4.0},{"damage":10.0,"enemies":"3 Sentries","floor":12.0,"turns":4.0},{"damage":6.0,"enemies":"Large Slime","floor":14.0,"turns":7.0},{"damage":6.0,"enemies":"Slime Boss","floor":16.0,"turns":6.0},{"damage":24.0,"enemies":"Chosen","floor":18.0,"turns":5.0},{"damage":27.0,"enemies":"Spheric Guardian","floor":20.0,"turns":4.0},{"damage":34.0,"enemies":"Slavers","floor":23.0,"turns":3.0},{"damage":6.0,"enemies":"Snake Plant","floor":28.0,"turns":3.0},{"damage":7.0,"enemies":"Book of Stabbing","floor":29.0,"turns":4.0},{"damage":9.0,"enemies":"Shelled Parasite and Fungi","floor":31.0,"turns":4.0},{"damage":36.0,"enemies":"Champ","floor":33.0,"turns":7.0},{"damage":0.0,"enemies":"3 Shapes","floor":35.0,"turns":3.0},{"damage":15.0,"enemies":"3 Darklings","floor":36.0,"turns":4.0},{"damage":9.0,"enemies":"4 Shapes","floor":37.0,"turns":6.0},{"damage":0.0,"enemies":"Maw","floor":39.0,"turns":7.0},{"damage":6.0,"enemies":"Giant Head","floor":41.0,"turns":6.0},{"damage":40.0,"enemies":"2 Orb Walkers","floor":44.0,"turns":3.0},{"damage":18.0,"enemies":"Nemesis","floor":46.0,"turns":5.0},{"damage":6,"enemies":"Giant Head","floor":48,"turns":6},{"damage":0,"enemies":"Donu and Deca","floor":50,"turns":7},{"damage":17,"enemies":"Time Eater","floor":51,"turns":7},{"damage":0,"enemies":"Shield and Spear","floor":55,"turns":6},{"damage":14,"enemies":"The Heart","floor":56,"turns":8}],"seed_played":"4361124382236431756","potions_obtained":[{"floor":4.0,"key":"Swift Potion"},{"floor":8.0,"key":"AttackPotion"},{"floor":16.0,"key":"Regen Potion"},{"floor":23.0,"key":"Regen Potion"},{"floor":35.0,"key":"Weak Potion"},{"floor":46,"key":"Fruit Juice"}],"is_trial":false,"path_per_floor":["M","$","?","M","M","R","E","M","T","?","?","E","R","M","R","B",null,"M","$","M","?","$","E","R","?","T","R","M","E","$","M","R","B",null,"M","M","M","?","M","R","E","R","T","?","?","E","R","E","R","B","B",null,"R","$","E","B",null],"character_chosen":"IRONCLAD","items_purchased":["Shrug It Off","Brimstone","Corruption","Feel No Pain","AttackPotion","AttackPotion","Shockwave"],"campfire_rested":0,"item_purchase_floors":[2,19,19,30,54,54,54],"current_hp_per_floor":[67,67,67,62,64,64,48,49,49,49,54,50,50,50,50,50,67,49,49,40,40,40,29,29,29,29,29,46,50,50,52,52,48,67,73,72,77,77,82,82,85,85,85,56,56,77,77,91,91,94,83,91,91,96,102,102],"gold":149,"neow_bonus":"ONE_RANDOM_RARE_CARD","is_prod":false,"is_daily":false,"chose_seed":false,"campfire_upgraded":10,"win_rate":0,"timestamp":1562794967,"path_taken":["M","$","?","M","M","R","E","M","T","?","?","E","R","?","R","BOSS","M","$","M","?","$","E","R","?","T","R","M","E","$","M","R","BOSS","M","M","M","?","M","R","E","R","T","?","?","E","R","E","R","BOSS","BOSS","R","$","E","BOSS"],"build_version":"2019-07-05","purchased_purges":1,"victory":true,"max_hp_per_floor":[75,75,68,68,68,68,68,68,68,68,73,73,73,73,73,73,73,73,73,73,73,73,73,73,73,73,73,73,73,73,73,73,73,73,73,76,79,79,82,82,85,85,85,85,85,88,88,91,91,94,94,94,94,99,102,105],"card_choices":[{"not_picked":["Heavy Blade","Dual Wield"],"picked":"Whirlwind","floor":1.0},{"not_picked":["Power Through","Cleave"],"picked":"Twin Strike","floor":4.0},{"not_picked":["Sentinel","Iron Wave"],"picked":"Pommel Strike","floor":5.0},{"not_picked":["Flex","Cleave"],"picked":"Flame Barrier","floor":7.0},{"not_picked":["Twin Strike","Warcry"],"picked":"Offering","floor":8.0},{"not_picked":["Wild Strike","Havoc"],"picked":"Shrug It Off","floor":12.0},{"not_picked":["Seeing Red","Warcry","Headbutt"],"picked":"SKIP","floor":14.0},{"not_picked":["Immolate","Limit Break"],"picked":"Impervious","floor":16.0},{"not_picked":["Perfected Strike","Sever Soul"],"picked":"Shrug It Off+1","floor":18.0},{"not_picked":["Havoc","True Grit"],"picked":"Ghostly Armor+1","floor":20.0},{"not_picked":["Rage","Warcry","Clash"],"picked":"SKIP","floor":23.0},{"not_picked":["Ghostly Armor","Headbutt","Reckless Charge+1"],"picked":"SKIP","floor":28.0},{"not_picked":["Twin Strike","Fire Breathing"],"picked":"Flame Barrier+1","floor":29.0},{"not_picked":["Clash","Sever Soul"],"picked":"Pummel","floor":31.0},{"not_picked":["Berserk","Offering"],"picked":"Feed","floor":33.0},{"not_picked":["Rupture","Body Slam"],"picked":"Shockwave","floor":35.0},{"not_picked":["Fire Breathing","True Grit+1"],"picked":"Feel No Pain+1","floor":36.0},{"not_picked":["Clash+1","Iron Wave","Perfected Strike"],"picked":"SKIP","floor":37.0},{"not_picked":["Clothesline+1","Thunderclap"],"picked":"Reaper","floor":39.0},{"not_picked":["Hemokinesis+1","Searing Blow+1"],"picked":"Ghostly Armor+1","floor":41.0},{"not_picked":["True Grit","Thunderclap+1"],"picked":"Shrug It Off+1","floor":44.0},{"not_picked":["Flex","Body Slam+1"],"picked":"Disarm","floor":46},{"not_picked":["Ghostly Armor","Sever Soul"],"picked":"Shrug It Off","floor":48},{"not_picked":["Pommel Strike","Shrug It Off"],"picked":"Heavy Blade+1","floor":55}],"player_experience":1788761,"relics_obtained":[{"floor":7.0,"key":"Meat on the Bone"},{"floor":9.0,"key":"Self Forming Clay"},{"floor":12.0,"key":"War Paint"},{"floor":23.0,"key":"Dream Catcher"},{"floor":26.0,"key":"Ice Cream"},{"floor":29.0,"key":"Pantograph"},{"floor":41.0,"key":"Red Skull"},{"floor":44.0,"key":"StoneCalendar"},{"floor":46,"key":"Bag of Marbles"},{"floor":48,"key":"FossilizedHelix"},{"floor":55,"key":"Magic Flower"}],"event_choices":[{"damage_healed":0.0,"max_hp_gain":0.0,"max_hp_loss":7.0,"gold_gain":0.0,"event_name":"Golden Idol","player_choice":"Lose Max HP","floor":3.0,"gold_loss":0.0,"damage_taken":0.0,"relics_obtained":["Golden Idol"]},{"damage_healed":0.0,"max_hp_gain":0.0,"max_hp_loss":0.0,"gold_gain":30.0,"event_name":"Dead Adventurer","player_choice":"Searched \u00272\u0027 times","floor":10.0,"gold_loss":0.0,"damage_taken":0.0,"relics_obtained":["Oddly Smooth Stone"]},{"damage_healed":0.0,"max_hp_gain":5.0,"max_hp_loss":0.0,"gold_gain":0.0,"event_name":"Big Fish","player_choice":"Donut","floor":11.0,"gold_loss":0.0,"damage_taken":0.0},{"damage_healed":0.0,"max_hp_gain":0.0,"max_hp_loss":0.0,"gold_gain":0.0,"event_name":"Forgotten Altar","player_choice":"Gave Idol","floor":21.0,"relics_lost":["Golden Idol"],"gold_loss":0.0,"damage_taken":0.0,"relics_obtained":["Bloody Idol"]},{"damage_healed":0.0,"max_hp_gain":0.0,"max_hp_loss":0.0,"gold_gain":0.0,"cards_transformed":["Strike_R","Strike_R"],"event_name":"Drug Dealer","player_choice":"Became Test Subject","floor":25.0,"gold_loss":0.0,"damage_taken":0.0,"cards_obtained":["Anger","Corruption"]},{"cards_removed":["Ghostly Armor"],"damage_healed":0.0,"max_hp_gain":0.0,"max_hp_loss":0.0,"gold_gain":0.0,"event_name":"Falling","player_choice":"Removed Skill","floor":38.0,"gold_loss":0.0,"damage_taken":0.0},{"damage_healed":0.0,"max_hp_gain":0.0,"max_hp_loss":0.0,"gold_gain":0.0,"event_name":"Mysterious Sphere","player_choice":"Fight","floor":44.0,"gold_loss":0.0,"damage_taken":0.0},{"damage_healed":0.0,"max_hp_gain":0.0,"max_hp_loss":0.0,"gold_gain":0.0,"event_name":"Tomb of Lord Red Mask","player_choice":"Ignored","floor":45.0,"gold_loss":0.0,"damage_taken":0.0}],"is_beta":false,"boss_relics":[{"not_picked":["Lizard Tail","Orrery"],"picked":"Empty Cage"},{"not_picked":["Calling Bell","Busted Crown"],"picked":"Runic Pyramid"}],"items_purged_floors":[2],"is_endless":false,"potions_floor_spawned":[4,8,16,23,31,35,37,46],"ascension_level":20}