{"gold_per_floor":[114,125,137,187,202,202,227,227,227,16,16,16,31,48,48,126,126,145,70,70,70,83,83],"floor_reached":23,"playtime":1615,"items_purged":[],"score":344,"play_id":"6a6cb22a-fd0b-4757-8b3d-6f2626c13bad","local_time":"20181030002618","is_ascension_mode":true,"campfire_choices":[{"data":"Body Slam","floor":6.0,"key":"SMITH"},{"data":"Immolate","floor":8.0,"key":"SMITH"},{"data":"Apotheosis","floor":11.0,"key":"SMITH"},{"floor":15.0,"key":"REST"}],"neow_cost":"NONE","seed_source_timestamp":0,"circlet_count":0,"master_deck":["Strike_R","Strike_R","Strike_R","Strike_R","Defend_R","Defend_R","Defend_R","Defend_R","Bash","AscendersBane","Immolate+1","Shrug It Off","Shrug It Off","Body Slam+1","Offering","Metallicize","Apotheosis+1","Dropkick","Impervious","Clothesline","RitualDagger","Body Slam"],"special_seed":0,"relics":["Burning Blood","Art of War","Boot","Black Star","MutagenicStrength"],"potions_floor_usage":[],"damage_taken":[{"damage":5.0,"enemies":"2 Louse","floor":1.0,"turns":2.0},{"damage":0.0,"enemies":"Cultist","floor":2.0,"turns":2.0},{"damage":0.0,"enemies":"Small Slimes","floor":3.0,"turns":2.0},{"damage":9.0,"enemies":"Looter","floor":5.0,"turns":3.0},{"damage":51.0,"enemies":"Lagavulin","floor":7.0,"turns":7.0},{"damage":1.0,"enemies":"3 Louse","floor":13.0,"turns":2.0},{"damage":0.0,"enemies":"2 Fungi Beasts","floor":14.0,"turns":3.0},{"damage":15.0,"enemies":"The Guardian","floor":16.0,"turns":10.0},{"damage":45.0,"enemies":"Shell Parasite","floor":18.0,"turns":7.0},{"damage":6.0,"enemies":"Spheric Guardian","floor":22.0,"turns":3.0},{"damage":0,"enemies":"Book of Stabbing","floor":23,"turns":1}],"seed_played":"3679418889894157356","potions_obtained":[{"floor":13.0,"key":"SpeedPotion"},{"floor":16.0,"key":"SteroidPotion"}],"is_trial":false,"path_per_floor":["M","M","M","?","M","R","E","R","T","$","R","$","M","M","R","B",null,"M","?","?","?","M"],"character_chosen":"IRONCLAD","items_purchased":["Apotheosis"],"campfire_rested":1,"item_purchase_floors":[10],"current_hp_per_floor":[69,75,75,75,72,72,27,27,27,27,27,27,32,38,60,51,69,30,30,24,24,24,24],"gold":83,"neow_bonus":"ONE_RANDOM_RARE_CARD","is_prod":false,"is_daily":false,"chose_seed":false,"campfire_upgraded":3,"win_rate":0,"timestamp":1540855578,"path_taken":["M","M","M","?","M","R","E","R","T","?","R","$","M","M","R","BOSS","M","?","?","?","M","E"],"build_version":"2018-10-29v2","purchased_purges":0,"victory":false,"max_hp_per_floor":[75,75,75,75,75,75,75,75,75,75,75,75,75,75,75,75,75,75,75,75,75,75,75],"card_choices":[{"not_picked":["Warcry","Wild Strike"],"picked":"Shrug It Off","floor":1.0},{"not_picked":["Combust","Dropkick"],"picked":"Shrug It Off","floor":2.0},{"not_picked":["Anger","Evolve"],"picked":"Body Slam","floor":3.0},{"not_picked":["Reckless Charge","Twin Strike"],"picked":"Offering","floor":5.0},{"not_picked":["Bloodletting","Infernal Blade"],"picked":"Metallicize","floor":7.0},{"not_picked":["Cleave","Heavy Blade"],"picked":"Dropkick","floor":13.0},{"not_picked":["Sword Boomerang","Twin Strike","Warcry"],"picked":"SKIP","floor":14.0},{"not_picked":["Feed","Exhume"],"picked":"Impervious","floor":16.0},{"not_picked":["Clash+1","Fire Breathing"],"picked":"Clothesline","floor":18.0},{"not_picked":["Cleave","Bloodletting"],"picked":"Body Slam","floor":22.0}],"player_experience":705906,"relics_obtained":[{"floor":7.0,"key":"Art of War"},{"floor":9.0,"key":"Boot"}],"event_choices":[{"damage_healed":0.0,"max_hp_gain":0.0,"max_hp_loss":0.0,"gold_gain":100.0,"event_name":"Golden Shrine","player_choice":"Pray","floor":4.0,"gold_loss":0.0,"damage_taken":0.0},{"cards_removed":["Strike_R"],"damage_healed":0.0,"max_hp_gain":0.0,"max_hp_loss":0.0,"gold_gain":0.0,"event_name":"Beggar","player_choice":"Gave Gold","floor":19.0,"gold_loss":75.0,"damage_taken":0.0},{"damage_healed":0.0,"max_hp_gain":0.0,"max_hp_loss":0.0,"gold_gain":0.0,"event_name":"Nest","player_choice":"Joined the Cult","floor":20.0,"gold_loss":0.0,"damage_taken":6.0,"cards_obtained":["RitualDagger"]},{"damage_healed":0.0,"max_hp_gain":0.0,"max_hp_loss":0.0,"gold_gain":0.0,"event_name":"Drug Dealer","player_choice":"Inject Mutagens","floor":21.0,"gold_loss":0.0,"damage_taken":0.0,"relics_obtained":["MutagenicStrength"]}],"is_beta":true,"boss_relics":[{"not_picked":["Lizard Tail","Pandora\u0027s Box"],"picked":"Black Star"}],"items_purged_floors":[],"is_endless":false,"potions_floor_spawned":[13,16],"killed_by":"Book of Stabbing","ascension_level":16}