{"gold_per_floor":[119,130,0,14,14,14,44,44,44,60,60,85,85,101,101,101],"floor_reached":16,"playtime":829,"items_purged":[],"score":220,"play_id":"797d9bb0-289f-4bee-a9a9-4e6d0a41a540","local_time":"20190705213740","is_ascension_mode":true,"campfire_choices":[{"data":"Catalyst","floor":6,"key":"SMITH"},{"floor":11,"key":"REST"},{"floor":13,"key":"REST"},{"data":"Noxious Fumes","floor":15,"key":"SMITH"}],"neow_cost":"NONE","seed_source_timestamp":40994677483609,"circlet_count":0,"master_deck":["AscendersBane","Strike_G","Strike_G","Strike_G","Strike_G","Strike_G","Defend_G","Defend_G","Defend_G","Defend_G","Defend_G","Survivor","Neutralize","Cloak And Dagger","Poisoned Stab","Bouncing Flask","Blur","Catalyst+1","Noxious Fumes+1","Escape Plan","PiercingWail","Backflip"],"relics":["Ring of the Snake","Art of War","Gambling Chip","Shovel","Dream Catcher"],"potions_floor_usage":[7,10,10],"damage_taken":[{"damage":12,"enemies":"Jaw Worm","floor":1,"turns":6},{"damage":2,"enemies":"Small Slimes","floor":2,"turns":4},{"damage":5,"enemies":"2 Louse","floor":4,"turns":3},{"damage":28,"enemies":"Gremlin Nob","floor":7,"turns":4},{"damage":4,"enemies":"Large Slime","floor":10,"turns":6},{"damage":19,"enemies":"Lagavulin","floor":12,"turns":4},{"damage":0,"enemies":"3 Louse","floor":14,"turns":4},{"damage":30,"enemies":"Slime Boss","floor":16,"turns":8}],"seed_played":"7169409915920157","potions_obtained":[{"floor":2,"key":"EntropicBrew"},{"floor":7,"key":"SkillPotion"}],"is_trial":false,"path_per_floor":["M","M","$","M","?","R","E","$","T","M","R","E","R","M","R","B"],"character_chosen":"THE_SILENT","items_purchased":["Bouncing Flask","Blur"],"campfire_rested":2,"item_purchase_floors":[3,3],"current_hp_per_floor":[47,45,45,40,40,40,12,12,12,8,27,8,27,27,27,0],"gold":101,"neow_bonus":"RANDOM_COMMON_RELIC","is_prod":false,"is_daily":false,"chose_seed":false,"campfire_upgraded":2,"win_rate":0,"timestamp":1562355460,"path_taken":["M","M","$","M","?","R","E","?","T","M","R","E","R","M","R","BOSS"],"build_version":"2019-07-01","purchased_purges":0,"victory":false,"max_hp_per_floor":[66,66,66,66,66,66,66,66,66,66,66,66,66,66,66,66],"card_choices":[{"not_picked":["Slice","Bane"],"picked":"Cloak And Dagger","floor":1},{"not_picked":["Outmaneuver","Prepared"],"picked":"Poisoned Stab","floor":2},{"not_picked":["Finisher","Quick Slash"],"picked":"Catalyst","floor":4},{"not_picked":["Adrenaline","Poisoned Stab"],"picked":"Noxious Fumes","floor":7},{"not_picked":["Quick Slash","Blade Dance"],"picked":"Escape Plan","floor":10},{"not_picked":["Deadly Poison","Bane","Prepared"],"picked":"SKIP","floor":12},{"not_picked":["Backflip","Underhanded Strike"],"picked":"PiercingWail","floor":13},{"not_picked":["Prepared","Quick Slash"],"picked":"Backflip","floor":14}],"player_experience":1773059,"relics_obtained":[{"floor":7,"key":"Gambling Chip"},{"floor":9,"key":"Shovel"},{"floor":12,"key":"Dream Catcher"}],"event_choices":[{"damage_healed":0,"gold_gain":0,"player_choice":"Ignored","damage_taken":0,"max_hp_gain":0,"max_hp_loss":0,"event_name":"Liars Game","floor":5,"gold_loss":0}],"is_beta":false,"boss_relics":[],"items_purged_floors":[],"is_endless":false,"potions_floor_spawned":[2,7],"killed_by":"Slime Boss","ascension_level":20}