{"gold_per_floor":[99,99,99,99,99,99,99,99,99,99,99,99,64,64,64,64,64,64,64,64,64,64,64,64,64,64,64,64,64,64,64,64,64],"floor_reached":33,"playtime":3580,"items_purged":[],"score":529,"play_id":"bdb1edcc-83e5-4464-8893-61a18869b4ed","local_time":"20181120164012","is_ascension_mode":true,"campfire_choices":[{"data":"Skewer","floor":6,"key":"SMITH"},{"data":"Concentrate","floor":8,"key":"SMITH"},{"data":"Neutralize","floor":10,"key":"SMITH"},{"data":"Survivor","floor":15,"key":"SMITH"},{"data":"Footwork","floor":23,"key":"SMITH"},{"data":"Dagger Spray","floor":25,"key":"SMITH"},{"floor":29,"key":"REST"},{"floor":32,"key":"REST"}],"neow_cost":"NONE","seed_source_timestamp":27898444155691,"circlet_count":0,"master_deck":["AscendersBane","Defend_G","Defend_G","Defend_G","Defend_G","Defend_G","Strike_G","Strike_G","Strike_G","Strike_G","Strike_G","Survivor+1","Neutralize+1","Skewer+1","PiercingWail","Concentrate+1","Endless Agony","Outmaneuver+1","Footwork+1","Calculated Gamble+1","Malaise+1","Dodge and Roll+1","Dagger Spray+1","Distraction+1","Dagger Throw","All Out Attack","Deadly Poison+1","Catalyst+1","Malaise+1"],"relics":["Ectoplasm","Bird Faced Urn","Tough Bandages","Toxic Egg 2","Happy Flower","Black Star","MutagenicStrength","Mercury Hourglass","Lantern","Regal Pillow"],"potions_floor_usage":[7,16,27,33,33],"damage_taken":[{"damage":0,"enemies":"Cultist","floor":1,"turns":4},{"damage":4,"enemies":"Jaw Worm","floor":2,"turns":3},{"damage":7,"enemies":"Small Slimes","floor":3,"turns":4},{"damage":7,"enemies":"3 Sentries","floor":7,"turns":7},{"damage":2,"enemies":"Gremlin Nob","floor":11,"turns":3},{"damage":12,"enemies":"3 Sentries","floor":12,"turns":7},{"damage":14,"enemies":"3 Louse","floor":14,"turns":4},{"damage":4,"enemies":"The Guardian","floor":16,"turns":14},{"damage":9,"enemies":"Chosen","floor":18,"turns":9},{"damage":0,"enemies":"3 Byrds","floor":21,"turns":9},{"damage":17,"enemies":"Snake Plant","floor":22,"turns":9},{"damage":11,"enemies":"Centurion and Healer","floor":24,"turns":11},{"damage":1,"enemies":"Cultist and Chosen","floor":27,"turns":8},{"damage":13,"enemies":"Snake Plant","floor":28,"turns":2},{"damage":0,"enemies":"Book of Stabbing","floor":30,"turns":8},{"damage":6,"enemies":"3 Cultists","floor":31,"turns":6},{"damage":80,"enemies":"Champ","floor":33,"turns":12}],"seed_played":"6489440300946908768","potions_obtained":[{"floor":1,"key":"SpeedPotion"},{"floor":2,"key":"SneckoOil"},{"floor":12,"key":"GamblersBrew"},{"floor":18,"key":"Ancient Potion"},{"floor":21,"key":"Block Potion"},{"floor":31,"key":"Weak Potion"}],"is_trial":false,"path_per_floor":["M","M","M","?","?","R","E","R","T","R","E","?","?","M","R","B",null,"M","?","?","M","M","R","M","R","T","M","M","R","E","M","R","B"],"character_chosen":"THE_SILENT","items_purchased":[],"campfire_rested":2,"item_purchase_floors":[],"current_hp_per_floor":[59,55,48,48,53,53,46,46,46,46,44,32,49,37,37,35,62,55,55,55,57,42,42,33,33,33,34,23,44,46,42,71,0],"gold":64,"neow_bonus":"BOSS_RELIC","is_prod":false,"is_daily":false,"chose_seed":false,"campfire_upgraded":6,"win_rate":0,"timestamp":1542728412,"path_taken":["M","M","?","?","?","R","E","R","T","R","E","?","?","M","R","BOSS","M","?","?","?","M","R","M","R","T","?","M","R","E","?","R","BOSS"],"build_version":"2018-11-15","purchased_purges":0,"victory":false,"max_hp_per_floor":[66,66,66,66,71,71,71,71,71,71,71,71,71,71,71,71,71,71,71,71,71,71,71,71,71,71,71,71,71,71,71,71,71],"card_choices":[{"not_picked":["Choke","Flying Knee"],"picked":"Skewer","floor":1},{"not_picked":["Underhanded Strike","Bane"],"picked":"PiercingWail","floor":2},{"not_picked":["Tactician","Cloak And Dagger"],"picked":"Concentrate","floor":3},{"not_picked":["Blade Dance","Slice"],"picked":"Endless Agony","floor":7},{"not_picked":["Deflect","Underhanded Strike"],"picked":"Outmaneuver","floor":11},{"not_picked":["Noxious Fumes","Bane"],"picked":"Footwork","floor":12},{"not_picked":["Dodge and Roll+1","Phantasmal Killer+1"],"picked":"Calculated Gamble+1","floor":14},{"not_picked":["Night Terror+1","After Image"],"picked":"Malaise+1","floor":16},{"not_picked":["Dagger Throw","Deadly Poison+1"],"picked":"Dodge and Roll+1","floor":18},{"not_picked":["Escape Plan+1","Blade Dance+1"],"picked":"Dagger Spray","floor":21},{"not_picked":["Catalyst+1","Bane"],"picked":"Distraction+1","floor":22},{"not_picked":["Flechettes+1","Deflect+1"],"picked":"Dagger Throw","floor":24},{"not_picked":["Acrobatics+1","Dagger Throw"],"picked":"All Out Attack","floor":27},{"not_picked":["Deflect+1","Choke+1"],"picked":"Deadly Poison+1","floor":28},{"not_picked":["PiercingWail+1","Blade Dance+1"],"picked":"Catalyst+1","floor":30},{"not_picked":["Infinite Blades","Masterful Stab"],"picked":"Malaise+1","floor":31}],"player_experience":844271,"relics_obtained":[{"floor":7,"key":"Bird Faced Urn"},{"floor":9,"key":"Tough Bandages"},{"floor":11,"key":"Toxic Egg 2"},{"floor":12,"key":"Happy Flower"},{"floor":26,"key":"Mercury Hourglass"},{"floor":30,"key":"Lantern"},{"floor":30,"key":"Regal Pillow"}],"event_choices":[{"damage_healed":0,"gold_gain":0,"player_choice":"Ignored","damage_taken":0,"max_hp_gain":0,"max_hp_loss":0,"event_name":"Liars Game","floor":4,"gold_loss":0},{"damage_healed":0,"gold_gain":0,"player_choice":"Donut","damage_taken":0,"max_hp_gain":5,"max_hp_loss":0,"event_name":"Big Fish","floor":5,"gold_loss":0},{"damage_healed":0,"gold_gain":0,"player_choice":"Searched \u00272\u0027 times","damage_taken":0,"max_hp_gain":0,"max_hp_loss":0,"event_name":"Dead Adventurer","floor":12,"gold_loss":0},{"damage_healed":17,"gold_gain":0,"player_choice":"Healed","damage_taken":0,"max_hp_gain":0,"max_hp_loss":0,"event_name":"The Cleric","floor":13,"gold_loss":35},{"damage_healed":0,"gold_gain":0,"player_choice":"Inject Mutagens","damage_taken":0,"relics_obtained":["MutagenicStrength"],"max_hp_gain":0,"max_hp_loss":0,"event_name":"Drug Dealer","floor":20,"gold_loss":0}],"is_beta":true,"boss_relics":[{"not_picked":["WristBlade","White Beast Statue"],"picked":"Black Star"}],"items_purged_floors":[],"is_endless":false,"potions_floor_spawned":[1,2,12,18,21,31],"killed_by":"Champ","ascension_level":15}