{"gold_per_floor":[113,113,188,30,41,41,76,76,76,76,93,422,433,461,461,535,535,553,553,565,575,185,185,285,285],"floor_reached":25,"playtime":2675,"items_purged":["Strike_G","Strike_G"],"score":488,"play_id":"e51235df-9db3-4ad1-a9c6-e5eaedbff60b","local_time":"20190323223130","is_ascension_mode":true,"campfire_choices":[{"data":"Noxious Fumes","floor":6,"key":"SMITH"},{"data":"Neutralize","floor":10,"key":"SMITH"},{"floor":15,"key":"REST"},{"data":"A Thousand Cuts","floor":23,"key":"SMITH"}],"neow_cost":"NONE","seed_source_timestamp":17378373824919,"circlet_count":0,"master_deck":["AscendersBane","Defend_G","Defend_G","Defend_G","Defend_G","Defend_G","Strike_G+1","Strike_G+1","Survivor","Neutralize+1","Choke","Noxious Fumes+1","PiercingWail","Doppelganger","Backflip","Blade Dance","Adrenaline","Poisoned Stab","Calculated Gamble","Acrobatics","A Thousand Cuts+1","PiercingWail","Poisoned Stab","Deflect+1"],"relics":["Ring of the Snake","NeowsBlessing","Dodecahedron","Ninja Scroll","Shuriken","Old Coin","Pen Nib","Philosopher\u0027s Stone","Peace Pipe","Kunai"],"potions_floor_usage":[20,24],"damage_taken":[{"damage":0,"enemies":"Small Slimes","floor":1,"turns":1},{"damage":0,"enemies":"2 Louse","floor":5,"turns":1},{"damage":0,"enemies":"Lagavulin","floor":7,"turns":1},{"damage":0,"enemies":"Jaw Worm","floor":11,"turns":3},{"damage":6,"enemies":"Gremlin Nob","floor":12,"turns":3},{"damage":0,"enemies":"Looter","floor":13,"turns":3},{"damage":11,"enemies":"3 Sentries","floor":14,"turns":6},{"damage":8,"enemies":"The Guardian","floor":16,"turns":12},{"damage":16,"enemies":"Shell Parasite","floor":18,"turns":6},{"damage":0,"enemies":"Chosen","floor":20,"turns":2},{"damage":1,"enemies":"Centurion and Healer","floor":21,"turns":6},{"damage":13,"enemies":"Colosseum Slavers","floor":24,"turns":6},{"damage":27,"enemies":"Colosseum Nobs","floor":24,"turns":5},{"damage":9,"enemies":"Book of Stabbing","floor":25,"turns":4}],"seed_played":"8691221108500354380","potions_obtained":[{"floor":1,"key":"Block Potion"},{"floor":7,"key":"GhostInAJar"},{"floor":16,"key":"AttackPotion"},{"floor":20,"key":"Fruit Juice"}],"is_trial":false,"path_per_floor":["M","?","?","$","M","R","E","?","T","R","M","E","M","E","R","B",null,"M","?","M","M","$","R","?","E"],"character_chosen":"THE_SILENT","items_purchased":["Noxious Fumes","A Thousand Cuts","PiercingWail","Poisoned Stab"],"campfire_rested":1,"item_purchase_floors":[4,22,22,22],"current_hp_per_floor":[59,39,39,39,39,39,39,34,34,34,34,28,28,17,36,28,57,41,41,46,45,45,45,5,0],"gold":285,"neow_bonus":"THREE_ENEMY_KILL","is_prod":false,"is_daily":false,"chose_seed":false,"campfire_upgraded":3,"win_rate":0,"timestamp":1553376690,"path_taken":["M","?","?","$","M","R","E","?","T","R","?","E","M","E","R","BOSS","M","?","M","?","$","R","?","E"],"build_version":"2019-01-23","purchased_purges":2,"victory":false,"max_hp_per_floor":[66,66,66,66,66,66,66,66,66,66,66,66,66,66,66,66,66,66,66,71,71,71,71,71,71],"card_choices":[{"not_picked":["Leg Sweep","Outmaneuver"],"picked":"Choke","floor":1},{"not_picked":["Dodge and Roll","Slice"],"picked":"PiercingWail","floor":5},{"not_picked":["Escape Plan","Acrobatics"],"picked":"Doppelganger","floor":7},{"not_picked":["Deflect","PiercingWail"],"picked":"Backflip","floor":11},{"not_picked":["PiercingWail","Heel Hook"],"picked":"Blade Dance","floor":12},{"not_picked":["Underhanded Strike","Skewer","Dagger Spray"],"picked":"SKIP","floor":13},{"not_picked":["Distraction","Phantasmal Killer","Choke"],"picked":"SKIP","floor":14},{"not_picked":["Burst","Bullet Time"],"picked":"Adrenaline","floor":16},{"not_picked":["Underhanded Strike","Dodge and Roll"],"picked":"Poisoned Stab","floor":18},{"not_picked":["Dodge and Roll","Deflect"],"picked":"Acrobatics","floor":20},{"not_picked":["Deflect","Acrobatics","Quick Slash"],"picked":"SKIP","floor":21},{"not_picked":["Deadly Poison","Outmaneuver"],"picked":"Deflect+1","floor":24}],"player_experience":1469444,"relics_obtained":[{"floor":7,"key":"Dodecahedron"},{"floor":9,"key":"Shuriken"},{"floor":12,"key":"Old Coin"},{"floor":14,"key":"Pen Nib"},{"floor":24,"key":"Peace Pipe"},{"floor":24,"key":"Kunai"}],"event_choices":[{"damage_healed":0,"gold_gain":0,"player_choice":"Entered Light","damage_taken":20,"max_hp_gain":0,"max_hp_loss":0,"event_name":"Shining Light","floor":2,"gold_loss":0,"cards_upgraded":["Strike_G","Strike_G"]},{"damage_healed":0,"gold_gain":75,"player_choice":"Gained Gold","damage_taken":0,"max_hp_gain":0,"max_hp_loss":0,"event_name":"Golden Wing","floor":3,"gold_loss":0},{"damage_healed":0,"gold_gain":0,"player_choice":"Success","damage_taken":5,"relics_obtained":["Ninja Scroll"],"max_hp_gain":0,"max_hp_loss":0,"event_name":"Scrap Ooze","floor":8,"gold_loss":0},{"damage_healed":0,"gold_gain":0,"cards_transformed":["Strike_G"],"player_choice":"Transformed","damage_taken":0,"max_hp_gain":0,"max_hp_loss":0,"event_name":"Transmorgrifier","floor":19,"gold_loss":0,"cards_obtained":["Calculated Gamble"]},{"damage_healed":0,"gold_gain":0,"player_choice":"Fight","damage_taken":0,"max_hp_gain":0,"max_hp_loss":0,"event_name":"Colosseum","floor":24,"gold_loss":0},{"damage_healed":0,"gold_gain":0,"player_choice":"Fought Nobs","damage_taken":0,"max_hp_gain":0,"max_hp_loss":0,"event_name":"Colosseum","floor":24,"gold_loss":0}],"is_beta":false,"boss_relics":[{"not_picked":["Busted Crown","White Beast Statue"],"picked":"Philosopher\u0027s Stone"}],"items_purged_floors":[4,22],"is_endless":false,"potions_floor_spawned":[1,7,14,16,20,24],"killed_by":"Book of Stabbing","ascension_level":20}