{"gold_per_floor":[118,131,131,148,167,195,209,209],"floor_reached":8,"playtime":2305,"items_purged":[],"score":102,"play_id":"b522ddb1-d87a-46dd-aee8-4807c45d6440","local_time":"20181105223521","is_ascension_mode":true,"campfire_choices":[],"neow_cost":"NONE","seed_source_timestamp":4567988153001,"circlet_count":0,"master_deck":["AscendersBane","Defend_G","Defend_G","Defend_G","Defend_G","Defend_G","Strike_G","Strike_G","Strike_G","Strike_G","Survivor","Neutralize","Backflip","Quick Slash","Sucker Punch","PiercingWail","Backflip","Deadly Poison","Dagger Throw"],"relics":["Ring of the Snake","NeowsBlessing","Singing Bowl"],"potions_floor_usage":[6,6],"damage_taken":[{"damage":0,"enemies":"Jaw Worm","floor":1,"turns":1},{"damage":0,"enemies":"Cultist","floor":2,"turns":1},{"damage":0,"enemies":"Small Slimes","floor":4,"turns":1},{"damage":4,"enemies":"2 Fungi Beasts","floor":5,"turns":4},{"damage":14,"enemies":"Gremlin Nob","floor":6,"turns":5},{"damage":9,"enemies":"Exordium Thugs","floor":7,"turns":5},{"damage":35,"enemies":"Lagavulin","floor":8,"turns":7}],"seed_played":"4114145800359002379","potions_obtained":[{"floor":2,"key":"AttackPotion"},{"floor":5,"key":"Block Potion"}],"is_trial":false,"path_per_floor":["M","M","?","M","M","E","M","E"],"character_chosen":"THE_SILENT","items_purchased":[],"campfire_rested":0,"item_purchase_floors":[],"current_hp_per_floor":[59,59,59,59,55,41,32,0],"gold":209,"neow_bonus":"THREE_ENEMY_KILL","is_prod":false,"is_daily":false,"chose_seed":false,"campfire_upgraded":0,"win_rate":0,"timestamp":1541453721,"path_taken":["M","M","?","?","?","E","M","E"],"build_version":"2018-11-02","purchased_purges":0,"victory":false,"max_hp_per_floor":[66,66,66,66,66,66,66,66],"card_choices":[{"not_picked":["Acrobatics","Underhanded Strike"],"picked":"Backflip","floor":1},{"not_picked":["Acrobatics","Bane"],"picked":"Quick Slash","floor":2},{"not_picked":["Riddle With Holes","Acrobatics"],"picked":"PiercingWail","floor":4},{"not_picked":["Tactician","Storm of Steel"],"picked":"Backflip","floor":5},{"not_picked":["Terror","Cloak And Dagger"],"picked":"Deadly Poison","floor":6},{"not_picked":["Acrobatics","Blade Dance"],"picked":"Dagger Throw","floor":7}],"player_experience":747940,"relics_obtained":[{"floor":6,"key":"Singing Bowl"}],"event_choices":[{"damage_healed":0,"gold_gain":0,"cards_transformed":["Strike_G"],"player_choice":"Transformed","damage_taken":0,"max_hp_gain":0,"max_hp_loss":0,"event_name":"Transmorgrifier","floor":3,"gold_loss":0,"cards_obtained":["Sucker Punch"]}],"is_beta":true,"boss_relics":[],"items_purged_floors":[],"is_endless":false,"potions_floor_spawned":[2,5],"killed_by":"Lagavulin","ascension_level":14}