{"path_per_floor":["M","M","M","M","?","R","E","M","T","R","?","$","R","M","R","B",null,"M","$","M","M","M","R","M","R","T","E","T","E","?","M","R"],"character_chosen":"DEFECT","items_purchased":["Apotheosis","Blood Vial"],"gold_per_floor":[115,135,146,163,163,163,189,205,274,274,449,36,36,54,54,157,157,175,175,187,205,218,218,231,231,231,256,283,345,345,358,358,358],"floor_reached":33,"campfire_rested":3,"playtime":1663,"current_hp_per_floor":[75,74,74,74,74,74,74,64,64,64,64,64,64,66,66,41,75,69,69,57,54,34,56,23,45,45,30,30,5,5,14,36,0],"items_purged":["Doubt"],"gold":358,"score":330,"play_id":"b9c1228a-f5b6-4c01-8af9-c98c5c00f8e7","local_time":"20180518002501","is_prod":false,"is_daily":false,"chose_seed":false,"is_ascension_mode":true,"campfire_upgraded":4,"timestamp":1526595901,"campfire_choices":[{"data":"Hyperbeam","floor":6,"key":"SMITH"},{"data":"Chill","floor":10,"key":"SMITH"},{"data":"Apotheosis","floor":13,"key":"SMITH"},{"data":"Double Energy","floor":15,"key":"SMITH"},{"floor":23,"key":"REST"},{"floor":25,"key":"REST"},{"floor":32,"key":"REST"}],"path_taken":["M","M","M","M","?","R","E","M","T","R","?","$","R","?","R","BOSS","M","?","M","?","M","R","M","R","T","E","?","E","?","M","R","BOSS"],"build_version":"2018-05-17","seed_source_timestamp":53778549529292,"purchased_purges":2,"victory":false,"master_deck":["Strike_B","Strike_B","Strike_B","Defend_B","Defend_B","Defend_B","Defend_B","Zap","Dualcast","Hyperbeam+1","Beam Cell","Chill+1","Darkness","Sweeping Beam","Nova","Biased Cognition","Double Energy+1","Apotheosis+1","Streamline","Amplify","Skim","Hello World","Loop","Aggregate","Tempest+1","Self Repair","Axe Kick","Go for the Eyes+1"],"max_hp_per_floor":[75,75,75,75,75,75,75,75,75,75,75,75,75,75,75,75,75,75,75,75,75,75,75,75,75,75,75,75,75,75,75,75,75],"relics":["Cracked Core","Happy Flower","Letter Opener","Blood Vial","Black Star","Bottled Flame","Du-Vu Doll","Gambling Chip","Juzu Bracelet","Tiny Chest","Bag of Preparation"],"card_choices":[{"not_picked":["Cold Snap","Barrage"],"picked":"Beam Cell","floor":1},{"not_picked":["Rebound","FTL"],"picked":"Chill","floor":2},{"not_picked":["FTL","Go for the Eyes"],"picked":"Darkness","floor":3},{"not_picked":["Coolheaded","Hologram"],"picked":"Sweeping Beam","floor":4},{"not_picked":["Skim","Defragment"],"picked":"Biased Cognition","floor":7},{"not_picked":["Genetic Algorithm","Steam"],"picked":"Double Energy","floor":8},{"not_picked":["Capacitor","Stack"],"picked":"Streamline","floor":14},{"not_picked":["Thunder Strike","Meteor Strike"],"picked":"Amplify","floor":16},{"not_picked":["Ball Lightning","Capacitor"],"picked":"Skim","floor":18},{"not_picked":["Streamline+1","Turbo"],"picked":"Hello World","floor":20},{"not_picked":["Redo","Turbo"],"picked":"Loop","floor":21},{"not_picked":["Hologram","Cold Snap"],"picked":"Aggregate","floor":22},{"not_picked":["Skim","Beam Cell"],"picked":"Tempest+1","floor":24},{"not_picked":["Tempest","Reboot"],"picked":"Self Repair","floor":27},{"not_picked":["Genetic Algorithm","Coolheaded"],"picked":"Axe Kick","floor":29},{"not_picked":["Barrage","Turbo+1"],"picked":"Go for the Eyes+1","floor":31}],"player_experience":164910,"potions_floor_usage":[7,16,16,21,22,27,31,33],"damage_taken":[{"damage":0,"enemies":"2 Louse","floor":1,"turns":2},{"damage":1,"enemies":"Cultist","floor":2,"turns":4},{"damage":0,"enemies":"Jaw Worm","floor":3,"turns":1},{"damage":0,"enemies":"2 Fungi Beasts","floor":4,"turns":2},{"damage":0,"enemies":"3 Sentries","floor":7,"turns":2},{"damage":10,"enemies":"Looter","floor":8,"turns":2},{"damage":0,"enemies":"Blue Slaver","floor":14,"turns":2},{"damage":27,"enemies":"Hexaghost","floor":16,"turns":6},{"damage":6,"enemies":"Chosen","floor":18,"turns":4},{"damage":14,"enemies":"2 Thieves","floor":20,"turns":4},{"damage":5,"enemies":"Snecko","floor":21,"turns":4},{"damage":22,"enemies":"Cultist and Chosen","floor":22,"turns":6},{"damage":35,"enemies":"Slaver and Parasite","floor":24,"turns":5},{"damage":26,"enemies":"Slavers","floor":27,"turns":4},{"damage":27,"enemies":"Book of Stabbing","floor":29,"turns":5},{"damage":0,"enemies":"3 Cultists","floor":31,"turns":2},{"damage":43,"enemies":"Champ","floor":33,"turns":5}],"relics_obtained":[{"floor":7,"key":"Happy Flower"},{"floor":9,"key":"Letter Opener"},{"floor":26,"key":"Bottled Flame"},{"floor":27,"key":"Du-Vu Doll"},{"floor":27,"key":"Gambling Chip"},{"floor":28,"key":"Juzu Bracelet"},{"floor":29,"key":"Tiny Chest"},{"floor":29,"key":"Bag of Preparation"}],"event_choices":[{"event_name":"Transmorgrifier","player_choice":"Transform","floor":5,"damage_taken":0},{"event_name":"Liars Game","player_choice":"agreed","floor":11,"damage_taken":0},{"event_name":"Cursed Tome","player_choice":"Ignored","floor":30,"damage_taken":0}],"boss_relics":[{"not_picked":["Runic Pyramid","Astrolabe"],"picked":"Black Star"}],"potions_floor_spawned":[2,3,7,14,18,21,29,31],"seed_played":"-1653684374668098580","killed_by":"Champ","ascension_level":1,"potions_obtained":[{"floor":2,"key":"Regen Potion"},{"floor":3,"key":"GamblersBrew"},{"floor":7,"key":"Strength Potion"},{"floor":14,"key":"PowerPotion"},{"floor":18,"key":"Block Potion"},{"floor":21,"key":"GamblersBrew"},{"floor":29,"key":"Explosive Potion"},{"floor":31,"key":"Fire Potion"}],"is_trial":false}